3010 4822
443 231 616 294 immoletis
635 230 887 294 nnenonmnsts
1160 233 1231 310 559

99 413 235 501 cussus,
253 430 327 482 cum
345 409 408 481 alio
426 411 585 482 canonico
602 410 751 484 eiusdem
769 410 912 482 ecclesie
929 408 1015 482 dicte
1032 407 1170 480 Conone
1189 408 1231 479 de
1248 417 1318 474 1347

98 507 311 582 Fallrenstcin
329 506 474 580 decertat
491 517 623 602 propter
640 511 915 603 procurationem,
931 504 1066 578 obtinuit
1083 518 1115 578 et
1132 507 1232 578 alium

100 607 210 678 eloco
226 605 356 701 repulit
377 616 410 676 et
427 605 568 678 ecclesia
586 605 775 702 deprimitur
793 605 900 678 multis
919 608 1023 680 annis.

147 703 211 776 llic
230 725 315 798 papa
333 701 489 776 Clemens
504 725 592 775 auno
609 707 712 798 ipsius
730 705 825 776 tertio
841 702 884 773 de
901 703 1043 776 ecclesia
1055 703 1230 794 pragensi,

98 801 309 894 suffraganea
327 804 496 896 provincie
512 799 795 892 moguntinensis„
813 800 1092 895 metropolitanam
1110 804 1231 889 erexit,

97 903 301 972 constituens
318 909 354 970 ut
368 920 470 990 reges
487 897 647 970 Bohemie
664 898 704 971 ab
723 902 808 993 ipso¹
829 909 1045 987 coronentur„
1070 901 1123 993 qui
1141 901 1231 992 prius

99 994 139 1066 ab
158 996 405 1091 archiepiscopo
423 995 670 1087 Mogontinensi
688 999 836 1068 coronari
848 1005 1108 1086 consueverunt,
1124 993 1231 1070 subii-

98 1097 192 1168 ciens
210 1093 271 1167 sihi
288 1117 348 1189 pro
360 1092 571 1184 suffraganeo
583 1096 772 1188 episcopum
785 1092 1059 1182 Olmucieusem,2
1077 1103 1232 1188 etquen-

99 1191 175 1262 dam
193 1191 292 1263 alium
315 1191 574 1282 comagenam,
592 1213 688 1284 quem
713 1191 755 1262 de
772 1213 862 1265 novo
885 1189 962 1264 fecit
985 1194 1174 1286 episcopum
1199 1194 1233 1261 in

99 1311 209 1382 reguo
226 1287 385 1360 Bchemie
402 1291 535 1360 nomine
552 1287 871 1363 Lutlromusleusem.
897 1288 998 1361 Anno
1005 1291 1107 1384 ipsius
1118 1297 1232 1383 quarto

98 1409 222 1480 magna
239 1390 369 1460 caristia
386 1385 555 1459 Arinione
585 1397 619 1458 et
646 1385 764 1481 ubique
788 1379 820 1459 r‘n
848 1387 1021 1460 Provincia
1049 1397 1082 1457 et
1105 1389 1137 1458 in
1160 1385 1232 1458 lta-

96 1485 140 1556 lia
158 1485 227 1557 luit

147 1584 251 1656 Arruo
267 1581 387 1654 domini
406 1582 660 1673 m.mc.xl.[v]ii.
678 1580 808 1678 quidam
826 1581 1008 1671 Romanum
1028 1603 1157 1674 genere
1174 1585 1231 1653 in-

97 1679 196 1752 fimus
214 1685 248 1752 in
265 1679 359 1770 urbe,
378 1678 439 1752 sed
456 1679 613 1752 industria
642 1689 674 1750 et
691 1681 895 1774 experientia
919 1689 1068 1770 astutus,
1091 1678 1133 1751 ad
1157 1679 1232 1751 cla-

96 1800 226 1850 morem
244 1777 352 1874 populi
370 1777 509 1849 llomani
528 1777 666 1872 pulsatis
687 1780 845 1873 campinie
864 1774 1013 1872 Capitolii
1029 1777 1071 1847 de
1089 1776 1231 1849 dominio

96 1887 131 1946 et
156 1880 322 1968 regimine
344 1872 433 1948 urhis
459 1875 566 1946 Rome
592 1897 630 1946 se
654 1878 818 1970 inopinate
844 1876 1015 1948 inu-omisit
1045 1877 1124 1966 [mai
1152 1875 1231 1966 20],

96 1975 293 2065 generalem
310 1993 426 2069 pacem
452 1971 598 2062 faciens,
624 1973 742 2047 multos
770 1983 944 2064 magnates
968 1972 1117 2047 eiusdem
1142 1971 1231 2046 urbis

96 2071 256 2144 videlicet
270 2069 474 2166 Stephanum
492 2069 534 2140 de
552 2069 732 2165 Columpna
751 2075 874 2142 eteius
892 2069 992 2142 lilium
1012 2069 1147 2161 omnir,
1166 2071 1233 2142 ali-

97 2191 184 2264 quos
200 2169 356 2266 partiales
374 2166 598 2257 concordavit,
625 2167 733 2240 nullas
751 2179 861 2262 partes
880 2170 954 2240 sive
972 2165 1141 2240 Gibelinos
1158 2172 1234 2241 sive

101 2265 243 2342 Guellos
260 2272 294 2339 in
311 2264 392 2338 urbe
410 2274 444 2336 et
460 2269 558 2338 terris
574 2268 691 2339 vicinis
709 2287 787 2338 esse
800 2267 964 2356 sustinuit,
975 2276 1057 2340 etse
1070 2263 1232 2336 tribunum

97 2363 192 2437 urbis
209 2365 395 2462 appellavit.
448 2361 548 2438 Cuius
566 2361 743 2435 dominium
760 2365 818 2436 vix
844 2361 885 2434 ad
903 2359 986 2436 duos
1004 2383 1109 2436 annos
1126 2359 1232 2436 duro-

98 2466 177 2554 vit,³
196 2474 230 2535 et
245 2473 360 2558 postea
377 2461 504 2534 occulte
531 2460 573 2532 tle
596 2460 677 2532 tube
701 2463 850 2533 recessit.
893 2458 961 2530 seu
985 2459 1116 2532 tandem
1141 2461 1234 2531 venit

98 2583 190 2634 auno
207 2559 355 2636 secundo
375 2557 490 2650 [1350
505 2558 577 2647 iul]
601 2557 641 2629 ad
659 2580 778 2650 regem
788 2557 944 2630 Karolum
962 2560 995 2628 in
1006 2559 1161 2650 Pragam,
1179 2559 1232 2651 qui

95 2661 206 2752 ipsum
224 2660 411 2753 captivavit
450 2655 493 2728 Et
509 2679 593 2750 papa
616 2653 657 2728 ab
684 2659 756 2750 ipso
781 2655 921 2728 eundem
947 2657 1120 2750 repetivit,
1144 2654 1234 2726 unde

93 2753 264 2828 dominum
280 2753 459 2828 lohonuem
483 2751 526 2826 de
548 2753 685 2826 Pistoria
711 2756 901 2849 episcopum
930 2751 1145 2848 Spoleteuum
1172 2774 1232 2845 pro

92 2856 168 2946 ipso
187 2853 228 2924 atl
245 2874 363 2945 regem
380 2851 500 2943 dirigit,
529 2853 581 2945 qui
606 2849 768 2924 tribunum
796 2873 881 2946 pape
905 2853 1118 2946 presentavit
1170 2849 1235 2920 llic

91 2949 244 3024 tribunus
261 2960 375 3045 postca
393 2945 434 3020 ab
451 2947 641 3022 Innocentio
658 2971 742 3043 papa
760 2959 857 3022 sexto
871 2969 1068 3022 successore
1095 2969 1157 3020 suo
1175 2946 1231 3018 di-

92 3051 232 3138 misus,
251 3047 343 3120 etad
360 3044 475 3118 urbem
492 3069 566 3118 cum
577 3045 698 3138 gaudio
708 3046 893 3118 Romanam
910 3049 943 3118 in
954 3045 1122 3138 legatione
1132 3047 1230 3117 elus-

91 3144 172 3217 dem
190 3168 275 3240 pape
292 3165 453 3217 reversus
472 3153 532 3216 est.
560 3140 639 3216 Post
649 3146 879 3216 reversionem
894 3165 989 3215 suam
1001 3141 1129 3214 modico
1139 3151 1229 3214 tem·

89 3265 177 3411 po3re
203 3243 407 3338 supervixit,
437 3244 512 3336 quia
540 3239 580 3312 ab
603 3243 741 3314 inimicis
766 3243 835 3315 suis
859 3249 910 3312 est
932 3242 1064 3314 occisus
1092 3242 1126 3310 in
1148 3235 1230 3310 urbe

92 3341 131 3430 [1
163 3340 212 3412 54
228 3341 309 3430 oct]

141 3436 271 3511 Mam
288 3457 374 3510 anno
391 3457 453 3510 rex
469 3433 617 3529 Ungarie
637 3458 713 3508 cum
730 3458 850 3528 magua
868 3438 1010 3530 potentia
1026 3437 1123 3508 intrat
1139 3457 1226 3527 reg-

87 3557 170 3608 num
191 3533 325 3630 Aprffie,
342 3535 461 3607 volens
475 3533 643 3606 vindicare
655 3533 890 3606 necemlratris
906 3535 956 3606 sui
967 3533 1224 3623 Andreeoccisi

87 3644 124 3706 ut
143 3655 245 3726 supra
262 3631 394 3722 dictum,
410 3630 590 3725 predictum
606 3653 749 3724 regnum
765 3640 915 3727 occupat,
939 3640 972 3702 et
1001 3632 1118 3704 multos
1143 3653 1220 3702 reos

86 3730 122 3802 in
144 3739 251 3802 morte
268 3729 375 3802 ironis
394 3733 445 3802 sui
461 3727 586 3801 occidit.
625 3727 751 3802 Exiens
768 3752 875 3823 regno
892 3738 967 3824 post
983 3752 1117 3818 anuum,
1135 3751 1220 3820 gra-

87 3831 144 3900 vis
162 3827 294 3898 iufamia
312 3830 452 3919 insurgit
468 3839 580 3900 contra
597 3825 762 3900 dominum
780 3851 898 3924 popam
916 3839 950 3899 et
965 3825 1123 3920 quosdam
1141 3847 1222 3896 car-

87 3925 233 4014 urnales,
251 3921 337 4019 quod
354 3923 396 3994 de
414 3927 495 3998 scitu
514 3947 629 3998 eorum
647 3924 802 3998 Andreas
813 3923 977 4020 predictus
995 3923 1114 3996 luisset
1130 3924 1226 3994 ocol-

145 4099 176 4168 l)
196 4099 311 4155 niorliclr
330 4099 532 4230 archiepiscopo
552 4100 686 4170 Prageusi.
723 4099 755 4167 2)
780 4097 973 4154 Almacienseru
1001 4097 1114 4168 Frcher,
1132 4097 1226 4153 Alma·

88 4171 223 4228 tinenscm
242 4171 315 4226 Gew.
352 4171 382 4236 3)
402 4171 495 4226 rrelme
515 4189 527 4228 r
546 4172 623 4228 laum
650 4171 742 4226 sicbco
767 4176 888 4242 monate3
914 4169 983 4225 (leun
1004 4169 1062 4224 scin
1089 4173 1161 4226 stura
1181 4185 1227 4225 cr-

90 4243 178 4316 tctgtc
198 4243 267 4299 134⁷
288 4241 344 4300 dcc.
366 4242 408 4300 15.
