3014 4822
262 227 333 304 472
592 221 1063 286 nummssnmurmaoms.

177 409 248 472 1239
262 404 323 478 Cui
341 404 408 476 dux
425 402 467 474 dc
485 401 654 476 Limburcb
673 407 797 478 assistit
818 415 979 499 potentem
1004 415 1114 476 tamen
1138 407 1231 499 quasi
1255 405 1394 479 adiutor.

261 525 306 578 ue
323 513 436 598 posset
453 505 547 593 argui
566 525 667 596 super
678 502 854 574 violatione
872 503 946 574 lidei
965 503 1052 590 date„
1071 504 1178 574 multis
1195 514 1309 574 umen
1324 509 1395 576 cius

261 601 328 674 tale
345 598 599 694 improbantibus
611 599 766 691 elllrgium
778 600 853 671 fidei
865 602 921 672 vel
933 600 1172 672 simulationem
1186 607 1395 674 sacramenti

261 699 341 772 Dux
358 717 441 770 vero
457 695 675 770 Brabantinus
699 719 804 792 usque
822 698 863 770 ad
880 699 1033 792 oppidum
1050 697 1207 770 Nussiam
1230 705 1394 793 pervenit

262 795 357 885 Quot
383 799 537 868 intactum
566 797 756 890 relinquens
784 795 920 867 atinde
950 795 1139 884 diceneus,
1170 819 1245 868 cum
1272 819 1395 872 versus

234 889 435 966 *Coloniam
459 896 638 964 cumomni
657 915 715 965 sua
740 893 941 966 multitudine
959 893 1209 986 pertransiendo
1225 897 1319 968 acics
1338 921 1395 968 ar-

262 1002 368 1066 matas
395 991 553 1082 dirigeret
577 1013 641 1062 nec
667 991 785 1086 aliquid
814 1003 925 1064 contra
953 1013 1028 1062 eam
1055 1001 1240 1080 attentarat
1269 994 1396 1066 electus
1479 1030 1480 1070 t

264 1094 371 1166 animo
395 1092 669 1184 promptissimus,
696 1101 731 1160 ut
754 1112 819 1160 nec
841 1089 976 1160 multum
1000 1099 1155 1182 peccaret
1177 1089 1330 1178 audacia,
1352 1113 1396 1164 ex

259 1183 329 1260 'una
342 1197 507 1282 portarum
519 1191 657 1260 civitatis
670 1209 744 1258 cum
762 1191 874 1280 paucis
892 1186 1043 1258 militibus
1061 1188 1249 1280 prosiliens
1267 1187 1394 1262 civibus

264 1283 518 1380 quiescentibus„
536 1285 689 1356 insultum
708 1283 863 1356 audacter
880 1285 956 1355 lacit
973 1295 1085 1356 contm
1102 1295 1288 1358 extremam
1304 1286 1395 1360 duola

264 1387 378 1454 aciem.
405 1383 484 1456 Post
494 1405 591 1477 quem
608 1383 774 1473 insultum„
792 1387 941 1476 utrinque
956 1392 1020 1454 tam
1033 1382 1271 1455 amoventibus
1291 1388 1395 1478 ipsum

265 1504 361 1576 quam
386 1479 425 1552 ab
451 1479 687 1574 excipientibus
712 1503 786 1552 cum
811 1481 910 1552 multa
933 1482 1137 1552 animositate
1160 1481 1303 1571 lactum,
1331 1483 1397 1554 dux
1480 1488 1481 1566 l

263 1582 490 1676 pertransiens
515 1577 683 1649 Coloniam
706 1583 858 1650 intactam
886 1577 1067 1670 ingreditur
1092 1577 1241 1650 Bonnam
1266 1591 1301 1650 et
1324 1603 1395 1651 eam

265 1677 442 1750 succendit.
479 1675 559 1746 lnde
585 1675 758 1768 digressus
787 1676 828 1746 ad
853 1675 1056 1748 obsidionem
1084 1679 1182 1748 castri
1209 1676 1393 1748 Lechenicb

264 1777 412 1872 percipit,
441 1775 581 1846 electum
607 1772 836 1846 Coloniensem
863 1774 1011 1846 validum
1037 1779 1219 1846 exercitum
1247 1797 1396 1868 congre-

266 1894 379 1966 gasse.
414 1871 631 1966 Quapropter„
656 1881 722 1942 tam
746 1872 833 1942 lame
858 1893 992 1944 sucrum
1015 1871 1170 1962 fatigatus
1194 1895 1293 1965 qnam
1312 1872 1394 1944 lama
1481 1946 1482 1992 q

266 1969 451 2042 huiusmodi
468 1971 611 2058 territus7
635 1971 668 2040 in
685 1965 893 2040 Brabantiam
910 1972 1096 2041 revertitur.
1133 1969 1269 2041 Electus
1287 1981 1394 2042 autem
1481 1993 1482 2032 t

228 2119 231 2126 .
267 2066 437 2162 splendida
462 2066 642 2138 coadunata
668 2067 790 2156 militia,
814 2065 1008 2158 bloguntino
1033 2065 1293 2162 archiepiscopo„
1318 2067 1395 2138 lllo·

265 2167 464 2236 nasteriensi
482 2175 515 2236 ct
532 2161 782 2256 0snaburgensi
800 2167 963 2258 episcopis
981 2165 1043 2258 ipsi
1068 2187 1262 2236 succursum
1279 2163 1395 2236 leren-

264 2259 362 2351 tibusq
381 2273 524 2336 castrum
532 2261 686 2334 luliacum
698 2261 827 2356 obsidet
837 2272 870 2332 et
880 2261 991 2334 villam
1003 2263 1100 2334 castri
1117 2265 1248 2356 penitus
1262 2274 1393 2343 cremat

264 2357 345 2432 lnde
370 2370 457 2432 moto
482 2363 629 2433 exercitu
653 2371 758 2431 terras
786 2359 1111 2432 adversariorum‘et
1134 2369 1260 2432 cremat
1282 2371 1318 2432 et
1339 2383 1396 2458 per

265 2462 436 2549 angariam
454 2468 603 2530 evacuat.
632 2457 812 2530 Castellum
831 2461 927 2528 etium
945 2456 1207 2549 dictumBerge,
1224 2459 1396 2551 quoderat

266 2554 465 2646 Wullcrum,
490 2555 664 2628 destruens
689 2577 793 2649 usque
819 2554 859 2625 ad
884 2565 1027 2626 castrum
1050 2553 1141 2628 ducis
1165 2555 1208 2625 da
1225 2553 1396 2627 limburcb
1482 2587 1483 2596 2

267 2651 386 2723 dictum
402 2652 519 2726 Rhode
542 2655 707 2748 pervenit
732 2657 822 2726 cuius
846 2653 954 2726 omnia
981 2649 1167 2723 suburbana
1189 2651 1352 2724 comburit
1367 2663 1397 2724 ct

265 2761 387 2822 terram
406 2755 655 2845 circumquaque
674 2751 834 2822 devastat.
861 2748 942 2820 lnde
957 2750 1092 2822 rediens
1110 2760 1253 2822 castmm
1272 2753 1396 2824 comitis

265 2849 458 2921 luliacensis
475 2847 639 2922 Berchem
662 2847 790 2920 obsidet
813 2857 846 2919 et
868 2845 932 2918 hoc
947 2851 980 2918 in
1005 2846 1202 2919 deditionem
1227 2859 1396 2943 acceptam

266 2945 409 3017 incendit
426 2956 460 3016 ct
477 2947 580 3018 diruit.
616 2945 659 3017 Et
675 2944 725 3016 his
744 2949 884 3040 peractis
910 2949 1091 3016 exercitum
1115 2967 1210 3018 suum
1235 2944 1396 3018 dissolvit.

265 3043 475 3116 Postmodum
494 3067 578 3117 vero
596 3044 664 3115 dux
673 3042 848 3113 Brabantie
866 3047 981 3114 iterum
1001 3065 1075 3113 cum
1093 3065 1190 3114 manu
1208 3043 1323 3116 valida
1339 3067 1398 3115 re-

267 3141 427 3234 greditun
452 3155 594 3215 castrum
616 3141 827 3212 Randinrode
846 3139 982 3211 Gerardi
1007 3141 1141 3214 lactoris
1166 3145 1320 3236 episcopi·
1335 3139 1398 3212 ob-

267 3238 353 3312 sidet
370 3251 402 3311 et
413 3240 556 3312 deditum
571 3239 708 3312 destruit
725 3250 757 3309 et
773 3237 924 3310 incendit.
951 3237 1031 3310 lnde
1046 3237 1178 3311 divertit
1195 3237 1236 3308 ad
1255 3249 1398 3311 castrum

265 3335 440 3426 Dalebem„
464 3338 549 3432 quod
576 3347 647 3408 erat
669 3340 794 3408 comitis
820 3335 861 3406 de
885 3335 1056 3426 Hostadm,
1079 3340 1208 3430 nepotis
1233 3337 1346 3428 electip
1369 3345 1398 3407 et

266 3439 373 3529 ipsum
390 3457 451 3528 per
468 3434 583 3508 decem
600 3433 823 3506 hebdomadas
841 3431 997 3508 obsidens
1013 3439 1045 3505 in
1057 3434 1257 3506 deditionem
1275 3437 1397 3530 accepit

267 3544 301 3605 et
318 3536 386 3604 suis
403 3537 550 3605 munivit.
577 3531 681 3606 Huius
700 3543 809 3603 autem
826 3529 1003 3604 obsidionis
1019 3543 1167 3626 tempore
1185 3534 1314 3604 electus
1329 3531 1397 3604 Co-

234 3709 239 3718 ·
264 3631 424 3703 lonicnsis
443 3630 604 3726 quoddam
625 3630 804 3724 presidium
821 3635 910 3724 ponit
926 3635 960 3700 in
977 3641 1062 3702 terra
1081 3633 1207 3701 comitis
1225 3630 1269 3701 de
1288 3629 1397 3703 Monta

267 3732 314 3800 cis
331 3726 484 3805 Rhenum
503 3732 591 3800 iuxta
611 3729 722 3799 villam
740 3727 856 3798 dictam
874 3727 1041 3816 llledeme5
1062 3726 1116 3798 ubi
1135 3731 1250 3822 positis
1270 3727 1395 3799 satelli-

255 3823 351 3909 tibus
368 3837 488 3897 tcrram
508 3825 657 3897 ciusdem
675 3828 800 3896 comitis
816 3847 1051 3920 usquequaque
1069 3825 1231 3898 devastat

314 3923 441 3995 Eodem
460 3928 556 3995 etiam
582 3935 731 4017 tempore
750 3947 870 4016 guerra
889 3923 1026 3994 durante
1045 3924 1170 3996 electus
1189 3923 1393 3997 Coloniensis

267 4021 433 4094 ordinatus
458 4026 564 4093 estin
588 4019 819 4116 presbyterum
843 4020 883 4091 ab
909 4026 1063 4116 episcopo
1086 4021 1342 4093 Monosteriensi
1363 4022 1391 4088 in

268 4120 409 4191 ecclesia
428 4141 455 4192 s.
467 4119 554 4191 Petri
566 4119 715 4208 Catonia
732 4118 815 4190 etab
830 4119 948 4190 eodem
966 4125 1120 4214 episcopo
1138 4122 1171 4190 in
1189 4118 1242 4190 die
1260 4127 1392 4213 aposto·

267 4216 372 4288 lorum
384 4215 527 4290 Simonis
545 4227 577 4289 ct
587 4216 668 4290 ludo
688 4219 765 4313 [oct.
775 4217 838 4312 28]
849 4221 891 4287 in
903 4221 1090 4316 episcopum
1104 4227 1157 4292 cst
1173 4225 1391 4292 consecratus,
