3036 4822
384 241 550 300 mnenon
569 241 764 302 annuemus
781 241 981 300 sensusne.
1173 244 1245 321 335

169 415 336 490 Amulius·
348 419 442 490 xxvi.
461 417 604 490 eoelesie
621 414 795 488 Nemetine
818 418 993 510 epiecopus
1010 417 1044 486 in
1061 439 1102 488 ea
1125 415 1249 491 resedit

121 511 290 587 mensibus
307 516 373 586 viii.
409 513 472 586 llio
488 513 647 586 Arnolfus
670 535 745 586 eum
769 514 840 586 aliis
859 516 1022 609 episeopis
1040 515 1249 587 eonseemvit

121 609 283 704 eupolum
300 615 405 685 sanati
412 609 821 705 StephaniinWmmatia
839 622 875 684 ut
884 615 1015 706 patetiu
1028 610 1137 684 tabula
1148 633 1250 707 super

122 710 130 724 '
271 711 278 726 ⁸
322 711 330 725 ⁶
860 714 869 754 l

120 707 855 897 lmgffmldsdmffillzddqxelefndgmnddnle
878 810 1053 902 episeopus
1075 805 1201 880 resedit
1215 809 1249 878 in

120 923 162 974 ee
179 901 351 976 mensibus
368 902 494 976 deeem.
520 903 684 976 Henrieus
702 913 835 997 quartum
846 904 1070 978 Romanorum
1082 925 1146 978 ren
1162 923 1249 976 anno

120 1000 245 1072 mlvii.
281 999 395 1090 [1057
423 1023 491 1095 apr.
522 1003 562 1090 5]
588 1000 764 1095 Eppingen
791 1025 865 1074 eum
893 1004 961 1074 suis
989 999 1189 1098 appendiciis
1216 1012 1250 1074 et

119 1095 321 1187 utilitatibusq
338 1097 562 1190 Hergeelueim
579 1120 652 1170 eum
666 1101 735 1172 suis
752 1101 927 1172 attinentiis
945 1101 1088 1174 eoelesie
1100 1097 1249 1193 Spirensi

119 1193 250 1267 tradidit
265 1193 327 1268 sub
344 1195 471 1289 prefato
489 1194 640 1268 Conrado
658 1195 808 1268 eiusdem
825 1197 968 1269 ecclesie
984 1200 1154 1270 antistite.²

170 1290 371 1366 Einherdus³
387 1296 503 1367 xxviii.
522 1294 665 1367 seelesie
682 1291 857 1366 Nemetine
880 1297 1056 1390 episeopus
1076 1293 1201 1368 resedit
1215 1297 1250 1368 in

120 1411 164 1460 ea
179 1392 276 1462 annis
292 1413 354 1479 xv,
372 1391 443 1464 aliis
461 1413 547 1464 auno
564 1413 639 1464 uno.
672 1389 754 1462 ltem
771 1391 917 1485 prelatus
934 1391 1098 1466 llenrieus
1116 1403 1250 1488 quartus

118 1486 296 1580 privilegiu
323 1499 356 1560 et
381 1490 600 1562 immunitates
628 1510 688 1582 per
714 1487 972 1581 predecessores
1001 1511 1080 1564 suos
1107 1490 1250 1562 ecclesie

119 1583 270 1676 Spirensi
295 1605 474 1660 ooneeesae
492 1609 552 1680 per
572 1585 722 1676 regalem
748 1585 1001 1659 munificentiam
1023 1589 1200 1660 renovavit
1215 1595 1251 1658 et

120 1681 328 1756 eenlirmevit
353 1704 441 1756 anuo
467 1683 579 1756 mlxi.
608 1681 717 1774 [1061
744 1704 822 1756 nov.
847 1683 941 1774 25]st
980 1683 1063 1756 ltern
1090 1685 1250 1756 forestum

119 1775 261 1852 Lnshart
277 1802 296 1850 a
313 1790 407 1874 pane
424 1803 486 1853 suo
498 1780 642 1852 llenrieo
659 1783 754 1852 tertie
771 1781 915 1854 eeeleeie
932 1779 1082 1876 Spirensi
1098 1780 1250 1853 traditum

120 1876 307 1948 melioravit
322 1887 419 1971 atque
442 1877 575 1950 adauuxit
598 1878 673 1950 talla
697 1887 875 1968 augmenta
893 1881 991 1952 etiam
1008 1880 1151 1952 seelesie
1167 1878 1251 1972 Spi-

119 1976 212 2044 rensi
228 1971 381 2047 donam«)
398 1997 485 2048 auno
502 1976 635 2048 mlxiii.
650 1973 936 2066 [ruderarium
961 1977 1044 2049 ltem
1056 1973 1250 2048 Craneneclr

120 2091 195 2142 eum
220 2069 371 2146 omnibus
394 2076 464 2146 suis
487 2071 681 2166 appenditiis
706 2071 849 2144 enclesis
866 2073 1017 2168 Spirensi
1034 2077 1069 2146 in
1083 2075 1250 2168 proprium

120 2165 210 2238 dedit
227 2190 314 2240 anno
331 2170 457 2244 mlnv.
477 2169 589 2261 [1065
607 2190 685 2260 aug.
702 2163 798 2257 30].ό
829 2169 902 2244 llee
917 2173 1026 2246 omnia
1044 2169 1105 2245 surb
1123 2170 1249 2265 prelato

119 2263 286 2336 Emhardo
313 2270 469 2362 episeopo
496 2279 529 2340 et
555 2266 598 2338 ad
621 2269 693 2342 eius
720 2268 907 2341 instantiam
933 2269 1018 2344 laeta
1046 2277 1131 2342 suut.
1167 2265 1249 2339 ltem

120 2383 234 2434 areum
256 2365 289 2432 in
307 2362 447 2438 ambone
471 2365 561 2438 chori
585 2362 646 2440 sub
670 2384 792 2454 magna
816 2387 915 2440 erues
932 2370 1072 2460 positum
1095 2363 1148 2436 hie
1163 2363 1250 2436 Em-

119 2458 243 2532 hardus
268 2463 443 2556 episeopus
465 2461 538 2536 fieri
564 2462 654 2552 lesit„
681 2472 716 2534 ut
742 2461 845 2536 oleret
868 2485 914 2536 ex
938 2465 1108 2538 meirisin
1131 2460 1249 2534 eodem

120 2579 200 2632 areu
217 2561 411 2654 conscriptis
427 2558 478 2634 his
495 2559 665 2634 videlieet:

286 2675 415 2749 Premia
432 2673 531 2768 digna
550 2674 614 2748 deo
631 2679 731 2770 potis⁷
750 2688 802 2752 eet
817 2678 1014 2771 persolvere
1031 2697 1130 2750 nemo

286 2773 391 2846 Passo
409 2771 579 2867 pronubis
596 2777 674 2846 tanti
690 2783 853 2848 nimenta
869 2775 1000 2848 doloris.

287 2869 356 2942 Sed
373 2870 466 2946 velut
481 2869 666 2946 Emlrardus
683 2874 848 2968 presentis
866 2871 1014 2947 eonditor
1029 2893 1127 2944 arens

286 2965 338 3038 Da
355 2978 410 3040 tua
427 2967 541 3060 largus
561 2971 592 3040 ei
609 2973 825 3066 eoemesque⁸
844 2973 1014 3045 eacumina
1031 2969 1124 3042 coeli.

117 3204 160 3254 ea
179 3183 276 3256 eume
291 3203 353 3268 xre
371 3181 442 3254 aliis
460 3201 596 3254 menses
614 3184 658 3254 vi.

167 3277 375 3371 liudgerus,
393 3281 446 3373 qui
460 3287 493 3350 et
505 3277 741 3352 lluozmennus
759 3277 1063 3372 cognominabatur,
1079 3299 1162 3354 xxxi
1174 3277 1250 3351 Ne·-

114 3379 244 3448 metine
260 3375 318 3448 vel
334 3375 502 3469 Spirensis
526 3376 668 3448 ecelesie
692 3380 880 3471 episeopun
906 3376 1030 3450 resedit
1045 3380 1079 3450 in
1095 3400 1138 3450 ea
1154 3380 1250 3450 annis

114 3476 180 3562 vii,
197 3473 269 3545 aliis
287 3475 344 3561 iiii,
360 3473 432 3548 aliis
443 3475 489 3544 xii
506 3495 612 3546 annus
623 3483 657 3544 et
667 3474 762 3546 ultra.
785 3473 852 3548 lste
862 3473 1064 3567 liudegerus
1076 3479 1249 3570 episeopus

113 3573 208 3642 eirea
236 3591 341 3646 anuos
369 3569 490 3644 domini
517 3571 710 3645 tulmiiii.
736 3594 781 3644 ex
803 3573 881 3644 villu
899 3573 996 3666 Spina
1021 3570 1137 3644 urbem
1164 3572 1249 3644 feeit

114 3667 207 3740 Nam
224 3677 322 3738 antea
334 3670 450 3742 cirritas
460 3667 610 3742 Nemetis
625 3667 863 3762 appellabatur,
882 3681 916 3741 et
926 3680 1021 3744 extre
1031 3691 1145 3742 muros
1156 3672 1254 3741 eius-‘

111 3765 198 3838 dem
215 3767 355 3837 divitatis
373 3776 445 3837 erat
460 3765 616 3838 adiacens
633 3787 754 3859 pagus,
772 3770 825 3860 qui
838 3767 932 3861 Spira
944 3764 1136 3856 vocabatur,
1154 3787 1250 3859 quern

111 3860 313 3954 liudigerus
331 3864 504 3956 episeopus
525 3861 657 3955 redegit
672 3865 705 3934 in
722 3861 850 3954 urbem,
875 3884 939 3957 que
962 3873 1077 3957 postea
1096 3873 1250 3955 eiusque

164 4022 205 4096 ’1)
224 4025 315 4083 dieser
333 4033 389 4083 satu
409 4028 473 4084 lehlt
492 4025 518 4084 in
531 4027 588 4110 W'.
613 4025 644 4096 2)
664 4012 890 4099 lemingildi,
907 4027 1007 4084 4047.
1045 4029 1076 4096 3)
1095 4027 1251 4096 Rynhardus

110 4099 423 4181 W·,Emlrarduslleu.
458 4100 489 4166 4)
509 4099 631 4182 liernlrug
643 4099 692 4158 llll.
708 4099 787 4168 utu
825 4097 1251 4169 5)t.e.t‚*51.16).tn1‚52.

110 4171 347 4298 avugzlisswb
372 4172 456 4236 Sltu
475 4171 597 4240 uentris
614 4169 710 4230 Germ.
731 4171 757 4241 1,
773 4171 828 4227 203
847 4189 872 4228 n.
890 4171 951 4228 517.
980 4170 1055 4226 Epa:
1076 4185 1254 4257 eeaevusque,

157 4257 181 4296 .:
261 4259 355 4314 uqa.
776 4287 778 4292 ,
1098 4257 1107 4294 ·.
1252 4278 1253 4290 ,
