3036 4822
251 233 326 308 300
548 231 656 288 GESTA
675 229 859 286 BERTHOLDI
878 228 928 284 EPI
947 227 1087 286 nudent

251 408 384 480 Basilee
408 406 553 498 domum,
578 407 627 478 sui
650 404 773 478 ordinis
794 405 904 479 domui
928 408 1128 498 contiguam
1152 413 1383 479 construxerat

253 509 451 600 speciosam
479 508 511 575 in
579 529 597 575 a
622 508 723 577 vitam
748 506 954 596 cogitaverat
976 502 1100 574 habere
1124 507 1279 598 quietam,
1307 527 1382 576 cum

252 603 439 676 difficultate
457 613 490 674 et
507 527 603 673 dbbio
619 600 754 674 barbam
771 607 864 692 rasit
888 606 920 673 in
943 605 1063 675 vestitu
1082 612 1115 673 et
1131 602 1202 674 aliis
1227 622 1287 694 pro
1305 605 1382 696 epi-

253 721 354 796 scopo
372 723 410 772 se
433 699 592 794 gerendo.
627 701 669 772 m
697 723 776 773 ecce
794 700 924 772 Renum
952 698 1161 774 descendens
1188 698 1324 770 fratrem
1349 703 1383 772 in

251 797 453 892 Mittenberg
470 797 721 870 decumbentem
738 802 876 888 invenit,
895 802 947 891 qui
961 801 995 868 in
1011 800 1099 870 omni
1110 801 1231 870 virtute
1247 797 1381 870 honoris

252 901 442 991 etcorpon's
460 899 602 970 crastino
620 898 797 970 nativitatis
814 895 911 968 beate
922 895 1028 968 Marde
1039 897 1179 986 virginis
1197 918 1284 966 anno
1295 895 1381 968 dom.

252 997 459 1067 mcccxxix„
481 991 525 1087 [†
537 995 634 1069 1328
645 1005 727 1088 sept.
740 993 803 1085 10]
824 992 864 1066 ab
881 993 944 1066 bac
959 994 1034 1066 luce
1052 989 1235 1066 subtractus
1253 996 1287 1064 in
1304 1015 1383 1064 me·

253 1091 305 1164 dio
323 1091 517 1186 Mogunb'ne
535 1094 677 1166 ecclesie
694 1103 746 1166 est
763 1093 921 1186 sepultus.
953 1090 1053 1184 Hugo
1072 1100 1181 1162 autem
1198 1089 1301 1162 bnter
1317 1113 1383 1163 eo-

252 1213 337 1280 rum,
356 1194 409 1284 qui
427 1195 549 1286 etipse
566 1191 722 1280 interfuit
740 1189 782 1261 ad
799 1193 923 1262 curiam
939 1190 1025 1262 illico
1043 1199 1095 1262 est
1111 1189 1290 1284 proieobrs.

301 1286 423 1362 Audita
442 1311 525 1361 vero
546 1299 650 1362 morte
672 1288 907 1383 archiepiscopi
925 1309 1038 1360 comes
1056 1285 1098 1358 de
1115 1285 1336 1380 Wirtenberg
1353 1299 1386 1360 et

253 1387 307 1458 alii
318 1384 472 1478 barones,
490 1390 693 1460 municiones
705 1388 848 1460 ecclesie
859 1387 1026 1481 Spirensis
1043 1394 1257 1479 occupantes,
1275 1385 1385 1458 eidem

252 1482 442 1575 Bertboldm
466 1507 510 1556 ne
527 1490 751 1581 episcopatum
767 1483 961 1580 Spirensem
978 1493 1094 1577 posset
1109 1482 1252 1576 ingredi,
1276 1487 1384 1556 resti-

217 1644 221 1650 .
252 1593 369 1654 terunt.
395 1583 457 1670 Qui
469 1582 666 1655 Bertboldus
684 1581 738 1654 diu
756 1593 848 1656 stans
865 1586 898 1654 in
909 1580 1100 1652 Wormacia
1119 1591 1325 1676 sumptuose„
1344 1580 1383 1652 nh

253 1682 365 1753 amicis
384 1690 418 1751 et
434 1681 505 1753 alis
524 1683 627 1752 extitit
650 1679 829 1754 desolatus.
858 1678 1031 1752 Cunradus
1055 1687 1165 1750 autem
1183 1677 1225 1750 de
1242 1678 1384 1773 Kyrkeh

252 1775 476 1850 thesaurarius
494 1778 766 1870 Argentinensis
793 1800 832 1850 se
849 1777 891 1850 de
908 1780 981 1872 ipso
1005 1775 1144 1848 fideliter
1166 1779 1384 1850 intromittens

251 1877 337 1947 initis
366 1899 439 1947 oum
466 1876 621 1971 predictis
648 1873 825 1948 baronibus
853 1873 1047 1970 quibusdum
1075 1873 1385 1969 composicionibus,

252 1976 359 2068 ipsum
369 1973 581 2044 Bertboldum
593 1973 635 2044 ad
652 1974 829 2046 ecclesiam
840 1973 1032 2068 Spirensem
1044 1982 1077 2043 et
1089 1975 1161 2044 eius
1179 1975 1385 2046 municiones
1500 2052 1501 2084 ¹

252 2067 406 2160 uadunt,
429 2075 600 2165 promissis
624 2074 708 2142 inter
731 2073 793 2143 alia
818 2071 948 2143 domino
966 2069 1008 2141 de
1024 2067 1244 2162 Wirtenberg
1260 2081 1294 2142 et
1310 2081 1386 2166 post

252 2167 439 2259 Argentine
456 2169 572 2242 solutis
590 2172 710 2241 marcis
728 2170 816 2240 mille
834 2173 998 2241 trecentis.

301 2265 415 2338 Stante
433 2277 542 2338 autem
559 2265 818 2362 ipsoBertboldo
835 2270 868 2338 in
878 2265 1065 2358 Luterburg
1075 2266 1174 2358 Hugo
1191 2266 1294 2339 frater
1311 2271 1384 2340 eius

251 2361 409 2459 sibiapud
426 2387 543 2460 papam
556 2386 616 2459 pro
626 2363 821 2457 Mogentino
839 2364 1118 2459 archiepiscopatu
1131 2367 1261 2437 instetit.
1289 2365 1386 2453 Quod
1501 2402 1502 2422 r

249 2485 333 2556 papa
358 2461 399 2534 ob
418 2461 596 2534 dilaciones
614 2473 648 2534 ot
671 2465 790 2557 scripta
815 2466 963 2554 magistri
979 2461 1134 2536 lobannis
1152 2462 1390 2560 Undersobopi

250 2560 292 2630 de
310 2558 520 2650 Constancia,
545 2559 661 2631 decani
683 2558 881 2652 Mogontini
905 2583 1003 2654 quem
1026 2560 1192 2656 predictus
1218 2561 1384 2656 quondam

249 2656 403 2752 blathyas
427 2679 608 2752 pauperem
632 2659 787 2729 clericum
808 2681 904 2730 suurn
922 2657 963 2728 ad
982 2661 1206 2731 canonicatum
1225 2669 1259 2730 et
1276 2659 1385 2732 decc-

249 2765 359 2826 natnm
385 2757 561 2849 promovit
584 2755 706 2827 tamdiu
732 2754 865 2845 distulit,
893 2779 1064 2851 quousque
1088 2760 1160 2850 ipse
1185 2756 1334 2830 decanus
1353 2770 1386 2830 et

250 2853 425 2946 capitulum
435 2850 693 2944 Moguntinense
711 2853 876 2926 dominum
893 2853 1125 2927 Boldewinum
1135 2855 1386 2928 Treverensem

250 2949 533 3045 archiepiscopum
550 2961 661 3022 cornua
679 2955 950 3024 reservaoionem
962 2951 1052 3025 sedis
1070 2953 1250 3046 apostolice
1261 2955 1296 3023 in
1307 2977 1385 3026 am-

250 3051 503 3120 ministratorem
515 3047 779 3141 Moguntinensis
797 3050 941 3122 ecclesie
958 3061 1169 3144 reccponmt,
1188 3049 1248 3122 sihi
1266 3055 1386 3126 castris

251 3157 285 3217 et
294 3145 531 3219 municionibus
542 3151 750 3241 presentatis.
775 3148 881 3234 Quem
900 3146 1213 3243 archiepiscopatum
1224 3147 1289 3219 boc
1298 3149 1387 3223 iacto

249 3243 416 3338 predictus
434 3243 533 3336 Hugo
551 3267 569 3315 c
587 3267 671 3340 papa
696 3246 830 3317 volente
854 3266 913 3338 pro
937 3245 1037 3316 fratre
1062 3267 1123 3318 suo
1150 3255 1304 3339 tanquam
1328 3251 1387 3320 in-

251 3340 460 3413 evincibilcm
487 3346 617 3414 rennuit
644 3355 835 3436 acceptare;
862 3343 905 3413 do
933 3365 997 3437 quo
1024 3347 1096 3437 ipse
1119 3365 1202 3437 papa
1228 3343 1387 3418 Heinriro

250 3442 416 3532 preposito
444 3439 624 3530 Bonnensi,
653 3440 743 3510 fratri
772 3442 898 3512 comitis
927 3440 968 3511 de
992 3439 1217 3533 vimenberg,
1245 3455 1387 3536 repente

249 3536 399 3630 providit
435 3538 510 3628 Qui,
538 3547 672 3610 tenente
695 3536 841 3630 predicto
864 3538 1060 3610 Baldeuino
1084 3538 1249 3610 violenter
1275 3541 1387 3614 multis

108 3637 111 3650 '
249 3636 344 3706 annis
361 3637 468 3728 ipsum
486 3633 815 3731 archiepiscopatum
833 3640 1001 3728 penurias,
1020 3634 1251 3708 tribulaciones
1264 3649 1299 3710 et
1316 3663 1387 3710 an·-

250 3733 377 3823 gusb'as
402 3743 454 3804 est
478 3754 670 3828 perpessus.
707 3732 876 3806 Prediotus
901 3756 1030 3828 quoque
1046 3733 1211 3806 lohannes
1236 3734 1386 3810 decanus

248 3827 403 3914 fracibus,
430 3829 550 3902 domini
578 3834 630 3903 sui
652 3831 788 3926 Matbye
816 3841 850 3902 et
872 3833 944 3905 aliis
969 3835 1224 3924 consanguineis
1250 3839 1322 3907 suis
1347 3857 1387 3909 se

248 3937 325 4021 post
341 3926 404 3999 beo
420 3927 587 4002 infidelem
604 3929 754 4002 ostendit.

298 4023 525 4097 Deoumbcnte
550 4038 659 4099 autem
676 4026 822 4100 Iohanne
847 4031 1002 4124 episcopo
1021 4029 1260 4119 Argentinensi
1286 4029 1386 4102 etde

249 4123 322 4194 eius
341 4132 445 4194 morte
462 4125 504 4194 ad
522 4127 645 4196 curiam
663 4147 795 4198 rumore
814 4125 935 4218 delam,
953 4150 1036 4221 papa
1054 4124 1219 4198 Iohannes
1237 4127 1385 4222 predicto

248 4217 425 4292 Bertboldo
436 4221 584 4314 Spirensi
596 4223 703 4296 electo
717 4222 759 4294 de
770 4223 1009 4317 Argentinensi
1025 4226 1215 4320 episcopatu
1232 4225 1384 4321 providit.
