2982 4824
247 219 320 299 648
422 217 598 278 ΜῘΝΟΒΙΤΑΕ
617 217 809 278 tiouuttuutt
826 217 934 278 Gliffl
953 217 1193 279 massamuti.

246 394 464 471 crediderunt
479 419 576 490 ergoq
594 399 697 494 quiin
715 397 859 468 Victoria
876 405 983 486 crant,
1000 395 1086 490 quod
1108 399 1375 489 guarnimcntum'

245 497 323 569 illuc
339 499 518 568 maximum
535 493 730 568 advenisset
753 503 787 564 et
803 494 889 589 quod
913 491 1084 566 lombardi
1100 496 1177 568 illuc
1195 496 1327 568 occulte
1344 509 1375 570 ct

245 591 352 669 subito
369 595 615 666 convenissent.
642 591 762 686 Sioque
782 614 820 664 se
838 591 982 688 preditos
993 594 1193 684 cogitantes
1204 591 1283 664 dum
1296 599 1375 668 meri

246 697 444 780 timueruntq
473 691 555 784 iuge
582 713 621 764 sc
646 689 791 785 presidio
818 691 1061 762 commiserunt
1110 689 1159 763 At
1173 691 1374 766 Permeuscs

246 791 392 862 Victone
409 791 663 885 propinquantes
680 791 714 861 in
730 811 803 861 eam
815 809 875 882 per
891 797 1003 882 partes
1014 786 1167 862 diversus
1180 793 1375 884 irrumpunt,

243 899 279 962 et
295 891 387 982 quasi
404 886 446 958 ibi
462 888 562 960 lovea
580 909 646 959 non
663 887 793 976 luisset,
810 889 860 959 sic
876 907 951 957 eam
961 897 1204 982 pertranseunt,
1216 897 1375 962 stecutum

243 987 387 1059 deiciunt
403 996 437 1056 et
462 1007 597 1058 suorum
620 1007 773 1058 carceres
797 987 937 1079 primum
959 984 1116 1078 frangunt
1131 1007 1173 1058 uc
1200 1007 1263 1058 eos
1288 987 1375 1060 foras

244 1084 396 1157 educunt.
433 1085 551 1156 Postea
569 1087 681 1176 ignem
702 1079 852 1155 domibus
867 1085 1067 1156 immittentes
1083 1107 1124 1156 ec
1139 1086 1376 1178 percivitatom

246 1182 389 1277 undique
407 1181 642 1271 discurrentes,
659 1181 850 1276 prodantur,
869 1179 1021 1254 occidunt
1037 1193 1072 1254 et
1087 1184 1270 1254 comeciam
1287 1181 1376 1256 Cre-

244 1282 451 1354 monensium
470 1283 600 1374 capiunt
616 1289 650 1352 et
665 1277 834 1352 invadunt.
871 1276 976 1351 Sada
1000 1289 1125 1353 venatu
1149 1278 1287 1352 rediens
1310 1285 1375 1354 im-

244 1387 389 1474 perator,
406 1375 483 1450 dum
501 1387 628 1473 mptum
646 1399 725 1450 esse
741 1379 908 1449 civitatem
925 1381 1161 1472 ceperianum
1177 1377 1300 1451 indicat
1315 1376 1377 1452 lucc

244 1477 353 1550 numus
370 1479 471 1569 ignis,
489 1476 571 1568 iuge
588 1475 731 1570 presidio
749 1497 788 1550 se
806 1478 979 1564 cummisit,
1001 1485 1035 1546 et
1061 1475 1263 1548 Cremonam
1284 1482 1376 1572 quasi

246 1576 338 1648 solus
356 1575 513 1646 conlursus
530 1573 736 1667 ingrediens,
754 1577 803 1646 sic
818 1594 951 1646 omnem
969 1595 1066 1646 suum
1076 1573 1268 1648 thesaurum
1288 1581 1376 1648 ami-

244 1677 299 1764 sit,
317 1682 351 1744 ut
368 1675 501 1764 erigere
518 1681 615 1768 caput
638 1674 703 1742 iam
728 1673 812 1744 ultra
838 1674 1032 1766 nequiverit.
1068 1672 1269 1746 Parmenses
1293 1695 1376 1767 crgo

245 1771 364 1843 multos
395 1780 555 1865 ceperunt
580 1767 799 1842 Theotonieos
823 1779 857 1840 ct
882 1765 1104 1860 lombardos,
1131 1769 1323 1844 Saracenos
1344 1782 1377 1844 et

246 1867 387 1956 Grecos,
405 1878 439 1938 et
454 1889 574 1960 regum
587 1891 628 1938 uc
646 1871 827 1961 principun
844 1865 1054 1939 diversorum
1070 1867 1202 1960 legatos
1213 1867 1257 1939 ud
1267 1869 1377 1964 depo-

247 1969 343 2038 situm
371 1975 521 2059 protem
566 1986 604 2034 rc
631 1965 688 2036 illo
713 1969 845 2037 missos.
889 1963 1038 2058 Cumque
1065 1969 1224 2040 universa
1250 1967 1377 2062 predati

245 2064 398 2151 luissent,
415 2064 500 2134 inter
515 2073 527 2134 t
550 2083 689 2136 esauros
707 2062 843 2156 depositi
860 2065 1014 2157 principis
1026 2084 1147 2136 corone
1158 2085 1260 2136 aurea
1274 2087 1377 2157 gem·-
1475 2149 1476 2166 χ

245 2163 308 2233 mis
334 2163 487 2255 pretiosis
514 2169 670 2232 ornatae
698 2159 841 2232 cerdone
864 2180 1011 2256 paupere
1034 2163 1169 2234 inventa
1196 2171 1250 2235 est
1271 2173 1377 2259 rapta,

246 2281 343 2354 quem
361 2279 534 2331 commune
551 2258 792 2346 Parmensium,
810 2257 898 2330 mille
915 2256 1005 2331 libris
1022 2259 1238 2353 imperialium
1259 2284 1279 2332 u
1296 2281 1377 2334 cer-

244 2357 331 2429 done
348 2355 529 2445 redimens,
559 2359 771 2450 comparavit
811 2357 890 2429 Post
912 2353 976 2427 hec
1002 2353 1170 2452 depositus
1199 2361 1379 2453 imperator

244 2457 342 2528 tantis
360 2454 544 2549 expoliatus
564 2450 684 2528 divitiis
709 2453 867 2528 confusus
895 2457 929 2526 in
950 2453 1093 2526 Siciliam
1118 2454 1231 2544 rediit,
1258 2467 1293 2529 ct
1316 2455 1379 2530 deo

244 2550 307 2624 sibi
323 2550 483 2623 reddente
496 2551 582 2647 quod
599 2555 729 2642 meruit,
746 2549 861 2624 morbo
877 2553 955 2646 lupe
972 2555 1081 2624 omnia
1097 2554 1130 2624 in
1148 2555 1221 2627 eius
1238 2575 1380 2652 corpure

244 2647 467 2743 deposcentis,
484 2650 650 2721 Panormi¹
670 2673 737 2722 non
754 2651 930 2724 confessus
948 2653 1076 2722 interiit

293 2747 433 2819 llcntius
450 2747 536 2820 lilius
553 2746 720 2820 Frederici
737 2747 888 2842 depositi,
905 2769 1003 2842 quem
1021 2769 1067 2820 ex
1088 2759 1195 2821 meuc
1211 2749 1328 2826 intumi
1345 2763 1378 2823 et

243 2843 378 2939 ignobili
398 2848 524 2936 genuit,
544 2849 628 2918 sicut
643 2846 780 2942 plurima
797 2846 883 2918 mela
900 2844 989 2932 iecit,
1007 2849 1056 2918 sic
1073 2857 1107 2918 et
1128 2848 1215 2920 mela
1238 2849 1379 2942 plurima

243 2965 365 3039 passus
382 2942 449 3014 fuit
485 2941 548 3015 llic
565 2947 652 3015 enim
669 2944 808 3018 Hentius
837 2943 1018 3016 simillimus
1041 2947 1124 3038 petri
1149 2943 1227 3034 fuit,
1253 2943 1377 3041 probus

242 3043 352 3131 nimis3
369 3042 497 3133 largus,
514 3041 706 3130 industrius
724 3041 868 3128 cuncus,
885 3053 919 3114 et
934 3039 1009 3113 ideo
1027 3043 1099 3115 solo
1110 3041 1259 3116 (lorrado
1277 3045 1377 3118 dum-
1474 3041 1475 3086 l

243 3148 334 3212 unat
351 3150 491 3233 excepte
516 3162 592 3212 eum
616 3162 676 3233 pre
693 3144 813 3212 ceteris
831 3139 905 3213 tiliis
923 3137 1098 3212 adamavit
1131 3139 1205 3230 uto,
1222 3151 1377 3240 utsupra

243 3235 445 3310 iamdictam
466 3247 530 3327 est
547 3239 692 3334 prelatos
710 3241 795 3334 cepit
822 3240 957 3310 inmari
982 3237 1115 3332 Ppsenc
1139 3237 1181 3310 ad
1204 3241 1378 3314 concilium

243 3337 418 3408 venientes
436 3347 469 3408 ct
486 3336 672 3408 inexilium
689 3337 776 3410 misit
791 3340 826 3408 in
842 3356 994 3426 regnum.
1020 3335 1082 3408 llic
1099 3359 1173 3408 cum
1190 3341 1380 3434 accepisset

243 3431 448 3504 domicellam
464 3431 616 3504 Sardinie
642 3436 676 3503 in
693 3455 832 3506 uxorem
856 3443 890 3505 et
911 3455 1054 3525 regnum
1077 3432 1118 3505 ab
1142 3455 1182 3506 ea
1206 3435 1323 3509 'llurris
1346 3441 1378 3510 in

243 3529 375 3618 eccm,
399 3552 462 3602 rex
485 3530 636 3602 Sardinie
661 3530 765 3604 dictus
790 3543 851 3605 est.
887 3530 950 3603 llic
976 3535 1009 3603 in
1026 3536 1177 3604 connitatu
1195 3531 1376 3606 Mediolani

242 3627 402 3701 hoscum
418 3649 526 3719 agens
543 3632 576 3700 in
593 3627 732 3722 quadam
749 3630 815 3701 illic
832 3629 910 3701 villa
922 3639 1035 3724 ceptus
1056 3629 1169 3721 [1245
1180 3633 1301 3722 nov.],
1320 3633 1378 3704 luit

241 3729 380 3821 captivis
398 3746 480 3820 quos
500 3737 633 3821 ceperat
655 3727 790 3798 redditis
815 3749 894 3802 mox
922 3727 1087 3802 dimissus.
1122 3726 1159 3800 ln
1183 3733 1376 3824 episcopatu

241 3823 385 3916 Regino,
403 3823 480 3896 dum
498 3822 660 3918 quoddam
677 3835 833 3914 cestrum,
851 3825 1146 3914 Arctumnomine,
1163 3830 1200 3898 vi
1216 3831 1376 3922 cepisset,
1473 3861 1474 3904 l

241 3931 371 3993 centum
389 3918 515 3994 nubiles
536 3921 578 3992 de
595 3922 723 4014 Regio,
747 3924 864 3995 Parme
893 3933 926 3994 et
953 3921 1076 3996 Mutina
1103 3922 1146 3996 ihi
1173 3935 1289 4020 captes
1317 3948 1377 4020 per

240 4019 352 4110 gulam
369 4018 447 4091 iecit
465 4043 530 4092 une
547 4019 602 4091 die
625 4020 792 4115 suspendi.
844 4018 894 4093 Ob
925 4043 1023 4116 quam
1046 4043 1181 4096 oausam
1210 4025 1373 4096 everseuii

241 4113 420 4209 dedignat,
447 4139 522 4190 cum
544 4121 577 4190 in
607 4117 725 4190 eedem
752 4123 942 4216 episcopatu
969 4129 1044 4217 post
1070 4117 1232 4196 modicum
1262 4119 1371 4195 habu·

295 4235 325 4310 1)
343 4235 371 4294 in
389 4237 544 4297 florentino
563 4239 606 4296 bei
624 4239 737 4312 regma.
