2882 4818
471 280 561 340 nuso
575 282 619 338 nu
633 281 823 338 aminoen.
1130 283 1200 356 135

70 463 158 545 repis
173 459 338 530 Boberme
364 459 439 530 darei
464 457 649 546 llarintbie7
674 479 737 550 que
756 459 865 548 nupsit
881 459 911 526 ei
930 455 1074 550 pluribus
1093 460 1199 545 annia

70 566 99 626 et
114 556 206 626 dedit
222 561 330 650 ipsam
349 557 414 628 lilio
426 579 488 626 suo
498 555 675 626 marchioni
686 554 728 624 de
740 551 988 644 brandanburg.
1014 554 1107 640 Quod
1126 555 1201 628 iecit

70 653 127 724 bac
143 653 187 724 de
206 677 309 726 causa
328 665 363 724 nt
379 655 515 726 ducatus
533 651 700 724 Karinthie
722 663 755 724 et
772 656 941 724 cantitatos
959 662 1047 724 tarro
1063 651 1199 746 Tyrole„

69 775 128 843 que
146 754 221 823 iure
238 751 436 826 hereditario
454 761 605 846 spectare
623 749 781 823 deberent
803 748 845 820 ad
869 754 976 822 virum
999 752 1051 822 cui
1074 750 1199 844 prelata

70 850 196 938 mulier„
216 850 281 924 lilia
299 851 377 922 olirn
393 850 486 922 ducis
503 848 682 937 Karintbie,
700 845 839 920 nuberet
850 849 1023 939 legittime„
1040 846 1082 918 ad
1099 847 1199 920 lilium

69 969 161 1018 suum
181 949 405 1020 marchionem
422 948 583 1042 prefatmn
608 957 641 1018 et
665 946 705 1018 ad
723 968 802 1018 suos
821 945 963 1017 heredes
981 949 1014 1016 in
1031 956 1199 1039 posterum

70 1049 281 1136 pertinerent
332 1047 442 1118 Causa
460 1057 569 1118 autent
587 1067 684 1140 aptam
701 1043 805 1118 dictus
822 1042 999 1116 Lndwieus
1017 1042 1199 1138 pretende-

69 1140 117 1212 bat
134 1143 321 1218 auferendo
338 1167 476 1216 uxorem
494 1145 676 1237 sepefatam
693 1141 759 1212 filio
776 1145 868 1233 regis
879 1140 1110 1212 Bohemiehoc
1125 1142 1199 1214 luit:

68 1242 139 1332 quia
156 1241 240 1314 dixit
255 1247 365 1338 ipsum
379 1243 452 1315 iore
468 1245 677 1335 inpotentem.
713 1240 756 1310 Et
779 1241 851 1312 talis
875 1239 960 1310 lama
985 1237 1118 1312 volabat
1162 1263 1201 1312 er

68 1348 163 1408 totam
182 1349 307 1412 terram
323 1351 358 1412 et
374 1340 516 1412 creditur
532 1340 636 1412 luisse
656 1361 749 1425 veraq
767 1341 840 1432 quia
858 1336 944 1408 hanc
959 1339 1030 1430 ipsa
1042 1264 1176 1410 uxorllr

69 1439 160 1506 miter
178 1437 369 1510 testabatur.
401 1437 470 1508 Sed
487 1440 561 1531 quia
579 1441 650 1530 ipso
666 1435 844 1508 Lndwieus
869 1456 935 1508 non
952 1432 1121 1508 debuisset
1137 1435 1201 1508 boc

68 1533 189 1604 iecisse
208 1539 282 1607 sine
300 1558 465 1610 consensu
483 1558 567 1629 pape
591 1535 649 1605 vel
666 1537 913 1626 episcoporum
941 1535 1011 1613 uisi.
1026 1535 1115 1625 prius
1139 1557 1200 1628 per

68 1631 137 1703 illos
156 1631 332 1706 divortium
344 1638 399 1706 via
410 1637 489 1705 iuris
499 1630 667 1726 prehabita
678 1631 796 1703 luisset
806 1628 1014 1702 celebratum.
1043 1629 1092 1700 Ob
1102 1634 1199 1706 istam

68 1750 200 1802 causam
219 1732 411 1804 Volmarns¹
430 1753 494 1802 rex
509 1729 668 1802 Bohernie
693 1739 726 1798 et
749 1727 834 1800 lilius
859 1749 939 1800 suus
958 1727 1099 1800 Karalus
1123 1739 1200 1801 tunc

68 1826 210 1898 marchio
235 1841 324 1901 terre
346 1828 545 1902 blancharic²
571 1850 644 1900 curn
668 1829 788 1898 ceteris
812 1828 924 1897 amicis
949 1828 1093 1917 ipsorum
1117 1849 1199 1920 sepe

66 1935 196 1996 uamato
215 1926 373 2000 Ludwico
396 1939 429 2000 et
445 1926 519 1999 idiis
544 1929 613 2000 suis
638 1927 772 2016 suisque
796 1925 891 1994 terris
915 1920 1002 1996 bolla
1025 1922 1198 1996 durissima

67 2036 254 2114 mouerunt7
278 2049 338 2119 per
356 2049 419 2120 que
436 2024 522 2096 bella
541 2029 624 2096 sicut
640 2023 717 2094 olim
734 2022 830 2092 Troia
848 2043 908 2113 por
923 2031 1052 2114 raptum
1069 2021 1198 2094 Helene

66 2121 105 2188 ita
123 2119 281 2194 bawaria
300 2135 333 2195 et
349 2134 415 2194 tota
426 2122 592 2193 Karintbia
603 2121 750 2214 plurimis
764 2118 923 2192 incendiis
935 2119 1047 2212 spoliis
1060 2123 1199 2194 atensi-

68 2213 128 2287 bns
144 2219 389 2310 premebantur.

120 2317 391 2408 t'eraaacrtpos.
416 2317 545 2390 Deinde
558 2314 723 2406 subiungit
734 2317 806 2409 (pris
816 2319 912 2388 istum
924 2325 1093 2388 nautarum
1101 2337 1198 2386 com-

70 2419 214 2503 posuerit
229 2415 284 2486 ubi
303 2417 432 2510 quando
455 2427 488 2487 et
511 2437 631 2508 quare„
654 2424 687 2484 et
708 2413 849 2506 quedam
872 2414 934 2486 alia
959 2409 1199 2504 subiunguntur

68 2532 129 2601 qne
146 2513 352 2585 sufficienter
366 2525 478 2608 patent
494 2517 527 2583 in
545 2522 645 2584 textu.

114 2609 200 2682 llinc
216 2613 316 2682 aliurn
333 2611 449 2683 librurn
468 2609 634 2700 subiungit
657 2619 750 2680 atrtor
768 2612 941 2702 prologum
959 2609 1096 2681 secundi
1113 2606 1196 2700 libri„

68 2717 96 2776 ot
113 2719 202 2799 patet
219 2709 420 2780 sullioienter
438 2713 470 2780 in
481 2719 589 2781 textu:
606 2709 745 2778 Rursum
755 2712 903 2790 moterlo.
927 2707 1196 2782 Inhoesecundo
1229 2713 1232 2720 ⁴

69 2801 144 2874 libro
163 2817 259 2878 autor
275 2811 411 2878 resumit
429 2809 597 2876 materiam
614 2826 733 2895 regum
751 2804 974 2877 Romanorum
992 2828 1090 2899 supra
1109 2829 1196 2900 que·-

68 2901 137 2972 dnm
155 2904 337 2976 incidenoia
360 2907 550 2998 interposita
572 2905 805 2997 pretermissa,
833 2902 945 2977 dicens
963 2903 1049 2996 quod
1066 2902 1196 2976 biennio

69 3011 237 3094 antequam
262 3001 439 3074 Lndwieus
463 3011 675 3095 prenarratus
699 3011 901 3089 moreretur„
931 3023 1014 3094 papa
1040 3000 1195 3075 Clemens

69 3109 179 3170 sentus
197 3098 367 3172 mandavit
382 3097 579 3193 principibus
594 3095 808 3172 electoribus:
826 3109 860 3170 nt
877 3099 975 3170 aliurn
992 3119 1111 3188 regem
1128 3101 1195 3172 eli-

69 3207 184 3276 parent
206 3220 304 3290 quern
328 3202 401 3291 ipse
425 3196 651 3284 confirmaret„
683 3219 758 3266 cunr
782 3196 886 3268 dictus
910 3194 1088 3268 Ludwicus
1110 3197 1196 3269 foret

70 3291 232 3392 depositus
250 3299 444 3388 peripsum.
470 3297 617 3382 Quorum
635 3296 815 3387 principum
833 3296 944 3365 sanior
961 3315 1038 3386 para
1056 3303 1091 3365 ut
1106 3305 1196 3388 patet

71 3392 100 3458 in
116 3391 218 3462 littera
236 3394 340 3483 elegit
355 3392 525 3482 llaroluntq
542 3392 643 3462 lilium
660 3394 752 3482 regis
769 3391 940 3480 Bohemie,
958 3391 1092 3462 fratrem
1108 3393 1194 3465 illius

70 3490 118 3556 cui
135 3491 248 3561 mulier
264 3513 325 3583 per
341 3493 447 3584 ipsum
458 3489 651 3560 Ludwicum
667 3488 775 3560 iuerat
787 3487 906 3576 ablata„
923 3499 958 3560 ut
967 3500 1126 3580 regnaret
1135 3513 1195 3585 pro

71 3587 138 3674 ipso
152 3584 319 3659 Lndwico.
345 3585 420 3658 Fuit
435 3599 544 3660 autem
560 3607 645 3681 papa
664 3583 820 3660 Clemens
844 3585 886 3656 ad
908 3587 1094 3658 laciendum
1110 3611 1195 3682 pre-

71 3679 148 3751 dicta
164 3685 313 3756 inductus
332 3707 378 3758 ex
394 3685 534 3756 historiis
552 3685 679 3756 veteris
697 3687 895 3772 testamenti,
913 3687 946 3756 in
963 3682 1079 3779 quibus
1097 3686 1194 3758 sulli-

72 3781 188 3851 cienter
204 3786 395 3876 exprimitur
406 3782 490 3876 qnod
502 3778 676 3877 reprobato
687 3803 772 3874 rege
782 3779 1020 3871 inobediendo,
1037 3805 1099 3854 rex
1112 3784 1195 3856 alter

72 3873 222 3950 obediens
238 3881 306 3971 legi
325 3891 496 3970 stattmtur„
514 3881 665 3974 quamvis
683 3879 789 3952 adbuc
804 3903 868 3952 rex
884 3878 1079 3974 reprobatus
1090 3883 1192 3952 vivat.

75 3971 164 4043 l'nde
177 3978 298 4069 legitur
313 3981 417 4072 primo
434 4001 553 4070 regum
571 3980 648 4050 eto.5
699 3976 756 4050 Sic
779 3981 883 4050 eciam
906 3979 977 4050 vult
999 4000 1083 4071 papa
1108 3977 1193 4071 qaod

91 4141 136 4220 'lJ
154 4145 225 4200 sollte
238 4146 362 4202 baissen:
382 4147 528 4204 lohannes.
564 4147 595 4206 2t
610 4147 689 4202 sollte
705 4145 827 4202 baiesen:
847 4146 970 4202 lloravie.
1008 4147 1038 4214 3)
1054 4145 1124 4214 lolgt
1139 4163 1192 4202 trun

75 4228 131 4265 atne
149 4217 333 4273 ttnstindliclre
357 4217 648 4288 auseinandersctzung
667 4219 732 4272 nach
755 4219 805 4272 der
819 4217 972 4286 gesoltiolnle
988 4234 1040 4272 uon
1057 4215 1118 4274 Saul
1139 4218 1192 4275 und

76 4282 160 4356 David
174 4288 274 4346 welche
290 4289 333 4351 ich
348 4289 493 4358 weglusse.
