2904 4822
332 236 508 296 nemarcos
523 237 566 294 uu
580 235 864 296 nussumovnus.
1144 241 1190 314 25

76 397 392 470 nonannoeane
402 396 535 464 omanis
550 397 738 466 comino.
756 393 835 464 item
851 397 892 466 de
902 395 1122 484 revocatione,
1139 397 1192 464 ut-

160 498 280 566 dcttcet
297 497 460 582 qumodo
480 497 645 564 rcooccctt
669 496 869 564 decisionum
896 495 1039 562 decim
1065 497 1194 564 ratione

155 595 311 682 paecepit
320 593 484 679 aliquibus
493 611 672 681 concessos,
689 593 923 679 etqutlusdom
932 594 1017 662 clito.
1051 592 1128 680 Cap.
1140 594 1193 661 cit.

113 711 210 784 Anno
221 719 334 780 autom
345 706 464 779 domini
471 705 924 801 m.coo.xxx.vi.pontiiicatus
931 705 1100 779 Benedicti
1107 729 1194 779 anno
1210 715 1277 774 1336

69 807 208 882 secundo
225 810 259 878 in
276 803 406 901 publico
423 807 615 878 consistorio
633 802 718 900 quod
735 800 845 876 habuit
860 809 893 876 in
910 805 1035 900 palacio
1046 804 1194 878 Avinio-

67 909 156 978 nensi
173 931 227 976 ιιιι.
245 903 311 976 tat.
330 901 483 976 februarii
501 901 731 976 determinavit
748 905 951 997 questionem
974 904 1112 975 visionis
1132 925 1194 976 es-

67 1004 222 1093 sentens,
240 1001 398 1074 videlicet
415 1001 499 1096 quod
517 1003 620 1074 sancti
637 1003 669 1072 in
686 1005 788 1095 putria
806 1000 993 1072 nuncolare
1011 999 1195 1092 gauderent

67 1104 114 1174 illa
132 1105 265 1174 visione
289 1098 395 1171 iaciali
414 1110 448 1171 et
464 1098 581 1171 eodem
604 1121 742 1172 numero
760 1097 801 1168 dc
819 1121 882 1194 quo
899 1098 1039 1193 loquitur
1055 1109 1194 1192 aposto-

66 1203 112 1274 lus
134 1198 277 1271 Paulus:
300 1199 473 1267 Dominum
497 1218 582 1270 uuna
598 1201 742 1270 uidemus
754 1217 818 1286 per
833 1201 997 1286 speculum
1015 1201 1194 1288 euipmatis,

66 1309 135 1370 tunc
150 1305 262 1368 aulem
281 1293 371 1380 socie
388 1299 435 1366 ad
450 1294 586 1385 satiem
604 1306 636 1366 et
646 1298 841 1368 scunarium
853 1298 1033 1368 sentientes
1045 1305 1194 1370 temera-

65 1401 108 1468 rie
125 1419 166 1468 ao
181 1395 395 1490 pertinaciter
411 1395 525 1488 punire
543 1393 691 1466 decrevit
706 1405 742 1466 ut
758 1391 920 1467 hereticos
938 1395 970 1466 in
989 1417 1048 1466 sua
1067 1397 1194 1468 consti-

66 1498 183 1566 tutione
201 1513 303 1588 mam
321 1513 422 1586 super
438 1491 501 1563 hoc
518 1489 627 1582 edidit
646 1491 706 1564 sub
724 1489 824 1564 bulla¹
843 1490 999 1587 publicari
1017 1491 1194 1566 mandavit.

66 1593 251 1665 Revocavit
269 1593 374 1660 eciam
390 1612 474 1685 papa
491 1589 656 1683 predictus
674 1589 819 1663 decimas
838 1589 1037 1662 deeimarum
1055 1587 1195 1686 quihus-

66 1713 189 1784 cunqne
213 1709 396 1760 concessas
418 1691 544 1758 ratione
567 1691 726 1782 passagit
752 1711 797 1760 ex
821 1710 884 1782 quo
906 1691 1099 1783 passagium
1116 1688 1196 1761 vidit

65 1789 253 1879 neglectum
271 1807 332 1880 per
348 1807 465 1876 regem
480 1783 661 1881 Philippum
675 1785 887 1877 Francorum,
906 1789 958 1880 qui
976 1784 1039 1857 hoc
1055 1789 1195 1858 iurave-

65 1897 111 1958 rat
132 1895 168 1956 ut
192 1885 348 1978 superius
373 1893 425 1954 est
447 1882 575 1956 dictum.
592 1883 753 1956 Decrevit
774 1887 910 1979 insuper
932 1893 968 1956 ut
982 1895 1137 1978 percepta
1155 1882 1196 1955 de

67 1983 198 2056 decimis
217 1985 470 2054 restituerentur
487 1982 637 2054 ecclesiis
656 2005 674 2052 a
693 1980 807 2076 quihus
825 1991 982 2076 percepto
1000 1991 1110 2069 erant;
1128 2003 1196 2054 ex-

66 2087 145 2176 cepit
161 2091 276 2152 tamen
292 2100 411 2171 regem
421 2077 558 2150 mancio
577 2103 595 2150 a
613 2081 815 2152 restitutione
832 2077 986 2175 predicta.
1004 2077 1078 2151 Fuit
1088 2090 1196 2151 autem

65 2181 232 2250 revocatio
256 2176 342 2248 iacta
365 2197 451 2246 anno
469 2176 654 2271 supradicto
670 2181 749 2249 xvii.
768 2177 832 2250 kal.
851 2180 997 2249 ianuarii.
1100 2177 1196 2268 [Item

66 2299 147 2349 anno
164 2274 288 2347 donini
306 2277 547 2346 mcccxxxvi.
564 2296 598 2347 v.
616 2296 693 2346 non.
711 2277 814 2348 martii
832 2298 895 2348 rex
903 2275 1068 2371 Philippus
1086 2274 1196 2347 Fran-

67 2397 175 2446 corum
192 2373 290 2444 venit
306 2371 348 2444 ad
365 2394 482 2467 papam
499 2369 722 2444 Benedictum.
740 2372 783 2445 Et
799 2371 853 2462 ihi,
871 2373 1016 2446 exclusis
1034 2370 1197 2461 ominbus

67 2474 153 2544 solas
165 2493 243 2543 cum
254 2492 338 2565 papa
349 2467 459 2542 habuit
469 2469 663 2566 colloquium
676 2493 777 2564 super
788 2475 946 2566 passagio
957 2468 1042 2567 quod
1059 2466 1199 2541 debebat

66 2573 231 2666 incepisse
247 2567 313 2640 kal.
332 2571 463 2660 augurati
479 2572 629 2663 proxime
646 2573 800 2662 preteriti.
819 2568 861 2640 Et
878 2571 1197 2642 sicremansitinex-

65 2669 196 2762 pletum.
215 2665 271 2738 Ex
287 2688 351 2761 qno
368 2665 467 2736 multa
485 2665 571 2738 mala
588 2662 828 2738 inierrcbantur
839 2665 1030 2740 Christianis
1041 2665 1198 2761 perSar-

65 2788 205 2838 raeenos
223 2773 258 2836 et
274 2766 417 2835 mammo
434 2763 615 2852 Armeniisq
633 2766 685 2858 qui
704 2764 822 2835 eodem
839 2785 925 2838 anno
943 2766 1074 2836 inerunt
1091 2786 1197 2858 supe-

66 2869 134 2954 rati,
153 2873 188 2935 et
205 2861 373 2956 planitiem
386 2864 569 2934 amittentes
580 2859 734 2956 petebant
744 2873 909 2952 nonnus,
928 2871 1101 2957 sperantes
1113 2857 1198 2934 suh-

67 2961 182 3032 sidinm
201 2958 346 3030 ecclesie
364 2967 398 3030 et
411 2961 503 3050 regis
514 2958 659 3055 Philippi.
761 2960 860 3032 Anno
872 2959 992 3033 domini
1003 2982 1197 3032 mcccxxx.

67 3063 118 3130 vii.
136 3059 305 3130 Henricus
322 3054 391 3128 dux
401 3055 557 3130 Bawarie
569 3079 630 3151 per
639 3067 868 3151 procuratores
881 3078 973 3146 suos„
992 3079 1072 3152 quos
1085 3055 1200 3128 adhoc

67 3159 160 3244 misit
178 3157 270 3250 petiit
287 3177 325 3226 se
344 3151 682 3228 absolviascntentiis
695 3177 775 3250 quas
786 3158 919 3227 incurrit
931 3152 1199 3226 communicando
1248 3194 1259 3214 ·

68 3277 138 3326 oum
155 3251 305 3348 predicto
321 3249 512 3341 Ludevvicc,
531 3260 564 3324 et
580 3274 663 3348 papa
673 3251 872 3324 Benedictus
890 3275 976 3323 anno
993 3250 1198 3347 pontificatus

67 3356 114 3424 sui
137 3353 243 3424 tercio
266 3352 373 3444 ipsum
391 3347 574 3442 absolvat]
599 3353 633 3422 A
649 3361 798 3445 tempore
821 3360 931 3422 autern
948 3371 1009 3422 sue
1026 3352 1199 3422 creationis

67 3473 169 3544 usque
200 3447 243 3520 ad
272 3469 416 3519 annuum
438 3452 567 3521 xxxvi.
596 3449 792 3543 completum
814 3471 898 3542 pape
921 3446 1120 3520 Benedictus
1142 3451 1198 3520 xii.

67 3559 176 3641 preter
192 3548 356 3641 premissa
373 3545 470 3617 nichil
486 3545 620 3638 dignum
637 3546 796 3617 relatione
807 3547 894 3632 lecit
912 3547 974 3618 nisi
985 3545 1071 3640 quod
1082 3546 1200 3640 capel-

68 3645 128 3716 lun
153 3647 206 3717 sui
229 3644 345 3738 palacii
371 3643 537 3737 ampliavit
554 3651 586 3714 et
605 3641 795 3738 quibusdam
814 3643 1032 3736 indulgenciis
1050 3645 1199 3731 munivit

69 3753 101 3812 ct
116 3739 203 3836 qnod
219 3743 335 3812 turrim
351 3763 507 3834 magnam
526 3743 729 3814 coniunctam
748 3763 808 3813 suo
825 3741 951 3836 palacio
969 3743 1150 3814 construxit
1167 3749 1201 3810 et

70 3844 158 3934 quasi
176 3839 326 3934 perfecit
344 3861 408 3934 que
419 3842 524 3912 eciam
535 3837 576 3910 ad
588 3842 637 3912 sui
649 3839 887 3911 simulitudinem
904 3861 1026 3930 magna
1044 3835 1199 3932 quiadmtu

70 3948 101 4008 et
116 3937 179 4009 alta
197 3937 334 4009 existit³.

104 4049 132 4117 1)
146 4049 216 4123 pullu
231 4051 272 4106 ius.
309 4049 508 4119 morenciaco
530 4050 555 4106 in
572 4051 647 4107 eclste
664 4050 807 4110 klammern
822 4049 1077 4120 eingesohlossenen
1093 4050 1201 4106 obsitae

72 4119 157 4175 letales
171 4121 198 4176 in
211 4121 313 4177 meiner
327 4121 465 4186 atschrilt,
480 4123 534 4177 and
548 4121 607 4178 siud
623 4122 680 4178 hier
694 4139 742 4177 aus
757 4121 810 4177 Bet.
826 4127 945 4190 ergtinrt,
963 4120 1052 4176 wobei
1063 4119 1158 4176 iedoch
1169 4139 1201 4178 zu

73 4190 212 4247 bcmcrtren
227 4192 272 4262 ist,
287 4193 349 4250 dass
365 4193 413 4248 der
426 4193 521 4250 nweite
536 4193 626 4249 ahsatn
641 4193 707 4248 tiber
721 4193 768 4248 das
783 4193 883 4249 diesem
898 4209 927 4248 ca
948 4191 992 4248 itel
1007 4198 1127 4262 geseute
1142 4193 1203 4248 iaic-

74 4261 345 4404 peslgieetdhinausgsslpg.
369 4263 401 4332 3)
417 4263 441 4320 d
458 4270 578 4337 tempore
593 4295 626 4306 -
642 4264 733 4320 existit
747 4263 818 4322 steht
831 4263 875 4320 hai
893 4211 946 4324 td
962 4281 1004 4322 am
1018 4263 1140 4322 echlnsse
1155 4263 1202 4320 dea

85 4349 102 4388 o
147 4350 214 4389 nen
230 4351 289 4410 capr
341 4377 347 4392 .
