<?xml version="1.0" encoding="UTF-8"?>
<!DOCTYPE html PUBLIC "-//W3C//DTD XHTML 1.0 Transitional//EN"
    "http://www.w3.org/TR/xhtml1/DTD/xhtml1-transitional.dtd">
<html xmlns="http://www.w3.org/1999/xhtml" xml:lang="en" lang="en">
 <head>
  <title>
</title>
<meta http-equiv="Content-Type" content="text/html;charset=utf-8" />
  <meta name='ocr-system' content='tesseract 3.04.00' />
  <meta name='ocr-capabilities' content='ocr_page ocr_carea ocr_par ocr_line ocrx_word'/>
</head>
<body>
  <div class='ocr_page' id='page_1' title='image "./fontesrerumgerm01hubegoog_0426.png"; bbox 0 0 3036 4822; ppageno 0'>
   <div class='ocr_carea' id='block_1_1' title="bbox 399 239 1263 322">
    <p class='ocr_par' dir='ltr' id='par_1_1' title="bbox 399 239 1263 322">
     <span class='ocr_line' id='line_1_1' title="bbox 399 239 1263 322; baseline -0.005 -16"><span class='ocrx_word' id='word_1_1' title='bbox 399 241 567 306; x_wconf 61' lang='lat' dir='ltr'><strong>muron</strong></span> <span class='ocrx_word' id='word_1_2' title='bbox 584 241 780 304; x_wconf 82' lang='lat' dir='ltr'><strong>rmasuuua</strong></span> <span class='ocrx_word' id='word_1_3' title='bbox 798 241 998 306; x_wconf 81' lang='lat' dir='ltr'><strong>srnmsroa.</strong></span> <span class='ocrx_word' id='word_1_4' title='bbox 1189 239 1263 322; x_wconf 74' lang='lat'><strong>349</strong></span> 
     </span>
    </p>
   </div>
   <div class='ocr_carea' id='block_1_2' title="bbox 135 415 1267 516">
    <p class='ocr_par' dir='ltr' id='par_1_2' title="bbox 135 415 1267 516">
     <span class='ocr_line' id='line_1_2' title="bbox 135 415 1267 516; baseline -0.001 -23"><span class='ocrx_word' id='word_1_5' title='bbox 135 415 231 494; x_wconf 77' lang='lat' dir='ltr'><strong>lieni</strong></span> <span class='ocrx_word' id='word_1_6' title='bbox 258 423 368 510; x_wconf 80' lang='lat' dir='ltr'><strong>Quae</strong></span> <span class='ocrx_word' id='word_1_7' title='bbox 379 423 438 496; x_wconf 89' lang='lat' dir='ltr'><strong>vel</strong></span> <span class='ocrx_word' id='word_1_8' title='bbox 455 419 604 516; x_wconf 86' lang='lat' dir='ltr'><strong>quamob</strong></span> <span class='ocrx_word' id='word_1_9' title='bbox 615 445 687 496; x_wconf 89' lang='lat' dir='ltr'><strong>rem</strong></span> <span class='ocrx_word' id='word_1_10' title='bbox 704 422 804 495; x_wconf 88' lang='lat' dir='ltr'><strong>multa</strong></span> <span class='ocrx_word' id='word_1_11' title='bbox 821 422 907 496; x_wconf 92' lang='lat' dir='ltr'><strong>mala</strong></span> <span class='ocrx_word' id='word_1_12' title='bbox 924 422 1028 494; x_wconf 87' lang='lat' dir='ltr'><strong>intulit</strong></span> <span class='ocrx_word' id='word_1_13' title='bbox 1045 421 1188 495; x_wconf 83' lang='lat' dir='ltr'><strong>eodesie</strong></span> <span class='ocrx_word' id='word_1_14' title='bbox 1206 443 1267 494; x_wconf 87' lang='lat' dir='ltr'><strong>sua</strong></span> 
     </span>
    </p>
   </div>
   <div class='ocr_carea' id='block_1_3' title="bbox 133 518 1267 1299">
    <p class='ocr_par' dir='ltr' id='par_1_3' title="bbox 133 518 1267 1299">
     <span class='ocr_line' id='line_1_3' title="bbox 135 518 1267 615; baseline 0.002 -25"><span class='ocrx_word' id='word_1_15' title='bbox 135 519 297 615; x_wconf 71' lang='lat' dir='ltr'><strong>Spirensi,</strong></span> <span class='ocrx_word' id='word_1_16' title='bbox 321 531 421 592; x_wconf 89' lang='lat' dir='ltr'><strong>totam</strong></span> <span class='ocrx_word' id='word_1_17' title='bbox 438 543 525 614; x_wconf 90' lang='lat' dir='ltr'><strong>pene</strong></span> <span class='ocrx_word' id='word_1_18' title='bbox 549 519 694 594; x_wconf 77' lang='lat' dir='ltr'><strong>diocesin</strong></span> <span class='ocrx_word' id='word_1_19' title='bbox 712 518 940 594; x_wconf 78' lang='lat' dir='ltr'><strong>miserabiliter</strong></span> <span class='ocrx_word' id='word_1_20' title='bbox 962 543 1024 614; x_wconf 90' lang='lat' dir='ltr'><strong>per</strong></span> <span class='ocrx_word' id='word_1_21' title='bbox 1040 524 1185 615; x_wconf 68' lang='lat' dir='ltr'><strong>mpinas,</strong></span> <span class='ocrx_word' id='word_1_22' title='bbox 1210 521 1267 592; x_wconf 90' lang='lat' dir='ltr'><strong>la-</strong></span> 
     </span>
     <span class='ocr_line' id='line_1_4' title="bbox 135 617 1266 714; baseline -0.001 -24"><span class='ocrx_word' id='word_1_23' title='bbox 135 621 269 690; x_wconf 83' lang='lat' dir='ltr'><strong>uoeima</strong></span> <span class='ocrx_word' id='word_1_24' title='bbox 281 629 315 689; x_wconf 90' lang='lat' dir='ltr'><strong>et</strong></span> <span class='ocrx_word' id='word_1_25' title='bbox 325 618 472 690; x_wconf 89' lang='lat' dir='ltr'><strong>inoendia</strong></span> <span class='ocrx_word' id='word_1_26' title='bbox 485 617 754 714; x_wconf 69' lang='lat' dir='ltr'>depauperando,</span> <span class='ocrx_word' id='word_1_27' title='bbox 765 618 972 691; x_wconf 90' lang='lat' dir='ltr'><strong>devastando</strong></span> <span class='ocrx_word' id='word_1_28' title='bbox 982 628 1017 690; x_wconf 88' lang='lat' dir='ltr'><strong>at</strong></span> <span class='ocrx_word' id='word_1_29' title='bbox 1026 617 1266 713; x_wconf 58' lang='lat' dir='ltr'><strong>depopulandoq</strong></span> 
     </span>
     <span class='ocr_line' id='line_1_5' title="bbox 135 714 1267 808; baseline 0.003 -23"><span class='ocrx_word' id='word_1_30' title='bbox 135 717 227 786; x_wconf 89' lang='lat' dir='ltr'><strong>utin</strong></span> <span class='ocrx_word' id='word_1_31' title='bbox 249 719 402 808; x_wconf 83' lang='lat' dir='ltr'><strong>vestigiis</strong></span> <span class='ocrx_word' id='word_1_32' title='bbox 428 721 545 788; x_wconf 84' lang='lat' dir='ltr'><strong>montis</strong></span> <span class='ocrx_word' id='word_1_33' title='bbox 570 719 673 789; x_wconf 85' lang='lat' dir='ltr'><strong>saneti</strong></span> <span class='ocrx_word' id='word_1_34' title='bbox 692 714 848 788; x_wconf 80' lang='lat' dir='ltr'><strong>Germani</strong></span> <span class='ocrx_word' id='word_1_35' title='bbox 873 726 967 789; x_wconf 80' lang='lat' dir='ltr'><strong>extra</strong></span> <span class='ocrx_word' id='word_1_36' title='bbox 992 737 1103 787; x_wconf 90' lang='lat' dir='ltr'><strong>muros</strong></span> <span class='ocrx_word' id='word_1_37' title='bbox 1127 719 1267 788; x_wconf 81' lang='lat' dir='ltr'><strong>civitatis</strong></span> 
     </span>
     <span class='ocr_line' id='line_1_6' title="bbox 135 811 1264 908; baseline 0.001 -25"><span class='ocrx_word' id='word_1_38' title='bbox 135 811 323 906; x_wconf 92' lang='lat' dir='ltr'><strong>prohdolor</strong></span> <span class='ocrx_word' id='word_1_39' title='bbox 339 817 459 886; x_wconf 85' lang='lat' dir='ltr'><strong>nostris</strong></span> <span class='ocrx_word' id='word_1_40' title='bbox 477 811 677 908; x_wconf 78' lang='lat' dir='ltr'><strong>temporibus</strong></span> <span class='ocrx_word' id='word_1_41' title='bbox 688 817 832 886; x_wconf 80' lang='lat' dir='ltr'><strong>cernitur</strong></span> <span class='ocrx_word' id='word_1_42' title='bbox 841 813 1024 886; x_wconf 89' lang='lat' dir='ltr'><strong>evidenter.</strong></span> <span class='ocrx_word' id='word_1_43' title='bbox 1050 813 1112 884; x_wconf 82' lang='lat' dir='ltr'><strong>flio</strong></span> <span class='ocrx_word' id='word_1_44' title='bbox 1127 813 1264 886; x_wconf 89' lang='lat' dir='ltr'><strong>resedit¹</strong></span> 
     </span>
     <span class='ocr_line' id='line_1_7' title="bbox 134 909 1267 1006; baseline 0 -24"><span class='ocrx_word' id='word_1_45' title='bbox 134 914 168 982; x_wconf 93' lang='lat' dir='ltr'><strong>in</strong></span> <span class='ocrx_word' id='word_1_46' title='bbox 185 910 328 984; x_wconf 83' lang='lat' dir='ltr'><strong>ecelesia</strong></span> <span class='ocrx_word' id='word_1_47' title='bbox 346 909 494 1005; x_wconf 86' lang='lat' dir='ltr'><strong>Spirensi</strong></span> <span class='ocrx_word' id='word_1_48' title='bbox 521 914 616 983; x_wconf 88' lang='lat' dir='ltr'><strong>annis</strong></span> <span class='ocrx_word' id='word_1_49' title='bbox 640 910 713 982; x_wconf 82' lang='lat' dir='ltr'><strong>iere</strong></span> <span class='ocrx_word' id='word_1_50' title='bbox 737 915 888 1006; x_wconf 78' lang='lat' dir='ltr'><strong>tprinque.</strong></span> <span class='ocrx_word' id='word_1_51' title='bbox 923 911 1007 982; x_wconf 88' lang='lat' dir='ltr'><strong>Nam</strong></span> <span class='ocrx_word' id='word_1_52' title='bbox 1036 932 1122 982; x_wconf 89' lang='lat' dir='ltr'><strong>anno</strong></span> <span class='ocrx_word' id='word_1_53' title='bbox 1146 910 1267 982; x_wconf 93' lang='lat' dir='ltr'><strong>domini</strong></span> 
     </span>
     <span class='ocr_line' id='line_1_8' title="bbox 134 1007 1267 1103; baseline 0.002 -25"><span class='ocrx_word' id='word_1_54' title='bbox 134 1008 368 1080; x_wconf 85' lang='lat' dir='ltr'><strong>moooclxiiii.</strong></span> <span class='ocrx_word' id='word_1_55' title='bbox 386 1018 504 1080; x_wconf 85' lang='lat' dir='ltr'><strong>octava</strong></span> <span class='ocrx_word' id='word_1_56' title='bbox 522 1008 575 1079; x_wconf 93' lang='lat' dir='ltr'><strong>die</strong></span> <span class='ocrx_word' id='word_1_57' title='bbox 592 1012 717 1082; x_wconf 90' lang='lat' dir='ltr'><strong>mensis</strong></span> <span class='ocrx_word' id='word_1_58' title='bbox 735 1013 867 1101; x_wconf 83' lang='lat' dir='ltr'><strong>augusti</strong></span> <span class='ocrx_word' id='word_1_59' title='bbox 887 1008 929 1080; x_wconf 89' lang='lat' dir='ltr'><strong>de</strong></span> <span class='ocrx_word' id='word_1_60' title='bbox 948 1031 1114 1082; x_wconf 88' lang='lat' dir='ltr'><strong>eonsensu</strong></span> <span class='ocrx_word' id='word_1_61' title='bbox 1137 1007 1267 1103; x_wconf 85' lang='lat' dir='ltr'><strong>capituli</strong></span> 
     </span>
     <span class='ocr_line' id='line_1_9' title="bbox 133 1105 1266 1201; baseline 0 -25"><span class='ocrx_word' id='word_1_62' title='bbox 133 1105 302 1200; x_wconf 87' lang='lat' dir='ltr'><strong>Spirensis</strong></span> <span class='ocrx_word' id='word_1_63' title='bbox 320 1109 420 1179; x_wconf 86' lang='lat' dir='ltr'><strong>eessit</strong></span> <span class='ocrx_word' id='word_1_64' title='bbox 437 1109 650 1201; x_wconf 65' lang='lat' dir='ltr'><strong>episeopatul</strong></span> <span class='ocrx_word' id='word_1_65' title='bbox 669 1116 702 1178; x_wconf 88' lang='lat' dir='ltr'><strong>et</strong></span> <span class='ocrx_word' id='word_1_66' title='bbox 712 1111 883 1200; x_wconf 90' lang='lat' dir='ltr'><strong>provisum</strong></span> <span class='ocrx_word' id='word_1_67' title='bbox 893 1106 952 1178; x_wconf 86' lang='lat' dir='ltr'><strong>luit</strong></span> <span class='ocrx_word' id='word_1_68' title='bbox 964 1107 1106 1178; x_wconf 87' lang='lat' dir='ltr'><strong>eoelesie</strong></span> <span class='ocrx_word' id='word_1_69' title='bbox 1117 1105 1266 1199; x_wconf 84' lang='lat' dir='ltr'><strong>Spirensi</strong></span> 
     </span>
     <span class='ocr_line' id='line_1_10' title="bbox 134 1201 1265 1299; baseline 0.001 -27"><span class='ocrx_word' id='word_1_70' title='bbox 134 1225 196 1297; x_wconf 91' lang='lat' dir='ltr'><strong>per</strong></span> <span class='ocrx_word' id='word_1_71' title='bbox 212 1203 304 1275; x_wconf 88' lang='lat' dir='ltr'><strong>Pium</strong></span> <span class='ocrx_word' id='word_1_72' title='bbox 321 1227 439 1299; x_wconf 91' lang='lat' dir='ltr'><strong>papam</strong></span> <span class='ocrx_word' id='word_1_73' title='bbox 465 1203 646 1276; x_wconf 86' lang='lat' dir='ltr'><strong>seeundum</strong></span> <span class='ocrx_word' id='word_1_74' title='bbox 664 1203 706 1274; x_wconf 90' lang='lat' dir='ltr'><strong>de</strong></span> <span class='ocrx_word' id='word_1_75' title='bbox 731 1227 873 1298; x_wconf 92' lang='lat' dir='ltr'><strong>persona</strong></span> <span class='ocrx_word' id='word_1_76' title='bbox 901 1203 1022 1275; x_wconf 91' lang='lat' dir='ltr'><strong>domini</strong></span> <span class='ocrx_word' id='word_1_77' title='bbox 1038 1201 1174 1274; x_wconf 87' lang='lat' dir='ltr'><strong>Matthia</strong></span> <span class='ocrx_word' id='word_1_78' title='bbox 1190 1203 1265 1274; x_wconf 85' lang='lat' dir='ltr'><strong>lla-</strong></span> 
     </span>
    </p>
   </div>
   <div class='ocr_carea' id='block_1_4' title="bbox 5 1300 1266 1396">
    <p class='ocr_par' dir='ltr' id='par_1_4' title="bbox 5 1300 1266 1396">
     <span class='ocr_line' id='line_1_11' title="bbox 5 1300 1266 1396; baseline -0.005 -18"><span class='ocrx_word' id='word_1_79' title='bbox 5 1373 6 1378; x_wconf 65' lang='lat'>,</span> <span class='ocrx_word' id='word_1_80' title='bbox 134 1321 251 1392; x_wconf 66' lang='lat' dir='ltr'><strong>mung,</strong></span> <span class='ocrx_word' id='word_1_81' title='bbox 269 1305 429 1391; x_wconf 68' lang='lat' dir='ltr'><strong>eanonioi,</strong></span> <span class='ocrx_word' id='word_1_82' title='bbox 446 1300 591 1373; x_wconf 92' lang='lat' dir='ltr'><strong>nondum</strong></span> <span class='ocrx_word' id='word_1_83' title='bbox 609 1301 807 1396; x_wconf 67' lang='lat' dir='ltr'><strong>capitularis,</strong></span> <span class='ocrx_word' id='word_1_84' title='bbox 825 1301 969 1374; x_wconf 87' lang='lat' dir='ltr'><strong>ecclesie</strong></span> <span class='ocrx_word' id='word_1_85' title='bbox 982 1300 1161 1396; x_wconf 64' lang='lat' dir='ltr'><strong>Spirensis,</strong></span> <span class='ocrx_word' id='word_1_86' title='bbox 1179 1323 1266 1372; x_wconf 89' lang='lat' dir='ltr'><strong>oan-</strong></span> 
     </span>
    </p>
   </div>
   <div class='ocr_carea' id='block_1_5' title="bbox 129 1397 1267 4025">
    <p class='ocr_par' dir='ltr' id='par_1_5' title="bbox 131 1397 1267 2468">
     <span class='ocr_line' id='line_1_12' title="bbox 134 1397 1265 1493; baseline 0.004 -25"><span class='ocrx_word' id='word_1_87' title='bbox 134 1399 259 1469; x_wconf 88' lang='lat' dir='ltr'><strong>oellarii</strong></span> <span class='ocrx_word' id='word_1_88' title='bbox 289 1399 409 1470; x_wconf 93' lang='lat' dir='ltr'><strong>domini</strong></span> <span class='ocrx_word' id='word_1_89' title='bbox 438 1397 594 1470; x_wconf 89' lang='lat' dir='ltr'><strong>Friderioi</strong></span> <span class='ocrx_word' id='word_1_90' title='bbox 623 1399 740 1493; x_wconf 82' lang='lat' dir='ltr'><strong>prefati</strong></span> <span class='ocrx_word' id='word_1_91' title='bbox 769 1404 896 1472; x_wconf 85' lang='lat' dir='ltr'><strong>eomitis</strong></span> <span class='ocrx_word' id='word_1_92' title='bbox 925 1399 1071 1471; x_wconf 89' lang='lat' dir='ltr'><strong>Palatini.</strong></span> <span class='ocrx_word' id='word_1_93' title='bbox 1115 1399 1265 1472; x_wconf 75' lang='lat' dir='ltr'><strong>Pressius</strong></span> 
     </span>
     <span class='ocr_line' id='line_1_13' title="bbox 133 1493 1265 1591; baseline 0 -25"><span class='ocrx_word' id='word_1_94' title='bbox 133 1517 265 1590; x_wconf 85' lang='lat' dir='ltr'><strong>quoque</strong></span> <span class='ocrx_word' id='word_1_95' title='bbox 282 1493 446 1568; x_wconf 90' lang='lat' dir='ltr'><strong>lohannes</strong></span> <span class='ocrx_word' id='word_1_96' title='bbox 465 1496 627 1590; x_wconf 91' lang='lat' dir='ltr'><strong>quondam</strong></span> <span class='ocrx_word' id='word_1_97' title='bbox 646 1495 789 1569; x_wconf 83' lang='lat' dir='ltr'><strong>eeclesia</strong></span> <span class='ocrx_word' id='word_1_98' title='bbox 807 1495 974 1591; x_wconf 87' lang='lat' dir='ltr'><strong>Spirensis</strong></span> <span class='ocrx_word' id='word_1_99' title='bbox 993 1499 1167 1591; x_wconf 86' lang='lat' dir='ltr'><strong>episeopus</strong></span> <span class='ocrx_word' id='word_1_100' title='bbox 1186 1507 1265 1566; x_wconf 90' lang='lat' dir='ltr'><strong>tan-</strong></span> 
     </span>
     <span class='ocr_line' id='line_1_14' title="bbox 133 1591 1264 1687; baseline 0.003 -24"><span class='ocrx_word' id='word_1_101' title='bbox 133 1591 211 1663; x_wconf 90' lang='lat' dir='ltr'><strong>dem</strong></span> <span class='ocrx_word' id='word_1_102' title='bbox 229 1616 315 1666; x_wconf 90' lang='lat' dir='ltr'><strong>anno</strong></span> <span class='ocrx_word' id='word_1_103' title='bbox 333 1593 453 1666; x_wconf 94' lang='lat' dir='ltr'><strong>domini</strong></span> <span class='ocrx_word' id='word_1_104' title='bbox 464 1593 715 1682; x_wconf 47' lang='lat' dir='ltr'><strong>maecenatis</strong></span> <span class='ocrx_word' id='word_1_105' title='bbox 733 1605 852 1667; x_wconf 84' lang='lat' dir='ltr'><strong>octava</strong></span> <span class='ocrx_word' id='word_1_106' title='bbox 863 1593 915 1665; x_wconf 91' lang='lat' dir='ltr'><strong>die</strong></span> <span class='ocrx_word' id='word_1_107' title='bbox 928 1597 1052 1666; x_wconf 89' lang='lat' dir='ltr'><strong>mensis</strong></span> <span class='ocrx_word' id='word_1_108' title='bbox 1070 1591 1264 1687; x_wconf 73' lang='lat' dir='ltr'><strong>septembris</strong></span> 
     </span>
     <span class='ocr_line' id='line_1_15' title="bbox 132 1688 1265 1787; baseline 0.003 -28"><span class='ocrx_word' id='word_1_109' title='bbox 132 1688 262 1762; x_wconf 89' lang='lat' dir='ltr'><strong>obiitin</strong></span> <span class='ocrx_word' id='word_1_110' title='bbox 279 1689 604 1786; x_wconf 75' lang='lat' dir='ltr'><strong>oppidoPhornhem</strong></span> <span class='ocrx_word' id='word_1_111' title='bbox 621 1688 675 1761; x_wconf 92' lang='lat' dir='ltr'><strong>ubi</strong></span> <span class='ocrx_word' id='word_1_112' title='bbox 693 1701 726 1762; x_wconf 89' lang='lat' dir='ltr'><strong>et</strong></span> <span class='ocrx_word' id='word_1_113' title='bbox 743 1701 796 1763; x_wconf 88' lang='lat' dir='ltr'><strong>est</strong></span> <span class='ocrx_word' id='word_1_114' title='bbox 813 1691 970 1787; x_wconf 91' lang='lat' dir='ltr'><strong>sepultus.</strong></span> <span class='ocrx_word' id='word_1_115' title='bbox 996 1690 1077 1762; x_wconf 92' lang='lat' dir='ltr'><strong>ltem</strong></span> <span class='ocrx_word' id='word_1_116' title='bbox 1095 1713 1181 1762; x_wconf 92' lang='lat' dir='ltr'><strong>anno</strong></span> <span class='ocrx_word' id='word_1_117' title='bbox 1199 1690 1265 1762; x_wconf 93' lang='lat' dir='ltr'><strong>do-</strong></span> 
     </span>
     <span class='ocr_line' id='line_1_16' title="bbox 131 1787 1265 1882; baseline 0.004 -25"><span class='ocrx_word' id='word_1_118' title='bbox 131 1791 213 1858; x_wconf 92' lang='lat' dir='ltr'><strong>mini</strong></span> <span class='ocrx_word' id='word_1_119' title='bbox 229 1790 442 1862; x_wconf 76' lang='lat' dir='ltr'><strong>mooeolxii.</strong></span> <span class='ocrx_word' id='word_1_120' title='bbox 467 1792 575 1882; x_wconf 77' lang='lat' dir='ltr'><strong>quinta</strong></span> <span class='ocrx_word' id='word_1_121' title='bbox 600 1788 653 1858; x_wconf 91' lang='lat' dir='ltr'><strong>die</strong></span> <span class='ocrx_word' id='word_1_122' title='bbox 678 1793 803 1862; x_wconf 87' lang='lat' dir='ltr'><strong>mensis</strong></span> <span class='ocrx_word' id='word_1_123' title='bbox 826 1790 893 1860; x_wconf 93' lang='lat' dir='ltr'><strong>iulii</strong></span> <span class='ocrx_word' id='word_1_124' title='bbox 910 1810 1027 1862; x_wconf 92' lang='lat' dir='ltr'><strong>omnes</strong></span> <span class='ocrx_word' id='word_1_125' title='bbox 1050 1787 1265 1862; x_wconf 77' lang='lat' dir='ltr'><strong>habitationes</strong></span> 
     </span>
     <span class='ocr_line' id='line_1_17' title="bbox 132 1887 1266 1980; baseline 0 -22"><span class='ocrx_word' id='word_1_126' title='bbox 132 1895 199 1958; x_wconf 85' lang='lat' dir='ltr'><strong>tam</strong></span> <span class='ocrx_word' id='word_1_127' title='bbox 227 1889 458 1959; x_wconf 88' lang='lat' dir='ltr'><strong>eanonioorum</strong></span> <span class='ocrx_word' id='word_1_128' title='bbox 485 1909 581 1980; x_wconf 89' lang='lat' dir='ltr'><strong>quam</strong></span> <span class='ocrx_word' id='word_1_129' title='bbox 608 1889 804 1960; x_wconf 84' lang='lat' dir='ltr'><strong>vicariorum</strong></span> <span class='ocrx_word' id='word_1_130' title='bbox 833 1890 934 1960; x_wconf 85' lang='lat' dir='ltr'><strong>eirca²</strong></span> <span class='ocrx_word' id='word_1_131' title='bbox 959 1887 1135 1960; x_wconf 79' lang='lat' dir='ltr'><strong>ecelesiam</strong></span> <span class='ocrx_word' id='word_1_132' title='bbox 1162 1887 1266 1960; x_wconf 85' lang='lat' dir='ltr'><strong>saneti</strong></span> 
     </span>
     <span class='ocr_line' id='line_1_18' title="bbox 132 1980 1265 2078; baseline 0.001 -25"><span class='ocrx_word' id='word_1_133' title='bbox 132 1980 292 2056; x_wconf 83' lang='lat' dir='ltr'><strong>Germani</strong></span> <span class='ocrx_word' id='word_1_134' title='bbox 319 1995 413 2056; x_wconf 83' lang='lat' dir='ltr'><strong>exim</strong></span> <span class='ocrx_word' id='word_1_135' title='bbox 440 2005 551 2056; x_wconf 91' lang='lat' dir='ltr'><strong>muros</strong></span> <span class='ocrx_word' id='word_1_136' title='bbox 579 1987 719 2056; x_wconf 82' lang='lat' dir='ltr'><strong>civitatis</strong></span> <span class='ocrx_word' id='word_1_137' title='bbox 736 1983 902 2078; x_wconf 88' lang='lat' dir='ltr'><strong>Spirensis</strong></span> <span class='ocrx_word' id='word_1_138' title='bbox 929 1995 962 2055; x_wconf 84' lang='lat' dir='ltr'><strong>et</strong></span> <span class='ocrx_word' id='word_1_139' title='bbox 987 1982 1051 2056; x_wconf 94' lang='lat' dir='ltr'><strong>duo</strong></span> <span class='ocrx_word' id='word_1_140' title='bbox 1078 1983 1265 2056; x_wconf 88' lang='lat' dir='ltr'><strong>molendina</strong></span> 
     </span>
     <span class='ocr_line' id='line_1_19' title="bbox 133 2079 1264 2173; baseline 0.001 -23"><span class='ocrx_word' id='word_1_141' title='bbox 133 2079 352 2170; x_wconf 71' lang='lat' dir='ltr'><strong>dominorum</strong></span> <span class='ocrx_word' id='word_1_142' title='bbox 370 2081 553 2173; x_wconf 82' lang='lat' dir='ltr'><strong>vulgariter</strong></span> <span class='ocrx_word' id='word_1_143' title='bbox 563 2080 662 2154; x_wconf 69' lang='lat' dir='ltr'><strong>dieto³</strong></span> <span class='ocrx_word' id='word_1_144' title='bbox 674 2081 727 2152; x_wconf 93' lang='lat' dir='ltr'><strong>die</strong></span> <span class='ocrx_word' id='word_1_145' title='bbox 738 2079 948 2171; x_wconf 60' lang='lat' dir='ltr'><strong>Galhmulen„</strong></span> <span class='ocrx_word' id='word_1_146' title='bbox 965 2081 1054 2152; x_wconf 87' lang='lat' dir='ltr'><strong>alara</strong></span> <span class='ocrx_word' id='word_1_147' title='bbox 1065 2079 1118 2153; x_wconf 93' lang='lat' dir='ltr'><strong>die</strong></span> <span class='ocrx_word' id='word_1_148' title='bbox 1128 2085 1264 2154; x_wconf 79' lang='lat' dir='ltr'><strong>insensa</strong></span> 
     </span>
     <span class='ocr_line' id='line_1_20' title="bbox 132 2177 1267 2272; baseline 0.003 -25"><span class='ocrx_word' id='word_1_149' title='bbox 132 2187 168 2248; x_wconf 88' lang='lat' dir='ltr'><strong>at</strong></span> <span class='ocrx_word' id='word_1_150' title='bbox 185 2177 356 2251; x_wconf 86' lang='lat' dir='ltr'><strong>oombusta</strong></span> <span class='ocrx_word' id='word_1_151' title='bbox 373 2201 433 2272; x_wconf 90' lang='lat' dir='ltr'><strong>per</strong></span> <span class='ocrx_word' id='word_1_152' title='bbox 457 2178 623 2251; x_wconf 90' lang='lat' dir='ltr'><strong>dominum</strong></span> <span class='ocrx_word' id='word_1_153' title='bbox 640 2179 842 2250; x_wconf 88' lang='lat' dir='ltr'><strong>Friderieum</strong></span> <span class='ocrx_word' id='word_1_154' title='bbox 867 2183 1017 2252; x_wconf 87' lang='lat' dir='ltr'><strong>eomitem</strong></span> <span class='ocrx_word' id='word_1_155' title='bbox 1035 2179 1214 2251; x_wconf 88' lang='lat' dir='ltr'><strong>Palatinum</strong></span> <span class='ocrx_word' id='word_1_156' title='bbox 1232 2189 1267 2250; x_wconf 87' lang='lat' dir='ltr'><strong>et</strong></span> 
     </span>
     <span class='ocr_line' id='line_1_21' title="bbox 133 2274 1265 2350; baseline -0.002 -2"><span class='ocrx_word' id='word_1_157' title='bbox 133 2297 215 2350; x_wconf 90' lang='lat' dir='ltr'><strong>suos</strong></span> <span class='ocrx_word' id='word_1_158' title='bbox 232 2274 432 2349; x_wconf 87' lang='lat' dir='ltr'><strong>adherentes</strong></span> <span class='ocrx_word' id='word_1_159' title='bbox 443 2280 575 2348; x_wconf 90' lang='lat' dir='ltr'><strong>nemine</strong></span> <span class='ocrx_word' id='word_1_160' title='bbox 585 2280 772 2350; x_wconf 90' lang='lat' dir='ltr'><strong>resistente.</strong></span> <span class='ocrx_word' id='word_1_161' title='bbox 799 2277 929 2348; x_wconf 90' lang='lat' dir='ltr'><strong>Utinam</strong></span> <span class='ocrx_word' id='word_1_162' title='bbox 939 2297 1005 2348; x_wconf 90' lang='lat' dir='ltr'><strong>non</strong></span> <span class='ocrx_word' id='word_1_163' title='bbox 1017 2276 1135 2349; x_wconf 86' lang='lat' dir='ltr'><strong>fuisset</strong></span> <span class='ocrx_word' id='word_1_164' title='bbox 1144 2277 1265 2348; x_wconf 88' lang='lat' dir='ltr'><strong>laetum</strong></span> 
     </span>
     <span class='ocr_line' id='line_1_22' title="bbox 132 2371 1051 2468; baseline 0 -24"><span class='ocrx_word' id='word_1_165' title='bbox 132 2372 262 2446; x_wconf 84' lang='lat' dir='ltr'><strong>civibus</strong></span> <span class='ocrx_word' id='word_1_166' title='bbox 280 2372 491 2468; x_wconf 88' lang='lat' dir='ltr'><strong>Spirensibus</strong></span> <span class='ocrx_word' id='word_1_167' title='bbox 509 2373 686 2448; x_wconf 87' lang='lat' dir='ltr'><strong>soienb’bus</strong></span> <span class='ocrx_word' id='word_1_168' title='bbox 704 2385 739 2444; x_wconf 91' lang='lat' dir='ltr'><strong>et</strong></span> <span class='ocrx_word' id='word_1_169' title='bbox 755 2371 1051 2448; x_wconf 87' lang='lat' dir='ltr'><strong>eonsentientihusl</strong></span> 
     </span>
    </p>

    <p class='ocr_par' dir='ltr' id='par_1_6' title="bbox 129 2469 1265 4025">
     <span class='ocr_line' id='line_1_23' title="bbox 182 2469 1264 2564; baseline 0.002 -22"><span class='ocrx_word' id='word_1_170' title='bbox 182 2469 336 2544; x_wconf 78' lang='lat' dir='ltr'><strong>Matthias</strong></span> <span class='ocrx_word' id='word_1_171' title='bbox 347 2471 514 2564; x_wconf 69' lang='lat' dir='ltr'><strong>Remung,</strong></span> <span class='ocrx_word' id='word_1_172' title='bbox 532 2471 653 2544; x_wconf 91' lang='lat' dir='ltr'><strong>domini</strong></span> <span class='ocrx_word' id='word_1_173' title='bbox 663 2470 821 2544; x_wconf 87' lang='lat' dir='ltr'><strong>Friderioi</strong></span> <span class='ocrx_word' id='word_1_174' title='bbox 838 2471 929 2544; x_wconf 88' lang='lat' dir='ltr'><strong>dueis</strong></span> <span class='ocrx_word' id='word_1_175' title='bbox 939 2471 1084 2543; x_wconf 90' lang='lat' dir='ltr'><strong>Bavurie</strong></span> <span class='ocrx_word' id='word_1_176' title='bbox 1096 2481 1129 2546; x_wconf 89' lang='lat' dir='ltr'><strong>et</strong></span> <span class='ocrx_word' id='word_1_177' title='bbox 1139 2474 1264 2544; x_wconf 84' lang='lat' dir='ltr'><strong>curritis</strong></span> 
     </span>
     <span class='ocr_line' id='line_1_24' title="bbox 131 2568 1264 2663; baseline 0.002 -25"><span class='ocrx_word' id='word_1_178' title='bbox 131 2568 267 2662; x_wconf 90' lang='lat' dir='ltr'><strong>palatini</strong></span> <span class='ocrx_word' id='word_1_179' title='bbox 283 2569 369 2640; x_wconf 88' lang='lat' dir='ltr'><strong>Reni</strong></span> <span class='ocrx_word' id='word_1_180' title='bbox 392 2570 621 2660; x_wconf 72' lang='lat' dir='ltr'><strong>cancellarius,</strong></span> <span class='ocrx_word' id='word_1_181' title='bbox 644 2570 711 2641; x_wconf 75' lang='lat' dir='ltr'><strong>hui.</strong></span> <span class='ocrx_word' id='word_1_182' title='bbox 730 2570 873 2642; x_wconf 77' lang='lat' dir='ltr'><strong>eoeleste</strong></span> <span class='ocrx_word' id='word_1_183' title='bbox 889 2569 1057 2662; x_wconf 88' lang='lat' dir='ltr'><strong>Spirensis</strong></span> <span class='ocrx_word' id='word_1_184' title='bbox 1075 2573 1264 2663; x_wconf 77' lang='lat' dir='ltr'><strong>episeopus,</strong></span> 
     </span>
     <span class='ocr_line' id='line_1_25' title="bbox 132 2665 1264 2761; baseline -0.003 -23"><span class='ocrx_word' id='word_1_185' title='bbox 132 2669 186 2738; x_wconf 88' lang='lat' dir='ltr'><strong>eui</strong></span> <span class='ocrx_word' id='word_1_186' title='bbox 204 2687 279 2736; x_wconf 88' lang='lat' dir='ltr'><strong>eum</strong></span> <span class='ocrx_word' id='word_1_187' title='bbox 296 2687 464 2738; x_wconf 87' lang='lat' dir='ltr'><strong>eonsensu</strong></span> <span class='ocrx_word' id='word_1_188' title='bbox 481 2668 609 2761; x_wconf 83' lang='lat' dir='ltr'><strong>oapibdi</strong></span> <span class='ocrx_word' id='word_1_189' title='bbox 628 2670 797 2760; x_wconf 87' lang='lat' dir='ltr'><strong>provisum</strong></span> <span class='ocrx_word' id='word_1_190' title='bbox 820 2666 879 2738; x_wconf 86' lang='lat' dir='ltr'><strong>luit</strong></span> <span class='ocrx_word' id='word_1_191' title='bbox 895 2665 937 2736; x_wconf 91' lang='lat' dir='ltr'><strong>de</strong></span> <span class='ocrx_word' id='word_1_192' title='bbox 956 2666 1097 2738; x_wconf 83' lang='lat' dir='ltr'><strong>ecelesia</strong></span> <span class='ocrx_word' id='word_1_193' title='bbox 1115 2665 1264 2760; x_wconf 85' lang='lat' dir='ltr'><strong>Spirensi</strong></span> 
     </span>
     <span class='ocr_line' id='line_1_26' title="bbox 131 2763 1264 2858; baseline 0 -24"><span class='ocrx_word' id='word_1_194' title='bbox 131 2785 195 2858; x_wconf 92' lang='lat' dir='ltr'><strong>per</strong></span> <span class='ocrx_word' id='word_1_195' title='bbox 206 2763 300 2834; x_wconf 90' lang='lat' dir='ltr'><strong>Pium</strong></span> <span class='ocrx_word' id='word_1_196' title='bbox 317 2784 436 2857; x_wconf 90' lang='lat' dir='ltr'><strong>papam</strong></span> <span class='ocrx_word' id='word_1_197' title='bbox 453 2763 634 2836; x_wconf 84' lang='lat' dir='ltr'><strong>seeundum</strong></span> <span class='ocrx_word' id='word_1_198' title='bbox 652 2785 739 2836; x_wconf 92' lang='lat' dir='ltr'><strong>anno</strong></span> <span class='ocrx_word' id='word_1_199' title='bbox 756 2763 876 2836; x_wconf 93' lang='lat' dir='ltr'><strong>domini</strong></span> <span class='ocrx_word' id='word_1_200' title='bbox 894 2764 1127 2836; x_wconf 84' lang='lat' dir='ltr'><strong>mcooolxiiii.</strong></span> <span class='ocrx_word' id='word_1_201' title='bbox 1145 2774 1264 2835; x_wconf 87' lang='lat' dir='ltr'><strong>octava</strong></span> 
     </span>
     <span class='ocr_line' id='line_1_27' title="bbox 131 2859 1263 2955; baseline -0.002 -24"><span class='ocrx_word' id='word_1_202' title='bbox 131 2859 186 2931; x_wconf 90' lang='lat' dir='ltr'><strong>dia</strong></span> <span class='ocrx_word' id='word_1_203' title='bbox 203 2864 331 2933; x_wconf 87' lang='lat' dir='ltr'><strong>mensis</strong></span> <span class='ocrx_word' id='word_1_204' title='bbox 349 2863 481 2952; x_wconf 80' lang='lat' dir='ltr'><strong>augusti</strong></span> <span class='ocrx_word' id='word_1_205' title='bbox 497 2863 549 2950; x_wconf 87' lang='lat' dir='ltr'><strong>(in</strong></span> <span class='ocrx_word' id='word_1_206' title='bbox 567 2885 630 2955; x_wconf 84' lang='lat' dir='ltr'><strong>qua</strong></span> <span class='ocrx_word' id='word_1_207' title='bbox 647 2860 772 2934; x_wconf 86' lang='lat' dir='ltr'><strong>resedit</strong></span> <span class='ocrx_word' id='word_1_208' title='bbox 788 2863 882 2934; x_wconf 87' lang='lat' dir='ltr'><strong>annis</strong></span> <span class='ocrx_word' id='word_1_209' title='bbox 899 2864 995 2953; x_wconf 82' lang='lat' dir='ltr'><strong>xiiii).</strong></span> <span class='ocrx_word' id='word_1_210' title='bbox 1023 2861 1124 2934; x_wconf 85' lang='lat' dir='ltr'><strong>Anno</strong></span> <span class='ocrx_word' id='word_1_211' title='bbox 1142 2859 1263 2934; x_wconf 93' lang='lat' dir='ltr'><strong>domini</strong></span> 
     </span>
     <span class='ocr_line' id='line_1_28' title="bbox 130 2956 1264 3052; baseline 0.002 -24"><span class='ocrx_word' id='word_1_212' title='bbox 130 2957 393 3046; x_wconf 47' lang='lat' dir='ltr'><strong>metasthenis</strong></span> <span class='ocrx_word' id='word_1_213' title='bbox 412 2956 465 3028; x_wconf 90' lang='lat' dir='ltr'><strong>die</strong></span> <span class='ocrx_word' id='word_1_214' title='bbox 483 2956 655 3050; x_wconf 74' lang='lat' dir='ltr'><strong>doninica,</strong></span> <span class='ocrx_word' id='word_1_215' title='bbox 681 2981 746 3052; x_wconf 89' lang='lat' dir='ltr'><strong>que</strong></span> <span class='ocrx_word' id='word_1_216' title='bbox 762 2959 822 3030; x_wconf 87' lang='lat' dir='ltr'><strong>luit</strong></span> <span class='ocrx_word' id='word_1_217' title='bbox 837 2962 930 3030; x_wconf 89' lang='lat' dir='ltr'><strong>tertia</strong></span> <span class='ocrx_word' id='word_1_218' title='bbox 948 2962 1097 3048; x_wconf 76' lang='lat' dir='ltr'><strong>ianuarii,</strong></span> <span class='ocrx_word' id='word_1_219' title='bbox 1121 2959 1264 3032; x_wconf 81' lang='lat' dir='ltr'><strong>ecelesia</strong></span> 
     </span>
     <span class='ocr_line' id='line_1_29' title="bbox 131 3053 1265 3150; baseline 0 -22"><span class='ocrx_word' id='word_1_220' title='bbox 131 3057 238 3128; x_wconf 78' lang='lat' dir='ltr'><strong>samad</strong></span> <span class='ocrx_word' id='word_1_221' title='bbox 255 3053 411 3126; x_wconf 86' lang='lat' dir='ltr'><strong>Germani</strong></span> <span class='ocrx_word' id='word_1_222' title='bbox 434 3066 528 3129; x_wconf 80' lang='lat' dir='ltr'><strong>extra</strong></span> <span class='ocrx_word' id='word_1_223' title='bbox 553 3079 664 3128; x_wconf 89' lang='lat' dir='ltr'><strong>muros</strong></span> <span class='ocrx_word' id='word_1_224' title='bbox 682 3058 822 3130; x_wconf 82' lang='lat' dir='ltr'><strong>civitatis</strong></span> <span class='ocrx_word' id='word_1_225' title='bbox 840 3055 1007 3150; x_wconf 85' lang='lat' dir='ltr'><strong>Spirensis</strong></span> <span class='ocrx_word' id='word_1_226' title='bbox 1032 3079 1106 3127; x_wconf 89' lang='lat' dir='ltr'><strong>oum</strong></span> <span class='ocrx_word' id='word_1_227' title='bbox 1123 3055 1213 3126; x_wconf 87' lang='lat' dir='ltr'><strong>olero</strong></span> <span class='ocrx_word' id='word_1_228' title='bbox 1232 3065 1265 3128; x_wconf 85' lang='lat' dir='ltr'><strong>et</strong></span> 
     </span>
     <span class='ocr_line' id='line_1_30' title="bbox 130 3149 1262 3228; baseline 0 -6"><span class='ocrx_word' id='word_1_229' title='bbox 130 3155 333 3224; x_wconf 83' lang='lat' dir='ltr'><strong>ornamentis</strong></span> <span class='ocrx_word' id='word_1_230' title='bbox 368 3153 601 3228; x_wconf 84' lang='lat' dir='ltr'><strong>eoelesiasticis</strong></span> <span class='ocrx_word' id='word_1_231' title='bbox 635 3157 722 3225; x_wconf 89' lang='lat' dir='ltr'><strong>unito</strong></span> <span class='ocrx_word' id='word_1_232' title='bbox 751 3163 785 3224; x_wconf 92' lang='lat' dir='ltr'><strong>et</strong></span> <span class='ocrx_word' id='word_1_233' title='bbox 811 3153 991 3225; x_wconf 89' lang='lat' dir='ltr'><strong>solenniter</strong></span> <span class='ocrx_word' id='word_1_234' title='bbox 1017 3149 1058 3223; x_wconf 92' lang='lat' dir='ltr'><strong>ad</strong></span> <span class='ocrx_word' id='word_1_235' title='bbox 1086 3149 1262 3224; x_wconf 82' lang='lat' dir='ltr'><strong>eeclesiam</strong></span> 
     </span>
     <span class='ocr_line' id='line_1_31' title="bbox 130 3241 1262 3345; baseline -0.004 -23"><span class='ocrx_word' id='word_1_236' title='bbox 130 3241 237 3322; x_wconf 81' lang='lat' dir='ltr'><strong>saneti</strong></span> <span class='ocrx_word' id='word_1_237' title='bbox 253 3249 395 3321; x_wconf 85' lang='lat' dir='ltr'><strong>Mauritii</strong></span> <span class='ocrx_word' id='word_1_238' title='bbox 411 3250 568 3322; x_wconf 89' lang='lat' dir='ltr'><strong>translatu</strong></span> <span class='ocrx_word' id='word_1_239' title='bbox 586 3259 639 3322; x_wconf 88' lang='lat' dir='ltr'><strong>est</strong></span> <span class='ocrx_word' id='word_1_240' title='bbox 654 3274 715 3345; x_wconf 90' lang='lat' dir='ltr'><strong>per</strong></span> <span class='ocrx_word' id='word_1_241' title='bbox 730 3250 891 3344; x_wconf 88' lang='lat' dir='ltr'><strong>prefatum</strong></span> <span class='ocrx_word' id='word_1_242' title='bbox 910 3248 1076 3320; x_wconf 92' lang='lat' dir='ltr'><strong>dominum</strong></span> <span class='ocrx_word' id='word_1_243' title='bbox 1092 3245 1262 3319; x_wconf 84' lang='lat' dir='ltr'><strong>Matthiam</strong></span> 
     </span>
     <span class='ocr_line' id='line_1_32' title="bbox 130 3343 1263 3441; baseline 0.002 -25"><span class='ocrx_word' id='word_1_244' title='bbox 130 3350 323 3440; x_wconf 90' lang='lat' dir='ltr'><strong>episcopum</strong></span> <span class='ocrx_word' id='word_1_245' title='bbox 333 3345 526 3441; x_wconf 89' lang='lat' dir='ltr'><strong>Spirensem</strong></span> <span class='ocrx_word' id='word_1_246' title='bbox 537 3346 578 3419; x_wconf 91' lang='lat' dir='ltr'><strong>ob</strong></span> <span class='ocrx_word' id='word_1_247' title='bbox 590 3346 852 3420; x_wconf 88' lang='lat' dir='ltr'><strong>devastationem</strong></span> <span class='ocrx_word' id='word_1_248' title='bbox 868 3344 1101 3418; x_wconf 88' lang='lat' dir='ltr'><strong>habitationum</strong></span> <span class='ocrx_word' id='word_1_249' title='bbox 1118 3367 1180 3440; x_wconf 90' lang='lat' dir='ltr'><strong>per</strong></span> <span class='ocrx_word' id='word_1_250' title='bbox 1196 3343 1263 3418; x_wconf 91' lang='lat' dir='ltr'><strong>do-</strong></span> 
     </span>
     <span class='ocr_line' id='line_1_33' title="bbox 130 3441 1262 3518; baseline -0.003 -3"><span class='ocrx_word' id='word_1_251' title='bbox 130 3447 256 3516; x_wconf 86' lang='lat' dir='ltr'><strong>minum</strong></span> <span class='ocrx_word' id='word_1_252' title='bbox 271 3443 473 3515; x_wconf 83' lang='lat' dir='ltr'><strong>Friderieum</strong></span> <span class='ocrx_word' id='word_1_253' title='bbox 495 3445 677 3516; x_wconf 86' lang='lat' dir='ltr'><strong>Palatinum</strong></span> <span class='ocrx_word' id='word_1_254' title='bbox 701 3448 852 3518; x_wconf 89' lang='lat' dir='ltr'><strong>oomitem</strong></span> <span class='ocrx_word' id='word_1_255' title='bbox 877 3442 937 3516; x_wconf 88' lang='lat' dir='ltr'><strong>sub</strong></span> <span class='ocrx_word' id='word_1_256' title='bbox 961 3442 1093 3516; x_wconf 93' lang='lat' dir='ltr'><strong>domino</strong></span> <span class='ocrx_word' id='word_1_257' title='bbox 1115 3441 1262 3516; x_wconf 89' lang='lat' dir='ltr'><strong>Iohanne</strong></span> 
     </span>
     <span class='ocr_line' id='line_1_34' title="bbox 129 3539 1261 3635; baseline -0.002 -23"><span class='ocrx_word' id='word_1_258' title='bbox 129 3539 198 3613; x_wconf 81' lang='lat' dir='ltr'><strong>Nix</strong></span> <span class='ocrx_word' id='word_1_259' title='bbox 214 3543 370 3635; x_wconf 88' lang='lat' dir='ltr'><strong>episeopo</strong></span> <span class='ocrx_word' id='word_1_260' title='bbox 381 3539 530 3634; x_wconf 79' lang='lat' dir='ltr'><strong>Spirensi</strong></span> <span class='ocrx_word' id='word_1_261' title='bbox 547 3543 675 3614; x_wconf 82' lang='lat' dir='ltr'><strong>laetam.</strong></span> <span class='ocrx_word' id='word_1_262' title='bbox 701 3544 828 3629; x_wconf 82' lang='lat' dir='ltr'><strong>Quanta</strong></span> <span class='ocrx_word' id='word_1_263' title='bbox 840 3545 926 3614; x_wconf 91' lang='lat' dir='ltr'><strong>enim</strong></span> <span class='ocrx_word' id='word_1_264' title='bbox 940 3539 1025 3612; x_wconf 91' lang='lat' dir='ltr'><strong>bona</strong></span> <span class='ocrx_word' id='word_1_265' title='bbox 1042 3541 1185 3613; x_wconf 86' lang='lat' dir='ltr'><strong>eoelesie</strong></span> <span class='ocrx_word' id='word_1_266' title='bbox 1199 3561 1261 3611; x_wconf 90' lang='lat' dir='ltr'><strong>sua</strong></span> 
     </span>
     <span class='ocr_line' id='line_1_35' title="bbox 131 3635 1260 3732; baseline -0.004 -22"><span class='ocrx_word' id='word_1_267' title='bbox 131 3635 291 3710; x_wconf 84' lang='lat' dir='ltr'><strong>haetenus</strong></span> <span class='ocrx_word' id='word_1_268' title='bbox 309 3637 425 3710; x_wconf 85' lang='lat' dir='ltr'><strong>lecerit</strong></span> <span class='ocrx_word' id='word_1_269' title='bbox 441 3649 509 3711; x_wconf 91' lang='lat' dir='ltr'><strong>tum</strong></span> <span class='ocrx_word' id='word_1_270' title='bbox 526 3642 560 3710; x_wconf 87' lang='lat' dir='ltr'><strong>hr</strong></span> <span class='ocrx_word' id='word_1_271' title='bbox 578 3639 689 3711; x_wconf 88' lang='lat' dir='ltr'><strong>divino</strong></span> <span class='ocrx_word' id='word_1_272' title='bbox 707 3640 794 3711; x_wconf 84' lang='lat' dir='ltr'><strong>cultu</strong></span> <span class='ocrx_word' id='word_1_273' title='bbox 812 3639 966 3731; x_wconf 82' lang='lat' dir='ltr'><strong>augendo</strong></span> <span class='ocrx_word' id='word_1_274' title='bbox 983 3649 1051 3708; x_wconf 88' lang='lat' dir='ltr'><strong>tum</strong></span> <span class='ocrx_word' id='word_1_275' title='bbox 1067 3641 1101 3708; x_wconf 91' lang='lat' dir='ltr'><strong>in</strong></span> <span class='ocrx_word' id='word_1_276' title='bbox 1118 3637 1260 3732; x_wconf 83' lang='lat' dir='ltr'><strong>privile-</strong></span> 
     </span>
     <span class='ocr_line' id='line_1_36' title="bbox 130 3733 1260 3829; baseline -0.005 -19"><span class='ocrx_word' id='word_1_277' title='bbox 130 3739 195 3828; x_wconf 82' lang='lat' dir='ltr'><strong>giis</strong></span> <span class='ocrx_word' id='word_1_278' title='bbox 213 3745 247 3807; x_wconf 88' lang='lat' dir='ltr'><strong>et</strong></span> <span class='ocrx_word' id='word_1_279' title='bbox 263 3733 463 3808; x_wconf 84' lang='lat' dir='ltr'><strong>hbertatibus</strong></span> <span class='ocrx_word' id='word_1_280' title='bbox 482 3736 706 3810; x_wconf 84' lang='lat' dir='ltr'><strong>eoelesiastitis</strong></span> <span class='ocrx_word' id='word_1_281' title='bbox 731 3735 990 3810; x_wconf 88' lang='lat' dir='ltr'><strong>oonsarvandisl</strong></span> <span class='ocrx_word' id='word_1_282' title='bbox 1027 3735 1099 3821; x_wconf 84' lang='lat' dir='ltr'><strong>Quo</strong></span> <span class='ocrx_word' id='word_1_283' title='bbox 1116 3755 1177 3829; x_wconf 90' lang='lat' dir='ltr'><strong>per</strong></span> <span class='ocrx_word' id='word_1_284' title='bbox 1193 3755 1260 3804; x_wconf 92' lang='lat' dir='ltr'><strong>ne-</strong></span> 
     </span>
     <span class='ocr_line' id='line_1_37' title="bbox 130 3829 1261 3929; baseline -0.004 -25"><span class='ocrx_word' id='word_1_285' title='bbox 130 3833 325 3926; x_wconf 78' lang='lat' dir='ltr'><strong>gligentiam</strong></span> <span class='ocrx_word' id='word_1_286' title='bbox 338 3841 372 3902; x_wconf 84' lang='lat' dir='ltr'><strong>et</strong></span> <span class='ocrx_word' id='word_1_287' title='bbox 384 3831 543 3906; x_wconf 90' lang='lat' dir='ltr'><strong>desidiam</strong></span> <span class='ocrx_word' id='word_1_288' title='bbox 561 3855 694 3906; x_wconf 91' lang='lat' dir='ltr'><strong>suorum</strong></span> <span class='ocrx_word' id='word_1_289' title='bbox 712 3833 988 3929; x_wconf 81' lang='lat' dir='ltr'><strong>predecessorum</strong></span> <span class='ocrx_word' id='word_1_290' title='bbox 1005 3829 1135 3920; x_wconf 63' lang='lat' dir='ltr'><strong>abolita</strong></span> <span class='ocrx_word' id='word_1_291' title='bbox 1153 3835 1261 3901; x_wconf 90' lang='lat' dir='ltr'><strong>inter-</strong></span> 
     </span>
     <span class='ocr_line' id='line_1_38' title="bbox 129 3928 1262 4025; baseline -0.004 -24"><span class='ocrx_word' id='word_1_292' title='bbox 129 3941 224 4025; x_wconf 86' lang='lat' dir='ltr'><strong>ropta</strong></span> <span class='ocrx_word' id='word_1_293' title='bbox 237 3941 368 4024; x_wconf 87' lang='lat' dir='ltr'><strong>etpene</strong></span> <span class='ocrx_word' id='word_1_294' title='bbox 382 3928 423 4000; x_wconf 90' lang='lat' dir='ltr'><strong>ad</strong></span> <span class='ocrx_word' id='word_1_295' title='bbox 440 3931 574 4002; x_wconf 88' lang='lat' dir='ltr'><strong>nihilum</strong></span> <span class='ocrx_word' id='word_1_296' title='bbox 591 3930 725 4004; x_wconf 88' lang='lat' dir='ltr'><strong>roduota</strong></span> <span class='ocrx_word' id='word_1_297' title='bbox 743 3931 887 4022; x_wconf 72' lang='lat' dir='ltr'><strong>suerunt,</strong></span> <span class='ocrx_word' id='word_1_298' title='bbox 904 3933 937 4002; x_wconf 93' lang='lat' dir='ltr'><strong>in</strong></span> <span class='ocrx_word' id='word_1_299' title='bbox 954 3932 1125 4025; x_wconf 88' lang='lat' dir='ltr'><strong>pristinum</strong></span> <span class='ocrx_word' id='word_1_300' title='bbox 1143 3936 1262 4000; x_wconf 85' lang='lat' dir='ltr'><strong>statum</strong></span> 
     </span>
    </p>
   </div>
   <div class='ocr_carea' id='block_1_6' title="bbox 128 4027 289 4102">
    <p class='ocr_par' dir='ltr' id='par_1_7' title="bbox 128 4027 289 4102">
     <span class='ocr_line' id='line_1_39' title="bbox 128 4027 289 4102; baseline 0 0"><span class='ocrx_word' id='word_1_301' title='bbox 128 4027 289 4102; x_wconf 63' lang='lat' dir='ltr'><strong>redamus</strong></span> 
     </span>
    </p>
   </div>
   <div class='ocr_carea' id='block_1_7' title="bbox 128 4115 1263 4326">
    <p class='ocr_par' dir='ltr' id='par_1_8' title="bbox 128 4115 1263 4326">
     <span class='ocr_line' id='line_1_40' title="bbox 185 4115 1263 4248; baseline -0.001 -14"><span class='ocrx_word' id='word_1_302' title='bbox 185 4175 214 4246; x_wconf 77' lang='lat' dir='ltr'><strong>l)</strong></span> <span class='ocrx_word' id='word_1_303' title='bbox 232 4175 293 4234; x_wconf 85' lang='lat' dir='ltr'><strong>W.:</strong></span> <span class='ocrx_word' id='word_1_304' title='bbox 319 4177 397 4234; x_wconf 84' lang='lat' dir='ltr'><strong>sedit.</strong></span> <span class='ocrx_word' id='word_1_305' title='bbox 433 4177 464 4246; x_wconf 76' lang='lat'><strong>2)</strong></span> <span class='ocrx_word' id='word_1_306' title='bbox 483 4177 543 4234; x_wconf 87' lang='lat' dir='ltr'><strong>W.:</strong></span> <span class='ocrx_word' id='word_1_307' title='bbox 569 4177 667 4236; x_wconf 82' lang='lat' dir='ltr'><strong>circum</strong></span> <span class='ocrx_word' id='word_1_308' title='bbox 686 4197 754 4236; x_wconf 85' lang='lat' dir='ltr'><strong>area.</strong></span> <span class='ocrx_word' id='word_1_309' title='bbox 776 4115 822 4248; x_wconf 47' lang='lat' dir='ltr'><strong>‘Sl</strong></span> <span class='ocrx_word' id='word_1_310' title='bbox 841 4177 912 4237; x_wconf 82' lang='lat' dir='ltr'><strong>dieta</strong></span> <span class='ocrx_word' id='word_1_311' title='bbox 935 4177 1001 4239; x_wconf 86' lang='lat' dir='ltr'><strong>iehlt</strong></span> <span class='ocrx_word' id='word_1_312' title='bbox 1019 4178 1045 4236; x_wconf 91' lang='lat' dir='ltr'><strong>in</strong></span> <span class='ocrx_word' id='word_1_313' title='bbox 1065 4178 1110 4236; x_wconf 90' lang='lat' dir='ltr'><strong>W.</strong></span> <span class='ocrx_word' id='word_1_314' title='bbox 1145 4178 1178 4246; x_wconf 78' lang='lat'><strong>4)</strong></span> <span class='ocrx_word' id='word_1_315' title='bbox 1197 4177 1263 4234; x_wconf 79' lang='lat' dir='ltr'><strong>Pre-</strong></span> 
     </span>
     <span class='ocr_line' id='line_1_41' title="bbox 128 4247 1261 4326; baseline 0.002 -20"><span class='ocrx_word' id='word_1_316' title='bbox 128 4247 227 4308; x_wconf 88' lang='lat' dir='ltr'><strong>libatus</strong></span> <span class='ocrx_word' id='word_1_317' title='bbox 245 4267 353 4324; x_wconf 85' lang='lat' dir='ltr'><strong>quoque</strong></span> <span class='ocrx_word' id='word_1_318' title='bbox 372 4249 461 4323; x_wconf 81' lang='lat' dir='ltr'><strong>preard</strong></span> <span class='ocrx_word' id='word_1_319' title='bbox 480 4249 606 4324; x_wconf 80' lang='lat' dir='ltr'><strong>capellam</strong></span> <span class='ocrx_word' id='word_1_320' title='bbox 624 4251 651 4309; x_wconf 92' lang='lat' dir='ltr'><strong>in</strong></span> <span class='ocrx_word' id='word_1_321' title='bbox 666 4251 762 4310; x_wconf 74' lang='lat' dir='ltr'><strong>datho</strong></span> <span class='ocrx_word' id='word_1_322' title='bbox 781 4251 863 4310; x_wconf 82' lang='lat' dir='ltr'><strong>latere</strong></span> <span class='ocrx_word' id='word_1_323' title='bbox 881 4251 1049 4325; x_wconf 85' lang='lat' dir='ltr'><strong>superiorem</strong></span> <span class='ocrx_word' id='word_1_324' title='bbox 1067 4251 1138 4324; x_wconf 91' lang='lat' dir='ltr'><strong>apud</strong></span> <span class='ocrx_word' id='word_1_325' title='bbox 1155 4249 1261 4326; x_wconf 81' lang='lat' dir='ltr'><strong>ianuam</strong></span> 
     </span>
    </p>
   </div>
   <div class='ocr_carea' id='block_1_8' title="bbox 0 0 1522 4822">
    <p class='ocr_par' dir='ltr' id='par_1_9' title="bbox 0 0 1522 4822">
     <span class='ocr_line' id='line_1_42' title="bbox 0 0 1522 4822; baseline 0 1"><span class='ocrx_word' id='word_1_326' title='bbox 0 0 1522 4822; x_wconf 95' lang='lat' dir='ltr'><strong> </strong></span> 
     </span>
    </p>
   </div>
  </div>
 </body>
</html>
