3036 4822
251 221 324 307 366
365 219 530 288 alumno
541 231 584 286 ne
595 231 701 288 aeuus
712 229 827 288 oneris
836 229 1081 286 dromiscon.
1092 229 1268 288 uoaunran.

251 416 339 478 terra
357 405 547 497 Ringaugie
574 425 730 497 magnum
755 407 937 476 exercitum
960 404 1048 494 tecta
1072 414 1108 475 ut
1124 413 1336 494 grassantem
1353 413 1386 473 et

253 504 451 575 locustarum
476 503 573 574 modo
596 503 849 596 depopulantem
872 503 1145 584 multitudinema
1163 512 1250 573 terra
1268 512 1304 571 et
1320 500 1385 571 do-

252 604 350 672 minio
368 601 510 674 ecclesie
527 599 721 692 lilaguntine
739 598 907 672 cohiberet
929 657 936 670 .
960 655 967 672 .
992 656 999 672 .
1022 656 1030 671 .

764 731 870 805 1382.

172 853 230 900 noe-
300 831 382 905 ltem
409 834 527 905 eodem
550 855 636 904 anno
659 829 870 903 consederate
889 833 1038 905 civitates
1057 832 1143 928 apud
1160 831 1291 904 Renum
1311 855 1385 904 cum

166 937 233 1045 ζῇ]
253 933 373 1003 auxilio
391 931 511 1002 domini
530 933 675 1027 episcopi
686 927 869 1022 Magantini
886 941 1123 1024 processerunt
1134 927 1175 1001 ad
1190 928 1385 1023 capiendum

226 1033 231 1044 '
253 1039 286 1100 et
303 1028 549 1124 exstirpandum
568 1039 710 1102 castrum
727 1025 883 1098 Schotten
901 1029 933 1098 in
951 1025 1159 1100 Wetteravia
1178 1049 1253 1099 curn
1271 1029 1385 1100 multi-

252 1126 363 1198 tudine
381 1137 579 1198 armatorum
596 1149 642 1197 ex
658 1124 762 1219 opidis
775 1134 808 1195 et
820 1128 915 1218 pagis
934 1123 1082 1198 eiusdem
1100 1127 1245 1221 episcopi
1257 1136 1385 1219 etpre-

253 1229 367 1298 sertim
384 1226 446 1296 illis
464 1224 506 1294 de
525 1234 611 1295 terra
631 1223 888 1314 selangario,
914 1225 966 1317 qui
990 1233 1100 1294 tamen
1123 1233 1197 1318 post
1222 1222 1386 1295 modicum

165 1357 166 1360 ¹
252 1333 381 1416 tempus
400 1320 441 1392 ad
458 1325 588 1416 propria
607 1325 693 1394 sunt¹
714 1323 858 1410 reversi,
877 1323 1027 1394 civitates
1044 1319 1209 1416 predictas
1228 1341 1295 1392 non
1314 1325 1386 1394 sine

252 1418 413 1492 discordia
430 1417 688 1513 posthabuerunt
705 1428 766 1491 etc.

765 1551 870 1626 1405.

170 1668 229 1715 Boo-
300 1649 370 1724 Hiis
389 1647 504 1724 diebus
521 1655 684 1745 prooessit
700 1673 763 1724 rex
783 1651 981 1744 [Ruperhus]
1002 1675 1076 1724 cum
1099 1653 1232 1724 armatis
1255 1649 1384 1727 civibus

164 1753 232 1860 ”giiii
252 1749 293 1820 de
319 1749 499 1839 Magantia,
522 1748 631 1843 Spira,
656 1747 852 1836 Wormatiaa
876 1749 1108 1840 uramentum
1132 1745 1329 1842 Fredeberg
1354 1761 1386 1821 et

225 1849 231 1861 '
249 1845 423 1918 Wetilaria
446 1849 556 1920 assitis
584 1868 712 1942 quoque
729 1848 792 1918 illis
811 1846 853 1917 de
869 1845 1058 1939 Ringnugia
1076 1850 1263 1920 numerosis
1281 1847 1383 1920 valde
1495 1851 1496 1854 ’

252 1965 373 2018 versus
399 1943 610 2038 Rachingen,
639 1947 692 2038 qui
716 1943 835 2016 dietum
864 1955 1006 2016 castrum
1034 1956 1168 2041 propior
1190 1949 1325 2040 raphiae
1352 1955 1385 2016 ei

250 2043 417 2114 latrooinia
436 2064 562 2132 eorum
581 2065 718 2137 quorum
736 2042 883 2115 custodie
894 2041 1001 2114 luerat
1019 2040 1295 2133 commendatum
1313 2065 1384 2115 va-
1495 2055 1496 2098 ἐ

249 2139 313 2210 lida
332 2161 431 2224 manu
449 2150 690 2236 expugnarunt.
718 2138 756 2210 ln
775 2139 893 2210 eadem
911 2139 1121 2234 expeditione
1137 2137 1303 2234 predictus
1321 2163 1385 2212 rex
1495 2187 1496 2220 i

251 2241 337 2331 cepit
353 2241 450 2309 etiarn
469 2261 543 2308 oum
567 2241 756 2310 memoratis
775 2236 901 2310 civibus
920 2241 1086 2310 cirinum
1105 2237 1216 2310 stillis
1235 2237 1278 2308 de
1295 2237 1385 2310 Rin-
1495 2221 1496 2310 l

251 2338 374 2426 gaugia
392 2345 499 2409 eastra
516 2335 634 2426 Hoste,
659 2333 788 2406 Carben
806 2345 839 2406 et
856 2334 1063 2427 lllomenriis,
1088 2357 1152 2429 que
1175 2338 1284 2428 ipsum
1301 2358 1387 2429 pro-

250 2435 336 2505 tinus
354 2442 388 2504 et
405 2435 477 2504 sine
493 2434 648 2505 violentia
666 2443 865 2527 receperunt
882 2443 915 2503 et
933 2435 1040 2504 statim
1057 2433 1223 2505 destructa
1241 2431 1384 2504 hiemant.

249 2529 379 2601 Deinde
392 2539 466 2625 post
478 2551 578 2625 pasoa
592 2531 749 2624 [apelli]
770 2528 1097 2602 dominuslohannos
1115 2529 1384 2626 archiepiscopus

251 2631 337 2721 oepit
353 2639 497 2700 castrum
513 2632 547 2698 in
564 2628 760 2718 Hoenstein,
788 2627 873 2722 quod
891 2626 1034 2701 bmditus
1053 2627 1214 2701 destruxit
1231 2626 1385 2700 dominae
1495 2707 1496 2712 ,

250 2747 314 2796 rex
336 2736 560 2819 prenarratum
584 2730 617 2796 in
642 2730 733 2798 auius
758 2728 954 2798 exterminio
977 2724 1105 2798 illorum
1129 2724 1172 2796 de
1193 2723 1385 2818 Ringaugia
1495 2757 1496 2810 p

250 2825 355 2895 virtus
373 2823 509 2894 mirilioe
526 2823 687 2914 inelarrut,
706 2845 828 2916 magno
846 2821 1073 2896 nichilominus
1092 2843 1227 2898 suorum
1240 2821 1385 2918 dispen-
1495 2831 1496 2912 ξ

250 2919 316 3009 dio,
334 2939 471 3014 quorum
489 2924 612 2992 iactura
630 2923 713 2992 ultra
730 2921 891 2994 ducentos
909 2917 1213 2994 connumerabatur.
1249 2920 1304 2992 De
1322 2921 1383 2994 hiis
1495 2915 1496 2964 ³

251 3027 359 3088 autern
377 3016 638 3112 expeditionibus
656 3023 780 3115 passim
797 3039 857 3112 per
868 3018 963 3110 vulgi
974 3039 1033 3089 ora
1051 3020 1278 3092 circumfertur
1294 3041 1389 3115 que·
1495 3037 1496 3078 l

251 3113 326 3186 dam
344 3117 505 3187 cantilena
524 3119 603 3190 satis
621 3118 733 3211 pulora
751 3115 794 3187 de
811 3137 874 3209 qua
892 3116 1029 3208 longum
1045 3116 1131 3188 loret
1149 3115 1297 3190 scribere
1312 3172 1320 3188 .
1334 3172 1341 3189 .
1353 3169 1383 3189 ..

766 3248 871 3322 1410.

168 3369 227 3416 mu-
301 3343 414 3417 Crevit
432 3356 541 3418 autem
559 3343 621 3419 hee
639 3345 800 3420 discordia
817 3350 902 3419 inter
918 3371 1036 3442 regem
1050 3357 1084 3420 et
1100 3343 1383 3444 archiepisoopum

163 3453 230 3560 Ἠ]
254 3442 464 3535 [Iohannem]
486 3467 526 3515 eo
544 3467 661 3539 usquea
680 3444 764 3539 quod
783 3444 1047 3542 archiepiscopus
1067 3445 1151 3518 olam
1162 3457 1195 3518 et
1204 3449 1291 3518 initis
1310 3467 1384 3518 cum
1495 3491 1496 3496 ,

186 3507 443 3614 ⁵'Trevirensi
470 3552 502 3613 et
531 3541 719 3614 Coloniensi
747 3541 992 3638 archiepiscopo
1020 3547 1158 3616 seeretis
1186 3541 1381 3639 quibusdam

251 3637 418 3733 colloquiis
437 3639 580 3712 eundem
597 3661 713 3731 regem
732 3662 824 3712 more
842 3639 1090 3734 predecessoris
1102 3643 1152 3714 sui
1170 3640 1277 3732 gradu
1291 3640 1382 3712 deii·
1495 3665 1496 3676 ³

250 3759 328 3807 cere
347 3735 599 3808 machinabatur.
626 3736 678 3806 De
696 3758 759 3832 quo
776 3757 839 3809 rex
856 3760 916 3832 per
932 3735 1049 3810 fideles
1068 3743 1205 3811 nuncios
1217 3737 1380 3831 quosdam
1495 3789 1496 3826 p

248 3834 441 3906 informatus
460 3839 602 3908 attractis
614 3833 674 3906 sibi
685 3837 831 3930 protinus
849 3839 1018 3908 immensis
1037 3838 1138 3929 oopiis
1149 3845 1257 3906 terras
1268 3833 1382 3907 arohi-
1495 3835 1496 3868 ¹

250 3933 395 4025 episeopi
418 3932 548 4023 ingredi
565 3943 599 4003 et
615 3935 718 4026 primo
743 3932 873 4025 quidem
890 3933 1113 4025 Ringaugiam
1133 3953 1298 4026 ocoupare
1314 3931 1380 4003 de-
1495 3939 1496 3968 l

251 4032 364 4100 mevit.
386 4029 485 4116 Quod
503 4030 770 4102 animadvertens
789 4029 1054 4124 archiepiscopus
1071 4039 1215 4103 oestrum
1233 4033 1266 4100 in
1282 4027 1379 4100 ldlte-

250 4127 318 4196 vile
335 4131 451 4220 raptim
470 4131 608 4201 muniuit
624 4148 726 4224 opere
748 4137 940 4224 sumptuoso
963 4128 1148 4222 multasque
1164 4149 1226 4223 per
1243 4125 1379 4200 earrdorn

307 4237 336 4294 li
357 4239 449 4294 Bodm.
469 4257 526 4296 suu.
