2882 4818
352 247 527 306 tttttttttlctts
547 247 590 304 DE
609 245 872 304 omassmtovmt.
1110 249 1178 322 125

69 455 129 523 itan
144 460 233 544 quod
245 477 342 545 papa
361 461 486 528 acciit
501 461 558 527 ciii
574 461 762 528 cardinales
779 463 882 528 simul.

117 605 193 678 ltam
219 608 341 678 eodem
364 629 481 680 mense
504 618 538 679 et
565 629 651 678 anno
675 608 732 680 lxi.
749 630 826 678 xum
851 607 916 679 lml.
940 607 1081 682 octobris
1099 631 1182 704 papa
1196 608 1263 667 ¹³⁰¹

67 701 260 776 innocentius
273 709 318 775 vi.
338 710 464 778 creavit
479 716 554 777 octo
571 704 755 776 cardinales
773 726 860 776 nono
878 729 964 778 anno
982 711 1032 778 sui
1049 705 1185 802 pontifi-

67 811 140 872 catus
151 804 250 874 simul
262 815 296 874 et
306 803 412 874 semel
423 804 601 874 Avinione.
619 802 662 874 Et
671 801 713 872 ibi
724 825 847 874 novem
861 803 1045 878 cardinales
1057 809 1185 876 morie·

66 895 166 970 bantur
183 925 202 972 a
220 903 379 994 principio
402 905 478 972 anni
502 901 556 972 lui.
582 921 687 994 usque
705 899 747 970 ad
763 901 884 973 festum
901 899 1024 973 Mathai
1048 903 1184 998 apostoli

67 1006 91 1064 ct
105 998 324 1090 ewangeliste
338 997 523 1094 [scpt.2l],
542 1007 576 1067 et
592 1007 722 1068 centum
740 1007 774 1067 ct
790 1001 1021 1092 quinquaginta
1040 1001 1184 1093 episcopi

65 1103 90 1160 ct
104 1105 224 1191 septem
244 1096 330 1167 milia
349 1094 530 1166 hominum:
549 1105 635 1165 tanta
654 1095 712 1166 suit
727 1093 769 1165 ibi
788 1096 976 1168 mortalitas.
998 1095 1065 1167 Sed
1084 1098 1184 1167 molto

65 1195 149 1262 maior
165 1197 200 1264 in
217 1192 458 1286 longobardia,
477 1196 620 1264 maxime
636 1195 668 1262 in
687 1191 884 1264 Mediolano.

63 1387 124 1457 lten
148 1394 239 1477 quod
255 1391 466 1460 lombardus
482 1394 523 1460 dc
549 1389 746 1478 Wtrtcrrlrcrp
770 1393 857 1477 cepit
880 1393 1088 1461 consiliarios
1103 1388 1182 1473 sra-

145 1493 205 1557 lrt's
220 1491 281 1558 sttt'.

101 1638 179 1710 ltem
189 1663 307 1712 mense
318 1637 459 1712 octobris
471 1641 547 1710 anni
558 1637 613 1712 lxi.
626 1635 837 1710 Eberhardus
848 1659 961 1710 comcs
972 1637 1014 1708 de
1025 1637 1181 1710 Winten-

63 1731 133 1828 berg
149 1741 233 1832 cepit
250 1737 454 1810 consiliarios
472 1737 579 1808 fratris
605 1739 673 1808 suis
691 1739 817 1806 comitis
836 1735 945 1806 Uln'ci.
972 1735 1015 1806 Et
1030 1738 1090 1808 ivit
1106 1759 1180 1808 cum

62 1835 162 1906 mibcia
180 1846 306 1906 mmata
324 1832 364 1905 ad
383 1837 493 1906 omnia
516 1843 622 1905 castra
648 1844 681 1904 et
703 1828 799 1926 opida
824 1854 887 1927 que
906 1835 954 1904 cis
973 1844 1067 1904 erant
1083 1855 1180 1906 oom-

63 1935 169 2022 munia
192 1943 226 2004 et
241 1931 394 2027 precibus
412 1943 446 2003 et
461 1934 557 2003 miris
574 1933 665 2024 ipsos
682 1929 807 2002 incolas
825 1928 962 2021 indum,
990 1941 1024 2002 ut
1042 1929 1102 2004 sibi
1119 1931 1180 2004 soli

62 2029 192 2100 iurarent
214 2041 249 2101 et
275 2052 352 2100 eum
379 2031 601 2124 respicerent,
629 2031 682 2122 qui
705 2037 801 2099 antea
830 2037 1001 2122 utrumque
1027 2039 1181 2123 tanquam

62 2147 204 2200 comunes
228 2126 378 2200 dominos
398 2123 627 2221 respiciebant.
652 2123 748 2196 Unde
766 2147 879 2198 comes
897 2125 1026 2198 Uln'cus
1051 2125 1180 2199 vadens

63 2221 95 2290 ad
105 2228 330 2320 imperatorem
340 2234 539 2318 conquestus
551 2233 602 2296 est
612 2221 654 2294 de
664 2221 777 2294 tratre.
795 2221 857 2314 Qui
867 2225 957 2317 ipsos
969 2221 1181 2296 concordavit

62 2319 135 2412 quod
151 2344 263 2395 comes
280 2319 491 2394 Eberhardus
508 2331 581 2392 octo
599 2331 705 2392 castra
717 2331 755 2390 'et
774 2319 868 2414 opida
889 2342 953 2413 que
977 2319 1181 2392 desideraret

63 2414 113 2489 sibi
128 2419 185 2490 soli
203 2420 418 2515 preeligcret.
436 2419 603 2513 etreliqua
616 2417 701 2488 bona
714 2415 870 2512 equaliter
881 2415 1179 2513 quoadproventus

64 2516 385 2608 annuosdividerent,
404 2514 831 2611 exceptisduobusoastris,
893 2515 1178 2588 ecomesUlricus

62 2609 112 2682 sibi
121 2617 284 2686 retineret.
302 2613 344 2684 Et
354 2617 403 2686 sic
413 2613 503 2686 fraus
522 2623 556 2683 et
571 2611 667 2684 dolus
678 2634 742 2706 que
753 2611 842 2683 nullo
876 2609 974 2683 ebent
983 2615 1178 2709 patrocinari

62 2707 110 2778 init
122 2720 339 2784 remunerata.
365 2709 474 2783 Causa
492 2711 561 2801 fuit,
583 2713 655 2805 quia
675 2707 884 2792 Eberhardus
903 2708 1013 2781 habuit
1029 2711 1128 2782 lilium
1147 2721 1179 2782 et

62 2803 155 2899 mam,
173 2808 234 2881 sed
251 2809 382 2884 lunas
401 2809 518 2881 nullos.

63 2991 125 3062 ltrn
139 2999 380 3085 quodquidam
396 2999 557 3067 amicam
575 2997 820 3066 Asinioacnscm
840 2999 1015 3068 tradidisse
1033 2997 1182 3068 cotctant

142 3099 199 3182 qut
209 3103 389 3184 propterca
405 3097 552 3183 mspcrrsi
568 3103 600 3164 ct
613 3095 770 3164 submersi
785 3104 866 3164 sant.

99 3233 172 3306 ltem
189 3255 308 3306 mense
324 3233 515 3306 novembris
534 3255 619 3305 anno
637 3232 782 3328 predicto
800 3257 864 3305 uno
882 3235 1077 3327 conspiratio
1094 3232 1179 3305 iacta

64 3327 106 3402 init
121 3335 152 3403 in
169 3337 302 3404 civitate
319 3333 540 3405 Avinionensi
556 3353 617 3426 per
634 3330 792 3425 quosdam
819 3331 944 3404 incolas
962 3335 1101 3405 civitatis
1125 3333 1178 3428 qui

64 3427 199 3501 volebant
224 3433 390 3501 civitatem
413 3428 597 3504 tradidisse.
625 3427 694 3500 Sed
717 3450 801 3523 papa
824 3427 1033 3504 Innocentius
1051 3433 1095 3501 vi.
1121 3429 1179 3501 fuit

62 3529 245 3616 premunitus
262 3537 297 3598 et
314 3531 397 3623 capti
414 3527 545 3600 fuerunt
561 3525 674 3624 plures
693 3535 725 3596 et
742 3525 838 3621 aliqui
857 3525 1020 3600 submersi
1039 3528 1177 3600 etmulti

62 3629 204 3719 suspensi.
229 3623 272 3695 m
291 3635 367 3697 tunc
389 3629 544 3720 temporis
568 3646 633 3696 una
658 3626 800 3697 sociatas
817 3623 876 3696 iuit
898 3628 987 3696 iuxta
1012 3627 1177 3697 civitatem

61 3717 163 3795 Montis
176 3723 352 3794 'Pessulani
370 3722 412 3793 de
430 3746 491 3817 qua
514 3723 635 3794 malum
659 3723 748 3792 ouria
765 3720 915 3818 Romana
939 3721 1176 3817 suspicabatun

61 3817 135 3889 stibi
151 3841 274 3892 moram
296 3823 396 3892 nuxit
418 3843 523 3916 usque
540 3819 582 3891 ad
599 3818 698 3890 linem
715 3822 791 3889 anni
809 3819 864 3891 lxi.
888 3815 994 3906 Quem
1010 3818 1063 3891 bic
1079 3841 1177 3891 com-

61 3913 170 4003 plemus
186 3941 270 4014 papa
287 3918 478 3990 Innocentio
496 3919 663 3991 Avinione
681 3937 753 3988 cum
773 3919 860 3988 curia
880 3929 939 3988 sua
957 3927 1118 4007 morante,
1143 3927 1176 3987 et

63 4005 165 4086 Kamlo
179 4019 375 4111 imperatore
390 4027 512 4112 quarto
529 4017 732 4088 natiuitatem
755 4012 875 4086 domini
902 4017 934 4086 in
959 4012 1175 4108 Nitrrenberg

65 4124 230 4203 magenta
259 4113 344 4186 Nam
361 4137 445 4210 papa
469 4126 503 4186 ct
524 4117 701 4210 imperator
722 4109 809 4183 bene
833 4110 1085 4203 concordabant,
1114 4111 1173 4186 sed

64 4211 184 4282 mutina
202 4216 234 4284 in
252 4212 489 4305 congreganda
507 4223 541 4284 et
563 4208 787 4306 extorquenda
805 4214 943 4307 pecunia
961 4234 980 4281 a
999 4213 1067 4284 suis
1089 4209 1175 4285 sub-
