3012 4820
482 279 649 341 Nicotaus
668 275 832 340 mount.
1168 281 1240 362 595

108 460 181 554 ipso
200 460 336 554 imperio
352 467 478 549 tenent,
496 458 646 555 privandi
663 469 698 531 et
714 461 819 532 eciam
836 460 930 533 aliter
957 461 1129 556 puniendi,
1145 475 1241 559 prout
1256 461 1326 528 ¹³38

108 556 335 629 inobedieuoie
353 561 427 631 sive
445 557 551 630 delicti
569 562 745 631 enormitas
763 562 906 649 exigerit
923 561 1114 634 eorundem.

156 657 296 743 Quintus
314 657 467 728 articulus
490 667 553 748 εει,
567 655 653 752 quod
670 657 907 729 consuetudine
925 659 1098 754 antiquitus
1115 658 1240 732 obser-

107 765 185 826 vata
204 763 237 825 et
253 754 400 844 legitime
416 751 547 826 obtenta
566 764 599 826 et
614 758 793 850 prescripta
805 754 971 827 obtentum
983 765 1016 828 et
1025 755 1239 830 observatum

109 863 172 940 εει,
191 849 277 945 quod
295 850 400 923 taliter
417 852 524 923 eleeto
541 851 574 922 in
592 875 708 944 regem
725 852 962 936 Romanorum,
986 864 1021 925 ut
1038 851 1156 926 dictum
1175 865 1239 945 εει,

108 948 239 1044 preberi
256 959 290 1020 et
306 946 375 1020 dari
393 947 492 1020 debet
508 971 629 1022 corona
653 950 779 1042 regalis
801 955 876 1024 sive
892 952 1069 1046 imperialis
1092 955 1125 1022 in
1143 951 1240 1048 opido

108 1047 150 1118 de
169 1047 385 1142 Aquisgrani‚
402 1045 661 1142 quandocunque
678 1048 829 1120 voluerit.

156 1145 281 1218 &ntus
309 1145 463 1218 articulus
487 1155 550 1236 εει,
574 1144 662 1240 quod
689 1145 925 1218 consuetudine
949 1143 1240 1244 approbatamque

109 1253 245 1316 servata
262 1264 281 1313 a
299 1253 388 1314 tanto
405 1247 666 1337 temporeqcuius
678 1247 834 1315 memoria
852 1267 917 1315 non
929 1247 1052 1335 existit
1070 1258 1240 1320 servatum

108 1351 142 1412 et
157 1338 326 1412 obtentum
344 1351 408 1430 εει,
426 1340 554 1434 quodsi
571 1352 649 1413 vota
667 1345 866 1436 principum
884 1341 925 1413 ad
942 1362 1024 1436 quos
1042 1341 1126 1416 diota
1143 1345 1240 1416 eleo-

108 1442 151 1510 tio
168 1441 327 1535 pertiuet'
340 1437 527 1510 dividantur
542 1441 574 1510 iu
592 1437 704 1533 plures
729 1441 796 1528 ita,
824 1439 909 1534 quod
933 1439 997 1510 duo
1021 1443 1053 1512 in
1078 1439 1240 1515 discordia

107 1539 286 1630 eligantur,
304 1535 430 1609 electus
450 1538 483 1608 in
501 1535 676 1629 discordia,
702 1539 754 1608 cui
779 1537 862 1608 deus
885 1540 919 1608 iu
941 1539 1044 1632 prelio
1070 1541 1240 1611 victoriam

108 1632 288 1729 prebuerit
306 1631 444 1706 habetur
460 1645 494 1705 et
511 1645 666 1706 cerrsetur
683 1645 716 1707 et
734 1632 847 1705 haberi
868 1645 901 1706 ει
918 1638 1048 1707 censeri
1066 1634 1164 1707 debet
1181 1657 1241 1731 pro

108 1753 194 1804 vero
210 1753 293 1823 rege
312 1741 345 1804 et
361 1736 558 1827 imperatore
576 1742 609 1804 et
626 1731 734 1804 eidem
751 1743 904 1826 tanquam
921 1755 1006 1805 vero
1022 1737 1096 1826 regi
1123 1742 1156 1804 ει
1173 1737 1241 1804 im-

108 1833 252 1924 peratori
269 1829 491 1902 Romanorum
510 1828 606 1902 debet
624 1830 664 1902 ab
682 1827 832 1903 omnibus
855 1828 999 1922 obediri„
1029 1841 1060 1902 et
1088 1831 1173 1926 quod
1199 1829 1240 1903 ad

107 1929 208 2000 talem
226 1931 274 2000 sio
299 1928 439 2000 electum
464 1930 497 1999 in
525 1927 685 2002 discordia
713 1931 853 2024 pertinet
878 1930 977 2024 plena
1001 1930 1241 2004 administracio

108 2023 183 2096 dicti
201 2029 298 2118 regni
317 2037 350 2098 et
366 2029 502 2122 imperii.

158 2123 326 2218 Septimus
343 2125 496 2197 articulus
514 2134 584 2213 est,
611 2122 696 2218 quod
721 2124 762 2195 de
779 2127 851 2197 iure
869 2136 903 2196 et
919 2125 1155 2198 consuetudine
1173 2127 1241 2196 im-

107 2225 191 2316 perii
208 2221 367 2294 hactenus
395 2221 591 2310 observata,
617 2222 764 2312 legitime
788 2233 820 2295 et
843 2225 1040 2294 inconcusse
1063 2234 1195 2296 servato
1221 2245 1240 2294 a

108 2331 200 2391 tanto
217 2330 377 2414 tempore,
402 2322 493 2392 ouius
518 2322 676 2391 memorio
699 2341 765 2390 nou
782 2323 905 2410 existit„
927 2320 985 2392 luit
1006 2329 1039 2390 et
1062 2331 1132 2410 εει,
1155 2318 1242 2414 quod

109 2428 252 2490 vacante
268 2419 405 2512 imperio
422 2416 463 2487 ad
487 2419 637 2488 comitem
661 2416 864 2490 Palentinum
882 2419 1034 2512 pertinuit
1051 2426 1084 2487 et
1101 2421 1242 2511 pertinet

108 2519 141 2587 in
160 2513 305 2610 partibus
321 2515 520 2588 Alamannia
536 2517 588 2586 ius
606 2513 850 2587 administrandi
868 2519 936 2586 iura
955 2516 1080 2608 imperii
1098 2512 1241 2587 etfeuda

108 2612 300 2708 temporalia
318 2610 508 2684 conferendi
526 2621 560 2683 et
576 2621 686 2683 cetera
705 2612 767 2683 alia
792 2615 952 2703 negocia,
980 2615 1167 2707 spectaneia
1199 2611 1241 2684 ad

108 2713 282 2804 imperium
299 2707 502 2804 disponendi.

157 2807 305 2881 Octavus
324 2808 477 2880 articulus
496 2817 547 2882 est
563 2830 681 2882 verum
699 2832 740 2880 ac
755 2817 885 2880 tenetur
902 2810 1061 2882 notorium
1079 2821 1112 2882 et
1129 2811 1241 2881 mani-

107 2906 244 2997 lesum,
259 2905 332 2977 iore
350 2916 383 2978 ει
400 2927 478 2978 εεεε
497 2929 515 2976 ε
534 2905 610 2997 deo,
628 2886 714 3002 quod
731 2907 819 2978 nulla
837 2911 941 3001 possit
955 2910 1240 3000 tergiversaoione

106 3007 240 3096 negari,
257 3003 417 3100 prefatum
435 3002 599 3075 dominum
615 3002 815 3082 [rudoricum
834 3015 982 3098 quartum
999 3026 1060 3099 per
1076 3007 1240 3101 principes

106 3112 142 3173 et
158 3101 315 3197 prelatos,
334 3100 375 3173 ad
393 3121 475 3196 quos
493 3100 675 3197 pertinebat
693 3112 726 3172 et
742 3103 882 3195 pertinet
899 3105 949 3174 ius
979 3111 1012 3174 et
1036 3112 1181 3196 potestas
1207 3111 1241 3172 et

107 3203 285 3272 auotoritas
303 3198 448 3292 eligendi
464 3221 582 3291 regern
600 3199 836 3287 Romanorum„
853 3198 958 3272 liuisse
982 3209 1015 3270 et
1043 3221 1122 3272 esse
1146 3201 1239 3290 legi-

106 3302 186 3370 time
205 3299 378 3389 [electum]
403 3299 436 3368 iu
458 3319 575 3388 regem
603 3297 848 3386 Romanorum,
870 3317 936 3367 nou
964 3297 1069 3369 solum
1088 3318 1107 3367 a
1125 3298 1239 3368 maiori

107 3405 202 3490 parte
220 3399 365 3490 ipsorum
382 3394 580 3488 prelatorum
599 3405 632 3465 et
649 3397 842 3488 principum,
860 3392 921 3466 sed
939 3397 1044 3466 eciam
1068 3419 1087 3465 a
1111 3393 1238 3466 duabus

104 3490 252 3588 partibus
277 3496 422 3588 ipsomm
450 3501 483 3564 et
511 3493 544 3564 in
568 3491 652 3564 dioto
669 3493 743 3564 loco
767 3489 810 3563 de
840 3491 1090 3564 Franclreuvort
1112 3492 1154 3565 ad
1177 3490 1241 3564 hoo

105 3593 282 3687 andquitus
299 3588 466 3686 deputato„
485 3593 566 3662 etin
585 3589 638 3660 die
656 3589 698 3660 ad
715 3588 904 3682 eligendum
921 3589 1047 3684 prefixa
1066 3613 1126 3685 per
1135 3590 1239 3678 illurn„

105 3692 161 3784 qui
178 3689 345 3785 prefigere
362 3693 483 3782 potuit,
509 3687 750 3784 propterquod
776 3691 881 3761 eciam
907 3687 1087 3759 secundum
1111 3691 1181 3758 iura
1205 3695 1240 3756 et

105 3786 364 3906 consuetudines
392 3789 519 3882 imperii
546 3783 659 3858 haberi
690 3797 723 3857 et
756 3787 886 3858 censeri
913 3782 1024 3855 debuit
1052 3785 1178 3856 electus
1205 3785 1239 3854 in

106 3883 444 4058 oorpppppllnsafflffllus
461 3991 513 4056 est
531 4003 661 4072 verum„
681 3984 840 4054 notorium
860 3993 892 4054 et
909 3982 1139 4068 manifestum,
1165 3977 1239 4051 lore

104 4091 139 4153 et
155 4103 250 4170 esse,
268 4079 353 4176 quod
370 4085 441 4176 ipse
457 4081 607 4154 dominus
625 4079 814 4153 Ludovious
831 4085 883 4153 iiii.
899 4082 1081 4154 siceleotus
1093 4079 1152 4150 luit
1164 4085 1239 4174 post

104 4183 212 4276 ipsam
231 4179 426 4252 electionem
444 4177 551 4252 debite
569 4187 743 4253 coronatus
762 4187 795 4250 et
817 4181 985 4253 inmissus¹
1019 4180 1051 4250 in
1075 4175 1173 4274 opido
1196 4175 1241 4252 do

161 4291 191 4362 l)
212 4291 330 4350 domitius
349 4293 389 4351 lus.

967 4407 1025 4472 381
