3014 4822
503 273 849 338 nnannsnnonus.
1169 281 1241 354 419

114 461 190 525 sunt
206 449 248 523 ad
261 450 325 524 duo
343 452 454 543 5611116,
471 474 608 548 qnorum
626 454 854 548 quadringenti
872 453 973 542 66651,
991 452 1243 547 minutianu-

113 551 185 622 cola
204 549 290 622 ducti
308 561 392 622 sunt.
424 549 513 623 inter
530 551 747 624 Worraatiam
765 563 799 622 et
815 548 1018 644 Oppenheim
1037 571 1077 622 su
1099 573 1136 622 56
1154 551 1243 622 mille

112 651 284 816 fflabntur
308 657 339 720 et
364 648 545 720 caeduntur
567 647 607 720 ab
631 647 773 743 Adelphi
802 647 1036 742 archiepiscopi
1096 650 1244 742 ogonuni

170 767 180 815 ι
226 769 276 818 65.

161 841 469 918 Francoiurdenses
497 848 594 916 etism
623 867 709 916 anno
738 853 898 937 sequente
923 841 1018 913 1389
1041 843 1123 913 16516
1148 853 1244 916 sexta

112 951 188 1034 post
211 940 405 1014 dominicam
428 940 563 1036 iubilate
591 945 670 1032 [mai
696 941 759 1030 14]
786 961 860 1011 cum
885 943 1016 1011 armatis
1041 937 1188 1012 cunibus
1212 949 1246 1010 61

115 1036 277 1131 equitius
302 1044 447 1131 egressi„
471 1036 631 1133 quoddam
650 1061 772 1111 vnenms
791 1036 994 1108 dominorum
1012 1035 1054 1106 de
1072 1035 1246 1128 Cronberg

113 1133 379 1226 combusserunt
403 1135 538 1208 arbores
562 1135 849 1207 decorticaverunt
871 1134 999 1228 niaque
1020 1133 1244 1206 devastarunt.

112 1229 245 1302 Interea
269 1231 397 1304 nobiles
415 1230 690 1324 Cronbergenses
712 1231 809 1303 adiuti
826 1235 981 1303 trecentis
999 1229 1158 1328 6661111165
1175 1233 1246 1304 Pa-

115 1328 223 1401 latinis
248 1333 333 1401 61566
352 1331 465 1402 viliam
481 1329 677 1401 Ρ56ιι616156
700 1329 764 1401 illis
787 1338 962 1399 occurrunt
985 1338 1108 1422 etpost
1132 1329 1246 1400 levem

114 1445 262 1518 pugnarn
278 1430 311 1498 in
329 1428 443 1520 iugem
459 1437 604 1516 vortunt,
626 1430 854 1521 septingentos
872 1436 905 1496 et
921 1423 1165 1519 quatuordecim
1182 1449 1245 1497 ca-

111 1525 217 1616 piunt
235 1545 358 1617 paucos
376 1523 538 1613 occidant,
557 1524 704 1618 aliosque
721 1523 923 1616 dispergant.
949 1521 1034 1594 Nam
1047 1523 1246 1617 supramiilo

112 1619 246 1691 ducenti
262 1625 295 1694 in
313 1625 416 1694 eciem
433 1620 623 1715 prodierunt
634 1643 679 1692 ex
690 1629 783 1714 parte
800 1621 949 1692 civitatis.
976 1619 1050 1690 Fuit
1066 1629 1143 1691 tnnc
1159 1641 1246 1711 gra·-

112 1719 251 1789 vissima
277 1723 464 1812 persecutio
488 1717 566 1789 61651
584 1717 679 1790 huius
696 1717 759 1788 1661
777 1727 910 1810 propter
928 1715 1112 1788 libertatem
1129 1717 1246 1788 ecole-

114 1817 293 1906 516511666,
322 1839 419 1909 qnam
443 1813 614 1886 Conradus
638 1813 904 1908 archiepiscopus
928 1813 1142 1905 Mogontinns
1166 1812 1245 1885 dili-

113 1922 234 2002 genter
259 1915 448 2008 composuit.
484 1912 569 1984 Hinc
595 1909 681 2004 apud
705 1909 981 2004 Cronbergsnses
1005 1909 1112 1983 adhuc
1137 1921 1247 1984 exstat

113 2012 247 2100 signum
266 2011 393 2106 aquius
411 2013 527 2102 nigrae
544 2006 743 2081 nostratibus
760 2006 915 2098 ablatum,
934 2011 1025 2080 onius
1043 2009 1116 2081 loco
1130 2020 1246 2103 postea
1325 2089 1330 2096 ,

112 2109 159 2176 611
175 2109 258 2179 16551
271 2116 352 2273 lsunt
370 2108 475 2202 666116
494 2104 580 2196 alba,
598 2128 695 2200 quana
709 2114 742 2175 et
759 2102 855 2176 hodic
873 2106 1041 2200 proferunt
1050 2109 1085 2178 in
1096 2111 1165 2180 suis
1178 2129 1247 2179 ex·

181 2207 271 2274 itioni
293 2225 343 2276 us.
414 2257 419 2265 .
980 2237 982 2244 ¹

114 2201 265 2374 1κάΑηηο
279 2300 376 2372 1400
396 2305 488 2392 [ang.
501 2299 565 2390 20]
586 2301 754 2394 depositus
768 2299 1053 2372 estWenceslaus
1072 2303 1248 2393 inperator

113 2395 155 2466 ab
173 2397 371 2470 electoribus
392 2397 744 2492 65156ιιι60666611661
765 2395 884 2468 deinde
900 2396 1168 2485 Francofoadiae
1193 2395 1247 2467 ubi

111 2495 257 2588 inciytns
283 2495 350 2568 dux
366 2495 633 2567 Bnuaswioensis
652 2504 685 2564 61
701 2491 970 2587 Luneburgcnsis
995 2504 1047 2566 cst
1069 2495 1195 2566 electus
1213 2501 1248 2563 ιι1

113 2591 246 2684 quidam
263 2592 405 2682 15661661,
424 2593 476 2664 aiii
494 2591 702 2684 designatum
721 2601 843 2662 tentum
860 2592 985 2663 volunt.
1019 2590 1053 2664 Is
1070 2594 1102 2662 16
1120 2612 1247 2664 rovor-

113 2691 210 2759 sione
227 2689 269 2758 ad
288 2710 366 2762 suos
385 2695 436 2762 651
453 2693 582 2762 6661565
600 2713 619 2759 6
638 2693 755 2760 comite
779 2687 822 2760 de
838 2687 1048 2760 Waldeclnen
1072 2687 1160 2759 unde
1176 2709 1247 2759 ve-

112 2796 235 2857 nerunt
252 2788 351 2858 multa
369 2789 464 2859 mala.

164 2883 266 2954 Anno
295 2883 386 2956 1401
420 2883 535 2976 [1400
558 2907 634 2976 aug.
653 2883 717 2974 at]
747 2885 913 2978 Rupertus
942 2905 1053 2956 comes
1107 2881 1245 2954 aiatinus

99 2977 223 3051 ,Rheni
252 2981 376 3054 eiectus
405 2993 456 3054 ost
478 2979 661 3076 Bopardiao
685 3007 706 3052 a
728 2980 922 3076 quibusdam
949 2905 1145 3053 electorissus
1172 2988 1248 3079 post

113 3074 355 3170 depositionem
367 3077 563 3152 Wenceslai
581 3088 613 3148 61
629 3089 766 3150 mortem
783 3076 950 3148 Frideiici.
968 3079 1029 3164 Qui
1047 3099 1121 3148 cuna
1139 3097 1247 3145 exer-

111 3175 177 3243 citu
197 3195 259 3244 suo
280 3178 427 3246 16661116
445 3195 561 3269 campo
578 3173 852 3246 Francciordensi
871 3183 904 3243 et
920 3175 1098 3246 insinuavit
1119 3173 1246 3265 prinoi-

112 3267 209 3362 pibus
233 3275 354 3343 circum
379 3271 559 3344 iacentibus
583 3293 678 3344 suern
702 3273 909 3358 6166116666,
938 3270 998 3342 sed
1025 3289 1125 3340 nemo
1149 3287 1247 3338 com-

112 3370 220 3458 paruit
246 3367 310 3439 hoc
339 3379 391 3441 est
417 3370 539 3460 nullus
567 3372 620 3466 qui
647 3391 686 3441 se
713 3376 906 3462 opponeret,
934 3369 996 3438 etsi
1020 3365 1246 3437 Wenoeslaus

112 3462 222 3535 adhuc
231 3469 373 3536 viveret.
400 3468 510 3556 Quare
525 3471 618 3538 cives
629 3465 933 3536 Francoiordenses
945 3487 1021 3535 eum
1037 3469 1244 3556 receperunt.

161 3561 265 3632 Anno
291 3561 387 3634 1402
408 3561 469 3633 iuit
492 3563 657 3654 generalis
683 3566 853 3655 processio
880 3563 959 3632 61651
984 3573 1016 3634 61
1039 3559 1149 3655 populi
1172 3577 1247 3629 cum

112 3655 297 3728 venerabili
315 3670 521 3731 sacramento
538 3670 671 3754 6566165
687 3658 891 3754 eptdemiana.
1215 3725 1219 3734 .

161 3755 265 3827 Anno
283 3755 392 3846 1407,
418 3779 493 3827 curn
511 3756 619 3829 clerus
637 3766 670 3826 et
687 3767 822 3827 senatus
846 3755 900 3826 diu
917 3755 1058 3828 16155661
1075 3751 1245 3826 discordes

112 3849 1247 4043 tutititttttittitttnitnttiti?it!

1004 4002 1014 4038 t

112 4049 249 4120 nissima
267 4045 417 4117 libertate
434 4047 474 4117 ad
492 4059 600 4119 oertos
617 4047 736 4118 limites
754 4047 863 4118 clerus
881 4057 934 4118 est
948 4043 1112 4117 redactus.

160 4145 264 4217 Anno
289 4143 385 4219 1409
405 4147 501 4237 [166]
521 4145 686 4240 Rupentus
710 4147 887 4236 imperator
911 4140 1021 4220 habuit
1046 4149 1246 4220 convcnun

166 4265 197 4326 it
218 4266 244 4322 in
265 4265 505 4322 Ober-Lahnstein.

975 4375 1033 4436 tt*
