2982 4824
253 193 325 270 634
427 179 603 250 lllll'Olll'lAE
622 191 814 252 Fl0lililll’lllll
833 193 940 252 essm
959 193 1199 254 intentionum

253 372 348 446 eliani
366 369 425 441 vix
442 369 568 462 equites
585 367 687 458 mdle,
703 379 814 442 ιιιιιιιιι
829 369 982 442 denaus
1000 391 1045 442 ex
1054 367 1243 459 saladinus,
1262 379 1297 442 et
1312 371 1377 443 iere

252 471 357 542 omnis
375 470 447 539 eius
464 477 515 538 est
532 478 721 561 peremptus
739 455 924 556 exercitis,
942 469 1094 562 ιιιιιιιιιιιι
1111 471 1260 540 evaserit
1282 468 1377 540 Sala-

253 567 358 640 dinus.
397 564 517 659 Sioque
531 587 594 637 rex
604 565 817 639 Bauduinus
808 591 840 638 ιιι
853 565 1057 640 Ascalonem
1071 589 1144 638 oum
1156 587 1281 658 magno
1292 589 1376 658 gaur-

252 665 304 737 dio
321 674 376 738 eet
391 685 562 736 reversus.
590 663 688 736 Ηοιι·
679 688 711 737 m
721 674 871 760 tempore
890 665 976 738 lilius
993 663 1167 736 Norradiui
1183 685 1248 737 rex
1265 663 1379 760 Alapie

252 766 338 858 oepit
354 761 520 852 Edissam
537 761 749 858 Francosque
766 761 810 834 ibi
827 773 940 858 captos
958 773 1015 834 aut
1030 772 1136 836 morte
1154 771 1211 834 aut
1223 766 1378 836 servitute

252 861 454 956 dampnavit
472 859 752 956 arehiepiscopum
763 865 903 936 ιιιιιιιιιιιι
922 883 996 933 oum
1008 861 1140 934 olenus
1152 859 1319 952 omnibus„
1329 883 1379 956 qur
1480 861 1481 890 ³

251 959 415 1032 Christum
441 955 611 1051 abnegare
639 961 834 1051 noluerunt
857 982 968 1033 eoram
996 981 1035 1032 se
1058 963 1090 1030 in
1115 957 1225 1030 medio
1241 963 1378 1033 ιιιιιιιιιι
1480 971 1481 1008 a

251 1058 406 1130 deoollari
431 1061 587 1153 preoepit
623 1058 697 1130 Hee
716 1061 839 1132 nivinus
866 1059 944 1130 olim
970 1057 1029 1130 luit
1050 1056 1160 1150 Agari
1185 1061 1303 1149 regis
1331 1061 1378 1132 oui
1480 1075 1481 1152 ᾗ

251 1155 400 1229 Christus
417 1157 586 1250 epistolam
605 1160 758 1253 scriptam
776 1180 874 1229 manu
886 1178 946 1230 sua
960 1158 1152 1246 ornamina,
1169 1163 1205 1227 et
1214 1177 1312 1250 ιιιιιιιι
1323 1179 1380 1252 per

249 1253 418 1327 Thadeum
436 1255 654 1350 apostoluma
681 1259 779 1347 gravi
802 1253 916 1328 morbo
940 1255 1085 1343 euravitq
1109 1255 1202 1326 ouius
1227 1257 1379 1349 populum

249 1353 391 1426 Thomas
409 1353 578 1448 apostolus
595 1353 636 1424 ad
648 1353 747 1424 fidem
761 1354 940 1442 eonvertit
958 1352 1108 1447 adquam
1123 1352 1292 1424 civitatem
1303 1375 1378 1427 eor-

184 1452 197 1471 ·
249 1473 311 1546 pus
341 1455 413 1524 eius
442 1473 487 1523 ex
508 1449 599 1522 ludia
624 1463 676 1525 est
697 1451 900 1524 nouolutum.
936 1450 1021 1523 Nam
1045 1460 1079 1521 et
1100 1471 1161 1544 per
1186 1450 1379 1543 longissima

248 1561 395 1645 tempora
412 1572 430 1621 a
448 1552 582 1621 nemine
600 1553 827 1646 potuitoivitas
845 1551 899 1623 illa
911 1551 995 1644 napi,
1013 1551 1087 1645 quia
1098 1551 1220 1639 statim
1233 1559 1380 1645 uteuper

291 1660 373 1720 rtam
392 1648 529 1743 epistola
547 1647 600 1720 dei
616 1645 817 1741 legebatur¹
835 1651 941 1720 omnis
958 1646 1084 1721 hostilis
1098 1647 1380 1740 exeroinrsiuga-

248 1671 350 1818 ffitur.
401 1747 474 1818 lloo
497 1756 646 1842 tempore
674 1769 761 1819 anno
790 1746 910 1819 domiui
938 1746 1142 1818 ιιι.ο..ιιιιιιι.ι
1176 1767 1195 1815 a
1224 1743 1380 1818 saladino

250 1843 385 1940 Gulipho
403 1843 585 1919 Ierusalem
603 1856 697 1942 napta
715 1856 776 1917 est.

297 1943 425 2014 Verum
444 1953 591 2038 tempore
608 1942 800 2060 preoedenti
815 1944 980 2016 Hemious
991 1965 1055 2016 rex
1070 1942 1196 2036 Anglie
1208 1941 1251 2014 ad
1261 1964 1380 2040 papam

247 2039 477 2114 Alexandrum
500 2045 630 2114 nuntios
656 2044 742 2116 misit
767 2041 809 2115 de
832 2065 917 2114 neoe
940 2041 1066 2114 'l'home
1089 2043 1230 2114 ιιιιιιιιιιιι
1256 2063 1297 2114 se
1313 2063 1381 2114 ex·-

247 2161 378 2211 eusans.
414 2137 528 2211 Misit·
519 2143 618 2232 agitur
634 2163 717 2236 papa
736 2140 820 2215 duos
837 2139 1042 2213 oardmales
1032 2163 1066 2212 m
1078 2139 1251 2232 Angliana
1270 2161 1381 2212 noram

247 2237 362 2333 quibus
374 2241 519 2332 rexipse
530 2241 661 2329 iuravit,
681 2238 766 2334 quod
784 2261 845 2312 suo
863 2243 953 2312 iussu
972 2261 1039 2310 non
1050 2238 1158 2310 iuerat
1174 2238 1381 2328 utorfeeros,

247 2340 397 2432 quamvis
415 2339 590 2408 oceasione
605 2338 691 2410 illius
717 2336 879 2410 discordie
903 2339 944 2410 sit
966 2339 1105 2410 occisus.
1159 2335 1196 2407 ln
1219 2339 1380 2431 peniten-

246 2438 321 2506 tiam
340 2457 423 2527 ergo
441 2439 578 2529 aceepit„
598 2447 632 2506 ιιι
649 2435 809 2509 duoenlos
828 2437 945 2508 milites
963 2438 1116 2507 eontinuo
1133 2436 1278 2506 mitteret
1295 2435 1380 2508 ultra

245 2555 337 2604 mara
355 2554 552 2627 perannum
570 2534 635 2604 illio
652 2537 839 2606 οοιιιιιιιιιιιιι
863 2543 1066 2622 moraturos,
1090 2534 1256 2628 aooipiens
1280 2531 1381 2606 nihilo

247 2635 353 2703 minus
370 2634 442 2725 ipse
460 2653 591 2703 erueem
609 2653 669 2704 eos
687 2632 769 2703 infra
787 2635 960 2704 triennium
979 2641 1162 2704 secuturus.
1196 2629 1381 2726 Imperator

247 2752 329 2801 vero
346 2727 555 2818 laedemus
568 2733 621 2824 qui
633 2751 765 2802 erucem
777 2739 951 2824 aeceperot
967 2751 1027 2824 pro
1045 2729 1185 2802 emenda
1202 2727 1380 2814 dissordie,

246 2849 342 2921 quam
359 2849 432 2898 oum
449 2849 533 2921 papa
552 2827 746 2901 Alexandro
772 2827 949 2918 habuerat,
974 2845 1047 2900 oum
1071 2851 1132 2924 per
1157 2839 1280 2900 terram
1305 2849 1379 2899 num

247 2947 368 3017 magno
386 2927 532 2996 exercitu
552 2925 592 2996 ad
605 2925 831 2998 liberationem
855 2939 943 2998 terre
970 2937 1084 2998 sauma
1107 2925 1379 3021 proaederet‚in

245 3023 404 3096 Armenia
422 3044 527 3117 parvo
546 3023 675 3118 quidem
699 3023 832 3096 ilumine
856 3036 909 3098 est
932 3021 1125 3097 submersus
1143 3045 1231 3095 anno
1257 3023 1380 3095 domiai

246 3123 398 3194 mexoi.
425 3119 622 3194 Frederious
640 3125 805 3194 tricesimo
823 3133 944 3195 octavo
960 3145 1047 3194 anno
1064 3124 1190 3216 imperii
1216 3124 1268 3194 sui
1294 3125 1381 3194 inter

245 3219 401 3291 Nioheam
420 3218 558 3291 Bithinie
581 3231 613 3292 et
630 3219 837 3292 Antiochiam
865 3223 949 3293 siout
982 3219 1101 3292 dietum
1126 3229 1179 3292 est
1203 3217 1301 3309 obiit
1328 3223 1380 3291 vir

245 3317 375 3411 quidem
393 3320 638 3410 magnanimae,
656 3320 762 3411 gestis
780 3321 968 3414 praelarus
986 3317 1156 3390 rebellium
1183 3317 1378 3390 dominator.

244 3415 420 3486 Ειιιιιιιιιιι
439 3417 497 3487 vix
514 3415 556 3488 de
574 3417 676 3488 liuvio
693 3417 790 3511 paulo
808 3429 882 3512 post
902 3419 1064 3508 moriens,
1083 3415 1213 3488 suidam
1231 3415 1298 3488 filio
1317 3437 1379 3488 suo

245 3514 317 3586 duoi
335 3511 483 3604 slavia
511 3517 564 3608 qui
590 3537 665 3585 eum
691 3519 861 3588 eomitatus
888 3527 977 3604 erat
1005 3517 1186 3586 exereitum
1204 3516 1380 3600 summisit,

244 3611 381 3684 oonsilio
399 3609 556 3682 baronum
576 3617 628 3707 qui
646 3616 679 3683 ιιι
697 3617 843 3685 exereitu
864 3624 971 3704 erant,
990 3611 1136 3686 similiter
1153 3635 1227 3684 oum
1242 3610 1380 3683 arehie-

244 3713 386 3805 piscopis
405 3710 524 3782 Pisano
542 3721 576 3781 et
593 3711 793 3782 Ravennati.
843 3711 1007 3806 Tempore
1027 3709 1182 3782 Friderioi
1200 3709 1310 3781 Rome
1337 3709 1378 3781 lrii

243 3809 376 3880 filerunt
391 3807 562 3903 presules:
580 3807 753 3901 Eugenius
772 3811 865 3882 annis
886 3819 1043 3905 quatuor,
1061 3808 1263 3882 Anastasius
1291 3829 1378 3880 anno

243 3929 322 3996 uno,
339 3905 508 3978 Adrianus
526 3929 607 3998 sex,
636 3906 831 3980 Alexander
856 3910 1056 4000 vigintiduo
1079 3905 1199 3978 lunius
1226 3915 1375 4001 quatuor

244 4001 397 4076 Urbanus
425 4003 509 4094 duo,
539 4004 722 4098 Gregorius
747 4017 780 4077 et
803 4005 959 4080 Clemens
982 4028 1054 4079 sex.
1093 4003 1275 4099 Imperavit
1302 4013 1375 4100 post

246 4105 490 4174 coronationem
510 4105 605 4178 annis
622 4107 753 4199 triginta
765 4126 841 4196 sex,
852 4125 942 4201 pmus
952 4105 1107 4199 regnavit
1116 4125 1213 4176 eume
1225 4104 1373 4198 quinque

299 4223 328 4292 1)
345 4223 448 4282 labatur
466 4225 507 4285 hs
