2982 4824
286 239 463 300 lllNOlllTAll
480 241 674 302 inuasurum
693 243 802 302 GES'TA
820 242 1059 304 IMPERATORUM.
1163 250 1230 324 641

109 415 292 510 Pupienses
309 417 469 492 invadunt
485 439 611 514 eosque
629 421 749 492 uenter
772 417 976 494 debellantes
1002 423 1121 496 multos
1144 425 1239 496 occi-

109 512 190 586 dunt
207 524 241 586 et
257 519 396 609 capiunt
430 514 478 589 At
494 514 690 590 Fredeiious
708 521 742 590 in
759 539 843 612 equo
861 521 933 592 sine
951 519 1033 592 sella
1051 518 1239 612 diffugiens,

108 611 247 684 lluvium
264 616 442 704 transiens,
459 613 769 688 aGremonensibus
786 613 828 686 ibi
843 616 1091 710 expectantibus
1110 628 1161 689 est
1176 639 1240 689 re-

109 719 226 802 ceptus
244 709 507 806 Cremonamque
525 711 693 786 deductus.
734 711 797 786 Hic
814 715 885 787 eius
903 712 1012 786 odium
1030 724 1141 788 oontm
1160 713 1240 788 iiie-

109 805 321 882 diolenenses
339 812 465 904 accepit
480 813 616 901 initium,
633 832 675 882 eo
687 811 772 906 quod
789 814 897 906 ipsum
914 834 1034 905 capere
1053 812 1238 885 voluerunt.

108 903 219 1000 ltaque
249 904 292 977 de
319 904 483 980 Cremona
512 913 625 1003 paucis
653 931 729 982 eum
756 906 982 984 comitantibus
1010 933 1056 984 ex
1078 907 1240 984 nobilibus

108 999 304 1076 lombardie
320 1007 354 1077 in
370 1005 580 1079 Alamaniam
597 1009 646 1079 sio
658 1009 817 1080 transivit.
842 1006 1058 1103 Veniensque
1071 1006 1240 1082 Constan-

108 1103 188 1172 tiam
211 1099 374 1176 acivibus
398 1115 572 1198 susceptus
590 1114 651 1178 est.
687 1102 761 1176 Otto
785 1127 887 1194 vero„
911 1108 965 1200 qui
993 1129 1069 1180 oum
1092 1105 1240 1184 ducentis

108 1195 262 1271 militibus
280 1195 479 1295 sequebatur
496 1223 585 1290 enm,
602 1205 692 1274 iuxta
717 1199 940 1276 Constantiam
965 1203 1008 1276 ad
1030 1214 1099 1278 tres
1124 1203 1240 1278 leucas

108 1300 246 1391 turpiter
263 1299 418 1392 repulsus
443 1309 503 1372 est
545 1297 743 1374 Tredericus
768 1311 877 1372 autem
901 1302 933 1372 in
957 1325 1063 1397 parvo
1092 1313 1240 1396 tempore

107 1405 222 1466 contra
252 1393 404 1470 Ottonem
437 1396 571 1470 obtinuit
604 1409 637 1469 et
662 1399 884 1494 Aqiiisgranis
913 1420 1067 1472 comnam
1094 1401 1240 1473 Alama-

106 1493 174 1564 nioi
188 1497 286 1586 regni
309 1499 465 1590 suscepit.
493 1493 688 1590 Mortuoque
707 1494 827 1569 Ottone
844 1499 878 1566 in
899 1495 1037 1570 Ytoliam
1055 1496 1240 1592 repedavit,

107 1587 234 1664 ducens
255 1589 478 1666 Constantiam
502 1592 601 1665 liliam
618 1597 710 1686 regis
734 1595 931 1686 Aragonum
947 1597 981 1666 in
1002 1617 1159 1684 uxorem,
1182 1594 1240 1666 fa-

107 1697 211 1760 vente
233 1689 383 1763 Romana
408 1691 551 1764 ecclesia
574 1703 608 1763 et
635 1715 711 1764 eum
728 1705 892 1787 tamquam
909 1692 1010 1764 lilium
1033 1697 1066 1765 in
1088 1690 1239 1764 ominbus

106 1789 282 1860 nutriente.
307 1786 421 1883 ltaque
438 1789 627 1862 sicilianum
643 1789 836 1882 ingrediens
857 1812 998 1883 regnum
1015 1801 1115 1864 totum
1127 1815 1147 1863 a
1158 1791 1238 1887 plu-

105 1881 198 1960 ribus
214 1898 419 1981 occupatum
438 1909 479 1959 eo
497 1886 582 1983 quod
601 1909 712 1962 comes
723 1889 899 1962 Raineiius
910 1888 1240 1962 deSarthianosici-

105 1981 198 2074 bam,
215 2007 328 2058 comes
346 1983 553 2074 (luarlten'usa
571 1985 672 2058 freter
695 1989 786 2080 regis
809 1985 983 2080 lobannis,
1006 1988 1182 2083 Apuliam,
1208 1997 1241 2060 et

105 2103 223 2156 eomes
239 2081 396 2157 Tibullus
413 2083 633 2157 Theotonicus
652 2085 883 2179 nuncupatum,
901 2086 1020 2180 aliique
1037 2109 1134 2181 quam
1158 2087 1239 2181 plu-

104 2182 182 2252 rimi
204 2191 309 2254 terras
332 2181 414 2254 alias
438 2181 642 2271 abnuerent,
663 2186 707 2254 ita
732 2191 768 2254 ut
795 2184 901 2276 ipsam
917 2180 1085 2256 Frederici
1102 2193 1240 2258 matrem

105 2299 304 2372 oppressam
335 2278 519 2367 fedassent,
544 2283 577 2351 in
607 2291 755 2374 tempore
778 2301 882 2374 parvo
906 2301 1023 2353 onmes
1047 2278 1185 2354 subiecit
1207 2291 1241 2353 et

106 2375 269 2470 quosdam
294 2380 406 2450 exeis
424 2375 578 2452 occidens
596 2380 678 2452 alios
696 2377 949 2450 iuAlamaniam
960 2377 1137 2470 relegavit,
1155 2399 1238 2472 quos

104 2483 226 2567 postea
254 2478 330 2546 visu
358 2478 491 2569 viteque
519 2479 671 2569 privavit.
719 2473 832 2568 ltaque
859 2473 1031 2548 roboratus
1057 2498 1097 2548 oo
1118 2474 1239 2550 divitiis

104 2573 205 2645 nimis
223 2583 351 2663 aucus
367 2571 558 2645 Innocentio
581 2576 646 2645 iam
671 2571 842 2662 donnum,
866 2595 885 2643 a
909 2595 993 2668 papa
1017 2583 1070 2646 est
1093 2571 1240 2646 Honorio

104 2680 285 2743 coronatus
305 2675 339 2742 in
356 2669 489 2742 basilica
508 2675 611 2744 sancti
627 2671 716 2744 Petri
733 2691 819 2746 nunc
837 2667 957 2741 domini
974 2693 1126 2746 mooun.
1143 2673 1238 2762 [nov.

104 2765 190 2856 22],
207 2769 412 2861 pontificatus
429 2766 565 2840 Honorii
583 2769 739 2842 secundo.
776 2766 844 2838 Sed
868 2789 934 2839 non
952 2769 1051 2842 multo
1068 2779 1142 2864 post
1158 2779 1238 2842 tan-

104 2875 215 2936 torum
235 2863 469 2938 beneficiomm
488 2867 763 2940 inmemcrlaetus
782 2875 955 2938 estnontrn
974 2877 1110 2940 matrem
1122 2867 1239 2940 eccle-

104 2964 205 3054 siam,
226 2986 289 3058 que
307 2987 383 3037 cum
400 2962 441 3036 de
459 2964 599 3058 pulvere
617 2975 651 3036 et
667 2985 751 3038 ceno
769 2973 937 3053 erexerat,
955 2974 988 3034 et
1005 2986 1068 3058 que
1086 2963 1238 3038 etlilium

102 3063 216 3154 ipsum
232 3065 389 3136 nutrierat
407 3071 440 3133 et
456 3060 498 3134 ad
515 3062 646 3133 eulmen
662 3061 839 3157 imperialis
860 3058 1025 3152 dignitatis
1043 3060 1239 3152 adduxerat,

103 3167 143 3231 ut
158 3161 309 3250 ingratus
327 3161 518 3232 calcaneum
538 3163 673 3251 erigens
697 3158 848 3231 eeclesiis
866 3161 962 3249 regni
986 3161 1037 3230 sui
1059 3159 1178 3232 multas
1206 3169 1240 3230 at

102 3276 249 3347 magnas
265 3259 399 3330 iniurius
410 3255 591 3330 inlarendo.
617 3254 666 3327 Ob
678 3279 775 3351 quam
794 3276 929 3327 oausam
946 3253 986 3326 ab
1000 3259 1119 3349 ecqui
1136 3277 1238 3328 coro-

100 3363 249 3426 naverat
265 3377 354 3445 eum,
372 3352 586 3427 anathematis
611 3364 661 3426 est
686 3375 842 3426 mucrone
867 3374 1046 3448 percussus
1072 3365 1237 3450 tamquam

101 3449 258 3542 degener
275 3452 359 3526 lilius
378 3462 411 3523 et
426 3450 594 3526 benefieiis
613 3455 723 3525 matris
740 3456 899 3544 ingratus.
927 3450 1074 3524 Tandem
1088 3450 1236 3527 Honorio

101 3557 235 3620 mortuo
262 3560 296 3621 et
327 3548 369 3621 ad
403 3561 555 3645 papatum
587 3548 750 3642 Gregorio
786 3547 957 3622 sublimato
994 3572 1080 3622 enno
1114 3548 1236 3622 domitii

56 3714 61 3722 .
101 3650 305 3722 manumisi.
324 3669 384 3742 per
406 3649 513 3741 ipsum
536 3645 753 3740 Gregorium,
776 3650 830 3741 qui
853 3649 924 3721 eius
947 3657 1104 3741 patronus
1126 3647 1234 3718 luerat

99 3744 295 3838 spiritualis,
312 3767 387 3818 cum
403 3743 509 3818 adbuc
528 3756 620 3818 esset
634 3749 668 3818 in
683 3748 800 3817 minori
816 3743 922 3816 officio
946 3749 1156 3834 consumtus,
1182 3753 1234 3826 ast

99 3843 333 3917 reconciliatus
352 3844 508 3934 ecclesie,
526 3865 612 3916 anno
629 3841 749 3914 domini
766 3844 965 3913 mccxrnix.
995 3844 1122 3936 imperii
1148 3862 1233 3914 vero

99 3937 261 4012 Friderici
279 3944 428 4036 septimo.
454 3941 555 4014 dimo
572 3951 683 4014 autem
696 3943 823 4034 imperii
841 3941 891 4011 sui
909 3935 1094 4030 undecimo,
1112 3938 1234 4009 domini

98 4058 189 4110 vero
211 4042 410 4114 memmi.
445 4038 556 4132 [1225
581 4041 675 4129 non]
703 4037 794 4112 dimit
818 4058 957 4109 uxorem
980 4037 1080 4110 liliam
1106 4038 1236 4110 unicam

97 4137 195 4228 regis
211 4133 396 4211 lemsalem
411 4136 578 4228 Iohannis,
596 4159 706 4210 coram
731 4158 816 4231 papa
839 4133 1002 4228 Gregorio
1025 4157 1112 4207 nono
1137 4137 1234 4228 signo

98 4237 211 4308 crucis
229 4245 398 4330 assumpto
415 4237 448 4308 in
465 4234 645 4312 subsidium
662 4247 751 4310 terre
769 4243 893 4309 sancte.
937 4232 998 4308 set
1013 4255 1080 4307 non
1097 4234 1235 4328 miiltum

156 4363 452 4422 noemaronrssu
987 4375 1020 4439 41
