3010 4822
294 237 369 311 548
604 275 608 286 .
635 235 809 308 numerous
828 237 1080 296 annnonnnusus.

208 419 273 476 1361
291 411 453 504 manibus,
472 422 506 483 et
526 433 725 508 coronaque
743 425 918 486 coronatus
930 423 982 486 est
990 417 1023 484 iu
1035 416 1298 506 imperatorem
1312 410 1418 486 Leone

290 533 374 604 papa
393 514 503 597 terti03
521 513 597 582 item
615 511 744 603 gladius
752 512 892 583 Mauritii
913 514 1084 605 martyris3
1103 515 1179 581 item
1195 512 1281 604 petia
1300 507 1418 582 braobii

291 619 405 679 sancte
427 610 545 697 Anne„
568 613 678 683 matris
703 608 807 681 blarie
831 612 989 701 virginisq
1007 619 1040 679 et
1064 607 1147 680 dens
1165 605 1321 680 Iohannis
1339 605 1420 700 bap-

289 710 383 795 tiste3
400 710 477 779 item
494 709 580 800 petia
598 706 710 796 eorde,
729 730 790 801 qua
810 707 958 779 Christus
982 706 1041 776 luit
1057 706 1099 778 ad
1122 706 1308 777 columnam
1333 704 1419 796 liga-

288 813 361 890 tus;
379 807 531 901 spongia,
549 827 612 898 qua
629 804 688 876 luit
703 809 736 876 in
755 827 853 876 eruee
870 813 1011 897 putatum
1030 815 1063 876 et
1079 804 1144 875 alie
1154 804 1267 896 plures
1286 802 1420 895 reliquie

291 915 488 976 sanctorum.

338 1000 420 1073 Item
442 1000 559 1072 eodem
583 1011 731 1095 tempore
756 1000 911 1071 videlieet
934 1002 1000 1072 viii.
1026 999 1099 1072 idus
1129 999 1240 1094 aprilis
1267 1000 1356 1091 [apr.
1384 998 1419 1088 6]

289 1095 366 1170 obiit
393 1097 543 1170 dominus
570 1095 729 1170 Albertus
756 1095 980 1189 burggravius
1008 1097 1052 1168 de
1072 1094 1292 1186 Nurenberg‚
1322 1096 1421 1167 frater

290 1193 442 1269 lobannis
460 1199 637 1290 premortui
655 1194 698 1265 de
718 1217 782 1288 quo
800 1218 909 1289 supra.

337 1292 418 1365 Item
436 1291 554 1364 eodem
572 1315 659 1364 anno
676 1292 718 1362 de
738 1314 854 1364 mense
870 1291 993 1364 octobri
1013 1294 1113 1386 [sept.
1131 1291 1193 1381 17]
1212 1288 1292 1362 obiit
1307 1289 1421 1362 Lude-

288 1393 394 1464 wieus
413 1395 525 1463 senior
542 1389 626 1462 lilius
646 1388 815 1462 Ludewiui
833 1389 1069 1462 condemnatus
1087 1400 1259 1484 utsupra,
1277 1388 1421 1460 marehlo

286 1487 747 1580 brandenburgensis‚'satis
776 1490 940 1582 inopinate
964 1491 1053 1558 iuxta
1084 1486 1283 1575 Monaoum,
1313 1496 1421 1558 tamen
1488 1521 1489 1524 ¹

287 1589 502 1659 sacramentis
521 1584 665 1657 ecclesie
679 1594 882 1679 procuratus.
909 1586 971 1672 Qui
981 1587 1110 1679 reliquit
1127 1582 1285 1655 heredem
1304 1582 1421 1654 Mein-

286 1682 423 1756 hardnm
450 1687 600 1771 nomine,
628 1681 758 1754 Rudolli
782 1682 873 1756 (lueis
896 1683 1034 1758 Austrie
1057 1703 1246 1774 generum,
1263 1683 1421 1754 iuvenem
1488 1761 1489 1770 p

286 1805 359 1853 eum
377 1805 441 1876 quo
459 1792 565 1853 meter
581 1803 642 1853 sua
659 1802 719 1874 pro
746 1790 833 1852 terra
858 1779 1026 1852 Kerinthie
1054 1790 1089 1851 et
1110 1782 1263 1852 eomitatu
1287 1779 1420 1873 l‘yrolis
1488 1787 1489 1808 ¹

286 1881 406 1973 inuepit
422 1879 560 1971 litigare.
1488 1875 1489 1882 ’

200 1977 271 2034 1362
334 1975 416 2048 Item
433 1997 519 2047 anno
537 1975 658 2046 domini
682 1976 880 2048 moeehuii.
906 1975 949 2047 de
966 1973 1134 2051 mensibus
1158 1973 1251 2069 aprili
1276 1984 1310 2045 et
1335 1977 1420 2046 maio
1488 2009 1489 2062 i

190 2135 192 2140 .
286 2078 379 2150 visus
398 2085 450 2147 est
466 2071 794 2146 notabilitereometa
811 2077 843 2144 in
864 2073 1017 2146 Bawaria
1037 2097 1159 2148 versus
1179 2074 1355 2143 orientem.
1381 2071 1422 2142 Et

285 2182 400 2245 exorta
419 2171 579 2246 disoordia
607 2175 691 2242 inter
714 2175 945 2266 imperatorem
964 2176 1181 2268 prescriptum
1204 2191 1251 2242 ex
1274 2192 1364 2262 una,
1390 2179 1420 2239 et
1488 2191 1489 2240 l

284 2292 402 2364 regem
421 2269 568 2362 Ungarie
586 2279 619 2340 et
636 2267 811 2342 Rudollum
832 2269 951 2342 ducem
967 2272 1105 2344 Austris
1122 2280 1214 2364 parte
1240 2288 1287 2338 ex
1304 2267 1419 2338 altera.
1488 2280 1489 2306 ¹

283 2365 326 2438 Et
341 2371 517 2463 imperator
543 2367 585 2438 ad
610 2363 812 2440 tractandum
836 2390 910 2440 uum
934 2368 1088 2465 predictis
1116 2367 1322 2441 adversariis
1352 2369 1419 2439 suis

284 2485 323 2538 se
338 2467 493 2538 transfert
510 2465 552 2535 ad
570 2473 675 2538 metas
692 2463 947 2556 Moravieeiroa
965 2465 1220 2558 linesUngorie‚
1239 2472 1272 2533 et
1289 2467 1419 2534 interim

284 2565 369 2635 eirea
386 2563 507 2636 festum
523 2560 676 2634 Iohannis
693 2559 833 2657 baptiste
853 2559 897 2653 [b
914 2563 967 2636 iul.
988 2563 1052 2653 11]
1071 2566 1206 2636 moritur
1226 2563 1420 2654 imperatrix

284 2664 514 2756 suprascripto.

330 2755 412 2829 item
430 2758 549 2830 eodem
567 2779 653 2831 anno
671 2768 794 2853 etpost
816 2760 936 2832 festum
961 2758 1086 2855 pasehe
1115 2762 1198 2854 [apr.
1223 2756 1290 2846 21]
1316 2760 1419 2828 oritur

282 2875 404 2946 guerra
428 2859 543 2948 grans
569 2860 654 2927 inter
681 2855 783 2929 dnees
807 2857 962 2928 Bawarie
987 2879 1088 2951 super
1114 2857 1214 2929 tutela
1244 2877 1309 2930 seu
1337 2877 1416 2926 eura

281 2949 465 3024 Meinhardi
494 2952 690 3026 marchionis
719 2952 1052 3047 Brundenburgensis
1076 2965 1109 3026 et
1127 2954 1218 3028 (lueis
1246 2951 1418 3041 Bawerie,

281 3047 337 3120 filii
353 3048 522 3122 Ludewiei
533 3053 743 3145 suprasoripti
762 3073 807 3122 ex
824 3074 865 3123 eo
883 3062 916 3122 et
930 3072 989 3146 pro
1008 3075 1061 3143 eoa
1079 3055 1153 3146 quia
1164 3049 1218 3122 Ru
1241 3047 1416 3124 ertusdun·

279 3145 435 3219 Bawarie
453 3159 486 3219 et
502 3170 614 3220 eomes
632 3149 797 3221 Palatinus
814 3148 934 3240 Rheni,
952 3148 994 3219 de
1012 3171 1076 3243 quo
1097 3171 1196 3244 supra
1213 3073 1355 3238 hictum
1382 3155 1417 3214 et

279 3243 466 3338 Stephanus
485 3249 607 3336 senium
625 3269 665 3317 ae
680 3243 867 3339 Stephanus
885 3248 990 3318 iunior
1012 3246 1097 3320 lilius
1114 3251 1207 3336 eius,
1234 3243 1341 3318 duees
1357 3248 1414 3314 in·
1488 3219 1489 3300 l

279 3341 409 3416 leuioris
432 3341 609 3434 Bawarie,
634 3341 749 3438 quihus
774 3346 871 3415 eham
897 3343 966 3416 dux
987 3345 1125 3418 Austrie
1148 3340 1346 3432 assistebat,
1368 3363 1415 3410 em

279 3461 345 3509 una
363 3451 455 3534 parte
473 3439 713 3512 contendebant
720 3462 799 3514 esse
811 3451 934 3514 tutores
946 3452 980 3513 et
989 3451 1159 3516 curatores
1170 3440 1288 3537 prelati
1298 3438 1414 3510 blein·

279 3533 371 3607 hardi
387 3539 519 3610 iuvenis
536 3547 691 3632 tanquam
700 3538 836 3631 legitimi
855 3549 979 3614 tutores
991 3539 1173 3612 seeundum
1190 3539 1306 3632 legem
1323 3537 1411 3610 ἀπ’·

278 3631 353 3705 lem.
389 3632 457 3706 Sed
475 3634 529 3706 alii
545 3633 673 3708 nobiles
692 3645 792 3725 terre,
809 3636 984 3708 consiliarii
1000 3640 1102 3731 patris
1114 3635 1277 3728 eiusdem,
1294 3631 1411 3730 quibus

277 3727 464 3805 Friderious
482 3731 566 3805 lilius
586 3731 743 3828 Stephani
761 3732 852 3807 (lueis
870 3735 1041 3829 prescripti
1064 3732 1261 3824 assistebat,
1287 3729 1410 3804 exalia

276 3839 370 3921 parte
390 3828 537 3903 similiter
546 3828 704 3902 volebant
717 3853 796 3904 esse
813 3839 938 3904 tutores
956 3842 989 3903 et
999 3842 1169 3904 curatores
1178 3831 1298 3926 prelati
1308 3834 1409 3900 iuve-

276 3929 341 4016 nis,
358 3930 392 3997 in
409 3949 546 4021 quorum
558 3927 617 3998 luit
634 3937 807 4021 potestate,
825 3940 859 4000 et
877 3939 1027 4024 tanquam
1046 3929 1101 4020 hii,
1120 3928 1236 4024 quihus
1255 3923 1408 3999 iiliusbtit

276 4026 472 4098 commissus
489 4047 507 4094 a
525 4035 629 4118 patre.
666 4023 708 4096 Et
724 4023 855 4097 ouilihet
869 4030 1007 4120 partium
1025 4028 1133 4122 alique
1149 4029 1301 4099 civitates
1319 4035 1406 4094 terre

276 4118 485 4194 adheserunt
537 4121 579 4192 Et
596 4145 670 4194 eum
686 4122 782 4195 ambe
799 4134 911 4217 partes
929 4147 1002 4196 oum
1032 4145 1150 4216 magne
1175 4127 1326 4196 eomitiva
1343 4141 1407 4188 ar-

275 4228 435 4299 matorum
455 4242 492 4292 se
510 4231 690 4316 parassent·
702 4220 742 4292 ad
760 4219 893 4315 bellum,
910 4233 943 4292 et
959 4220 1021 4294 hue
1034 4225 1179 4294 iuvioem
1191 4224 1406 4294 vieinieeou-
