2924 4824
250 195 326 271 ιοιι
646 197 991 258 ιοιιιιιιιιιιιιοιιιιι.

253 370 338 444 lihos
364 369 465 443 edidit
490 374 602 464 legem
626 375 742 445 talem:
770 377 900 446 Electra
925 373 1190 462 [francofordiae
1215 379 1253 445 ia
1276 391 1381 466 rayca

252 471 437 540 dormiam
450 491 473 541 o
482 474 689 561 principibus
703 475 906 544 emeritae*
921 477 1242 544 maturationem
1256 477 1382 590 imperi

253 576 331 638 onio
344 570 624 650 confirmemur
633 571 876 659 notandam
902 569 1382 666 Eteodemdieresponsianas

253 662 411 735 Ludorici
427 667 582 759 praedicti
597 666 640 736 nd
657 665 783 738 obiecta
799 687 907 761 papae
917 667 1071 740 iohannis
1081 667 1180 739 XXII
1197 669 1382 762 sigillaim-

253 763 369 856 periali
386 764 548 854 sigillatae
565 761 689 835 icrihus
700 765 826 835 Mariae
842 765 1008 838 ecclesiae
1026 771 1129 837 sancti
1142 765 1383 836 Bartholomnai

254 861 359 954 (qaae
380 863 423 930 ita
440 872 579 932 vocatur
601 859 672 930 ah
663 866 808 953 imagine
831 861 946 934 heame
963 867 1103 954 virginis
1127 861 1238 934 adhuc
1257 862 1302 934 ihi
1320 885 1383 932 ex-

255 961 381 1042 stante)
405 968 482 1029 sunt
504 957 636 1030 affixae.
673 957 823 1030 Habebat
844 970 955 1031 antem
972 961 1142 1032 Romanus
1165 961 1322 1054 pontifex
1336 959 1385 1030 hic

252 1055 1385 1249 :ttttttttttttttmttttuttttottltlt

253 1248 456 1321 Ludovicum
474 1272 548 1321 oum
565 1254 788 1324 severissimis
806 1251 1134 1323 comminationibus
1123 1275 1158 1323 m
1174 1273 1313 1340 omnes,
1337 1253 1385 1344 qui

252 1347 300 1419 illi
318 1351 603 1419 communicarent
629 1350 740 1437 Quare
760 1369 834 1420 cum
851 1354 1000 1420 anonim
1016 1349 1081 1421 illic
1098 1369 1235 1422 summo
1245 1349 1385 1443 ponh'hci

254 1443 473 1516 obedientiam
485 1455 682 1517 uttenentur
697 1457 915 1539 praestarent
933 1446 1119 1520 ludovicus
1137 1444 1320 1540 superbiae
1331 1467 1386 1516 eos

254 1544 449 1615 insimulans
473 1544 571 1635 paulo
598 1555 672 1636 past
698 1545 877 1636 potissimis
900 1543 1056 1638 maedis
1083 1545 1171 1616 uillis
1194 1555 1229 1615 et
1253 1543 1386 1615 teonis

255 1642 417 1734 spoliavit.
459 1639 692 1713 Dominicanos
718 1639 875 1734 postridie
901 1641 1019 1736 oppido
1048 1645 1162 1730 eiecit
1186 1645 1244 1734 qni
1273 1643 1386 1732 vigim

255 1748 394 1832 quatuor
420 1756 524 1808 annos
552 1738 678 1811 exclusi
701 1737 842 1809 inerunt.
880 1737 1077 1810 Corneliae
1104 1737 1144 1808 ah
1170 1739 1323 1810 ilenrico
1348 1737 1386 1807 dr

255 1832 418 1926 limuherg
451 1833 698 1929 archiepiscopo
720 1834 951 1927 hloguntino
941 1856 973 1906 m
1008 1839 1146 1928 gratiam
1179 1837 1388 1930 torperem

254 1953 385 2024 (proque
410 1942 489 2004 sunt
514 1933 608 2024 pulsi.
646 1933 681 2003 A
707 1934 894 2006 Teutonicis
921 1941 955 2003 et
981 1933 1213 2004 Franciscanls
1240 1933 1388 2004 similiter

255 2026 366 2099 divim
384 2029 490 2100 officia
508 2039 584 2100 eunt
600 2049 764 2123 suspensa
788 2049 894 2124 usque
916 2029 957 2100 ad
971 2031 1214 2124 depositionem
1229 2033 1387 2123 epiceopi

255 2127 466 2218 Praepositus
491 2130 595 2198 sancti
610 2127 850 2198 Bartholomaei
875 2127 1026 2200 dominus
1042 2125 1388 2198 lohannes·de·Con-

255 2226 373 2294 sunm
392 2232 611 2315 cognomento
629 2221 880 2314 Underschaiit
900 2224 1047 2296 decanus
1065 2223 1298 2316 hloguntinua
1322 2223 1389 2293 hu-

256 2319 365 2392 dorici
392 2331 503 2414 partes
531 2337 675 2414 sequeris
705 2319 855 2394 omnihus
883 2323 953 2396 suis
979 2321 1159 2394 redditibus
1186 2322 1253 2392 irni
1281 2323 1387 2415 potuit

256 2416 443 2509 Collegium
460 2421 564 2489 sanati
581 2417 765 2489 leonhardi
782 2418 985 2512 applaudens
1002 2440 1131 2512 quoque
1148 2421 1291 2512 principi
1308 2436 1388 2488 auo-

255 2527 324 2586 tum
341 2527 400 2587 eat
410 2514 537 2586 decima
552 2519 586 2586 in
603 2514 809 2586 Praunheinr.
845 2516 955 2610 Atque
979 2517 1053 2587 talis
1075 2525 1179 2588 status
1196 2535 1267 2586 nou
1284 2515 1388 2586 minu

256 2611 315 2682 fuit
331 2611 586 2684 lhancoiordiae
604 2612 664 2684 sed
677 2632 743 2706 per
757 2623 858 2683 totum
871 2613 978 2684 Rheni
994 2623 1136 2684 tractum·
1149 2623 1184 2683 et
1199 2610 1387 2682 intineris

256 2707 384 2779 Eodem
401 2731 489 2780 anne
506 2709 565 2780 init
579 2729 700 2800 magna
723 2711 923 2782 locustarum
941 2710 1111 2781 mulitudo
1126 2713 1158 2780 in
1175 2709 1244 2780 hac
1258 2711 1388 2790 noha,

257 2827 343 2898 quae
368 2827 526 2896 magnum
556 2807 708 2880 damnum
733 2807 837 2877 intulit
863 2805 1034 2898 segetibus
1059 2817 1095 2877 et
1109 2803 1288 2878 »huetius
1326 2802 1388 2876 Sed

257 2904 344 2972 ohca
361 2902 482 2974 festam
500 2907 603 2976 sancti
620 2901 730 2975 hucac
749 2907 827 2993 [oct
847 2904 909 2994 18]
929 2904 1044 2975 cecidit
1058 2907 1118 2974 nix
1133 2912 1388 2994 magnaetoo—

256 2999 1388 3191 Ρ··ι,;.ι·ιιιιιιιιιιε·.1.·..ϊιιιιιιι....

257 3199 369 3266 mitem
380 3192 708 3267 Geldriaeinducem
727 3194 914 3268 sublimarit
920 3193 1180 3266 Francoiordia'e
1191 3196 1306 3284 [mitra
1312 3194 1387 3285 tol.

257 3291 384 3362 meam
408 3291 494 3364 anno
515 3317 536 3362 a
560 3291 593 3362 ot
609 3294 709 3364 nonis
729 3294 833 3362 martii
858 3295 964 3382 [marn
989 3290 1030 3381 2]
1049 3310 1158 3384 usqne
1182 3291 1225 3360 nti
1251 3291 1386 3363 121111.

258 3389 369 3482 aprilis
389 3390 495 3477 [mitra
506 3389 570 3478 21]
588 3392 768 3481 imperator
784 3411 858 3459 cum
874 3388 1088 3460 electoribus
1090 3397 1135 3458 et
1139 3387 1292 3458 laharrne
1308 3404 1387 3485 rege

257 3483 436 3555 Boheuiae
467 3493 596 3557 contra
604 3493 726 3576 regem
756 3484 915 3556 Franciae
943 3484 1126 3578 Philippum
1153 3493 1386 3557 muretum.

258 3581 322 3652 Die
342 3581 398 3652 13.
415 3581 480 3652 1111.
499 3583 610 3676 aprilis
626 3581 807 3652 Iohannem
830 3603 959 3673 regem
955 3581 1149 3652 Bohemino
1145 3589 1237 3652 hum
1260 3591 1387 3654 comm

259 3679 394 3750 ramilis
404 3678 593 3751 infeodavit
623 3679 679 3750 12.
691 3679 755 3750 hal.
769 3683 917 3770 augusti
913 3681 1108 3766 infamiamq
1114 3677 1200 3772 quod
1214 3683 1387 3771 pecuniam

256 3779 350 3868 ragis
366 3776 512 3867 Angliae
535 3779 719 3916 recepisset
734 3786 769 3847 et
783 3797 868 3908 eunt
878 3787 989 3915 muna
1005 3792 1143 3917 ragam
1129 3773 1305 3913 mamae
1327 3797 1387 3847 nou

255 3875 397 3962 inraret,
416 3875 693 3966 expurgantes

260 3970 406 4044 Auno
431 3969 528 4041 1340
550 3969 604 4040 die
628 3970 685 4041 11.
703 3927 778 4042 hal.¹
786 3898 995 4064 septemhris
993 3894 1188 4048 ludurihns
1204 3967 1387 4093 imparata

260 4115 670 4260 apperppppepopas
627 4117 729 4175 ιιιιι
747 4117 878 4177 ιιι
895 4117 959 4174 e
961 4123 1028 4174 ιιι
1064 4115 1221 4186 aructat
1177 4083 1385 4194 ιιιιιιιιιιι
