2904 4822
252 202 300 273 to
639 199 1044 262 comnrcrusmurnrtsns.

303 367 451 465 Cumque
468 368 660 447 Beruenses
677 383 765 446 tanta
783 376 888 468 gloria
905 378 1130 471 prosperitatis
1152 385 1287 448 terrene
1303 379 1390 448 inter

253 465 367 542 hostes
385 489 465 540 suos
483 481 610 561 essent,
628 481 663 542 ut
680 476 778 545 etiam
794 473 838 544 bii
855 479 909 568 qui
926 485 1021 546 erant
1036 477 1070 545 in
1087 473 1254 566 Zwingen
1272 496 1390 546 eorum

256 564 435 638 adventum
451 566 625 661 plurimum
641 569 864 662 formidarent
882 581 915 642 et
931 593 1048 645 omnes
1059 569 1179 667 ubique
1187 576 1315 644 interea
1333 572 1390 643 di·-

254 673 384 736 oerent:
408 669 498 752 qood
512 667 683 752 manifeste
700 673 780 740 deus
791 690 857 758 pro
874 672 1089 741 Bemensibus
1105 679 1188 740 esset
1201 679 1234 740 et
1242 691 1311 760 pro
1328 691 1391 740 eo-

253 781 326 832 rum
336 767 461 833 iustitio
467 775 639 854 pupoorot,
657 776 690 836 et
697 772 777 855 pulo
786 776 944 857 operere!
951 771 1128 857 quendem
1138 772 1218 838 einis
1227 773 1295 839 sios
1306 770 1391 838 bor-

252 863 361 949 pennu
377 863 412 931 in
429 863 536 932 Boreo
551 871 650 933 esset·
665 863 798 936 undem
808 863 921 938 hostes
932 875 966 936 ot
975 865 1158 939 adversarii
1165 863 1391 938 Beruensium

253 956 663 1059 multitudinemolommet
678 962 871 1036 oonlusione
881 964 995 1036 lassati
1006 974 1041 1035 et
1050 961 1217 1054 monaco,
1228 961 1391 1057 ipsiBer-

253 1077 377 1129 nenses
395 1057 502 1130 multis
520 1055 685 1132 laboribus
703 1070 737 1132 et
753 1059 984 1136 vexationibus
1002 1061 1122 1151 afflieti,
1139 1081 1256 1134 omnes
1274 1059 1391 1134 hostes

253 1162 287 1223 et
304 1153 487 1234 adversarii
504 1153 724 1230 Bemensium
741 1157 783 1230 ad
800 1181 916 1253 paoem
934 1169 969 1230 et
985 1157 1192 1231 oonoordiam
1208 1157 1391 1231 redierunt.

629 1441 1038 1451 ——-———-——.-.-

379 1658 616 1735 HElNRlCUS
632 1661 827 1735 DAPIFER
842 1661 903 1735 DE
919 1660 1273 1736 DIESSENHOVEN.

672 1776 768 1851 1316
787 1820 830 1832 -
853 1777 959 1850 1361.

254 2012 318 2081 llio
341 2011 458 2098 incipit
478 2012 560 2080 liber
582 2031 658 2080 eso.
683 2015 885 2098 oomoriptus
908 2031 931 2079 o
954 2013 1086 2080 domino
1103 2011 1142 2080 H.
1160 2009 1327 2098 Dopifero
1350 2013 1393 2080 de

354 2107 592 2179 Diesrenboueo
605 2112 737 2178 doctore
748 2112 959 2196 decretorum,
978 2111 1138 2178 canonico
1152 2110 1395 2178 monuments

354 2226 397 2276 oo
413 2209 586 2294 oopeltooo
599 2225 690 2294 pope
706 2207 863 2276 lobannis
880 2207 990 2294 uult,
1015 2209 1056 2276 de
1079 2225 1143 2293 quo
1159 2225 1247 2276 nuno
1263 2214 1393 2294 operor,

355 2308 488 2374 eterno.
495 2306 660 2393 pontifice,
678 2313 813 2392 recepto
826 2307 936 2392 primo
947 2306 1091 2393 capitulo
1101 2305 1197 2374 buius
1213 2303 1299 2374 libri.
1321 2305 1394 2372 Ca-

351 2406 490 2491 pitulum
503 2407 654 2491 primum.

173 2566 243 2624 1316
304 2533 469 2608 lohannes
491 2537 571 2607 xxii
594 2533 690 2607 buius
713 2537 872 2624 nominis„
895 2537 1033 2606 neolone
1053 2533 1292 2624 Cameemist
1306 2533 1397 2607 sedit

257 2637 352 2706 annis
368 2636 451 2707 xviii
474 2653 610 2706 menses
633 2635 686 2703 iiii.
704 2630 747 2703 Et
763 2631 903 2705 vaoabat
920 2631 1019 2706 sedes
1037 2633 1109 2704 dies
1125 2636 1195 2705 xri.
1213 2631 1276 2704 llio
1291 2629 1395 2724 Lug-

257 2729 1390 2824 dunieleetosestannodominim.oco.x.vt.,vttp‹tusaugusu[sug.7]

256 2828 311 2902 ubi
326 2831 408 2902 xxiii
426 2827 621 2918 cardinalem
638 2839 811 2923 postquam
828 2827 1331 2923 oCarpentoratereoe'ssernnt,
1349 2825 1394 2898 ob

257 2925 627 3020 gravemturbaoionem
635 2923 814 3016 subortam„
826 2925 1136 2999 etindiversisloois
1144 2923 1285 3019 dispersi
1295 2935 1397 2996 erant

257 3028 351 3097 annis
368 3026 442 3119 plus
459 3021 599 3116 duobus,
610 3022 744 3096 tandem
755 3023 928 3115 diligencia
940 3022 1061 3094 domini
1071 3021 1219 3117 Philippi,
1236 3033 1315 3094 tuno
1326 3044 1396 3094 oo-

256 3127 341 3195 mitis
358 3124 576 3211 pictavensis
594 3131 709 3216 postea
727 3124 819 3213 regis
836 3120 988 3211 Fronoie„
1005 3120 1122 3193 inolusi
1140 3123 1264 3192 suntin
1275 3119 1395 3212 vigilia

257 3220 478 3316 apostolorum
488 3221 576 3291 Petri
587 3231 619 3291 et
629 3218 720 3290 Pauli
741 3221 821 3310 [iun.
833 3217 912 3309 28],
924 3217 1247 3312 quominolusionem
1257 3219 1396 3289 minime

258 3316 515 3414 suspicabanttu.
532 3315 640 3390 Etxli.
653 3316 706 3387 die
718 3314 758 3387 ub
769 3317 950 3390 inclusione
961 3320 994 3387 in
1005 3315 1092 3387 huno
1107 3313 1293 3408 ponufioem
1303 3335 1397 3387 oon·

258 3424 446 3504 senserunt
471 3413 740 3508 virumardentis
757 3417 893 3506 ingeniia
917 3424 950 3484 et
966 3417 1000 3484 in
1016 3417 1088 3484 iure
1106 3412 1333 3486 ecelesiastioo
1350 3435 1395 3484 ao

258 3511 524 3608 divinoperitum.
537 3509 1397 3606 QuiprimosuitForiuliensisepiseopusinAquensi²

258 3611 439 3704 pmvinoioq
463 3608 560 3681 inde³
584 3631 646 3704 per
662 3608 867 3680 Clementem
884 3632 917 3682 v.
935 3612 969 3680 in
986 3609 1189 3681 Avinionem
1212 3607 1395 3680 translatus

260 3729 419 3798 menon„
443 3718 477 3778 et
498 3709 667 3780 moeoxii.
686 3705 727 3778 ad
751 3705 984 3779 cardinalatum
1006 3713 1174 3800 promotus
1197 3707 1231 3776 in
1254 3715 1398 3800 quatuor

259 3803 458 3900 temporibus
477 3803 640 3878 adventus
662 3803 747 3895 [deo.
760 3804 823 3895 20]
843 3807 877 3876 in
894 3805 1075 3893 Avnnone„
1092 3800 1146 3873 ubi
1157 3805 1245 3873 eurio
1256 3801 1398 3875 reside-

259 3899 323 3974 bat.
347 3900 466 3974 Faotus
492 3925 639 3976 summus
656 3901 805 3997 pontilex
821 3902 913 3997 plura
932 3903 1097 3974 conoessit
1114 3909 1148 3970 et
1164 3909 1285 3972 statum
1301 3901 1398 3972 Ala-

260 4003 368 4072 manie
385 3996 588 4094 perbubavit
603 4004 637 4072 in
654 4002 723 4073 suis
741 3997 951 4095 prooessibus
969 4008 1081 4070 oontm
1091 3995 1307 4070 Ludewioum
1318 3997 1398 4070 lao-

258 4099 311 4188 tr's,
329 4101 383 4192 qut
399 4108 510 4170 tamen
526 4097 613 4170 mole
630 4095 862 4190 servabantur,
888 4107 922 4170 et
938 4096 1075 4189 grundio
1093 4095 1194 4168 multa
1212 4095 1398 4168 emendare

294 4223 322 4294 l)
337 4227 505 4284 Cortueensis
526 4227 567 4284 bs.
604 4227 634 4297 2)
649 4227 803 4302 Aquenansi
817 4227 857 4287 bs.
895 4227 927 4298 3)
940 4227 1004 4286 item
1020 4227 1061 4284 hs.
