2904 4822
195 263 201 272 ,
313 201 489 258 mmmocs
504 200 548 256 ou
561 200 846 258 omssenuovans.
1129 205 1176 278 17

75 373 157 444 nuos.
172 371 276 446 Primo
294 395 382 446 anuo
403 373 481 446 tecit
502 396 601 446 unam
623 371 867 446 ordinacionem
886 377 942 447 viii
967 373 1178 448 cardinalium
1195 387 1263 444 teto

74 470 142 563 apud
155 472 354 544 Avinionem
363 475 433 544 xvi.
444 471 508 544 kal.
520 475 655 544 ianuarii
676 469 851 563 [dec.17].
869 473 1178 568 Apontilicalidig-

72 569 397 642 citataetsacerdotali
407 570 521 642 ordine
538 569 701 664 deposuit¹
717 568 952 644 Caturcensem
972 575 1174 668 episcopum,

72 669 113 758 qui
134 675 238 760 postea
258 666 472 760 degradatus
497 677 530 738 et
547 667 688 742 seculari
711 665 842 740 brachio
866 669 1013 762 traditus7
1038 674 1071 742 in
1086 683 1180 766 parte

71 768 233 836 excoriatus
247 775 283 836 et
293 763 481 838 combustus
493 775 553 838 est.
571 764 778 840 Mecum.
791 766 832 837 ad
843 767 981 862 tytulum
992 771 1094 842 sancti
1104 767 1180 841 Eu-

70 859 163 933 stachii
179 867 343 957 promovit
359 862 524 934 dominum
540 862 724 934 Arnoldum
742 862 784 933 de
795 861 871 954 Via,
890 887 986 936 suum
1003 888 1049 940 ex
1066 888 1180 938 sorore

69 971 210 1052 nepotem.
228 959 359 1032 Eodem
370 959 687 1034 unnol’holosanam
698 959 813 1035 sedem
824 961 1180 1059 secitarchiepiscopa-

70 1055 132 1145 lam,
148 1057 318 1152 dyocesim
335 1069 445 1130 autem
462 1057 695 1149 tholosanam,
713 1081 776 1153 que
786 1061 881 1132 nimis
894 1058 1047 1132 affluebat
1063 1059 1180 1132 reddi-

68 1151 146 1245 dus,
162 1158 193 1226 in
205 1179 271 1230 sex
282 1160 490 1250 episcopatus
502 1155 620 1228 divisit.
638 1155 721 1228 ltem
738 1158 787 1226 in²
797 1155 1077 1254 archiepiscopatu
1087 1156 1180 1230 Nar-

67 1248 186 1326 hoiensi
208 1253 294 1326 duos
320 1257 527 1349 episcopatus
551 1257 585 1326 in
608 1251 750 1328 duabus³
768 1251 910 1326 abbaciis
929 1255 970 1326 de
987 1278 1077 1330 novo
1095 1279 1181 1328 con-

66 1355 173 1423 strunxit.
191 1349 275 1422 item
293 1356 518 1447 episcopatum
526 1349 722 1424 Alliensem
739 1350 848 1426 divisit
864 1355 897 1424 in
914 1352 1006 1427 duos.
1024 1351 1107 1425 Item
1124 1353 1141 1424 s
1158 1391 1180 1406 -

66 1449 99 1518 cit
123 1453 152 1520 in
181 1448 424 1543 episcopatibus
447 1452 623 1542 Agauensi
646 1447 876 1524 Lemovicensi
898 1452 1182 1544 Petrogarricensi

65 1539 291 1620 Clarmontensi
313 1547 471 1620 Ructensi
493 1547 690 1619 Pictavensi.
714 1546 842 1620 Eodem
865 1571 951 1620 anno
975 1551 1183 1622 canonizavit

65 1654 194 1715 unctum
204 1643 422 1716 Ludewicum
433 1643 555 1717 ordinis
567 1647 727 1716 eduorum
739 1649 929 1740 episcopum
939 1645 1181 1734 Tholozanum3

64 1743 121 1814 eius
138 1747 222 1814 enim
241 1745 404 1834 magister
420 1743 537 1832 luerat,
555 1752 590 1812 et
606 1747 811 1814 excoctinua
830 1747 1089 1816 conversacione
1107 1766 1182 1815 oum

64 1859 96 1909 eo
111 1839 149 1910 dc
164 1843 270 1934 ipsius
290 1844 459 1912 sanctitate
477 1843 615 1928 cercior,
633 1850 709 1933 puta
728 1844 781 1935 qui
799 1845 869 1914 eius
882 1851 978 1934 gesta
997 1851 1118 1914 stacta
1129 1843 1182 1913 vir

62 1935 170 2010 subtilis
188 1937 355 2029 indaginis
374 1949 407 2009 et
422 1938 524 2010 oculis
542 1936 622 2008 vidit
639 1947 672 2007 et
689 1941 924 2032 experigencie
935 1935 1083 2012 manibus
1095 1961 1181 2011 con·-

63 2041 203 2106 tractavit.
229 2034 360 2106 Eodem
384 2058 482 2125 anno,
506 2033 569 2106 hoo
592 2043 643 2106 est
665 2039 894 2128 mccccxviii„
919 2039 1091 2131 septimum
1114 2034 1182 2107 lib-

61 2155 121 2203 mm
136 2131 352 2205 decretalium
369 2133 444 2204 iecit
460 2129 616 2226 publicari
634 2141 667 2203 et
684 2130 744 2204 sub
755 2132 843 2206 bulla
862 2132 902 2206 od
914 2132 1018 2207 studia
1030 2156 1181 2226 genera-

61 2227 94 2298 lia
110 2229 295 2303 destinavit.
314 2228 533 2302 M.ooo.x.viii.
553 2227 867 2324 archiepiscopatum
884 2231 1181 2303 Terracioncnsem

60 2331 175 2400 umcum
198 2333 234 2400 in
258 2349 366 2418 regno
383 2329 555 2420 Aragonie
575 2325 685 2398 divisit
701 2329 735 2398 in
753 2328 849 2420 duos,
867 2328 1048 2402 secundam
1065 2327 1180 2400 sedem

61 2424 361 2521 umepismpatem
377 2428 410 2495 in
428 2424 673 2516 Cesaraugusta
684 2447 822 2518 ponens.
840 2425 1068 2498 M.ccc.x.viiii.
1087 2423 1182 2496 ordi-

59 2544 123 2594 nem
138 2523 316 2596 militarem
332 2525 478 2612 instituit
496 2525 549 2616 qui
566 2532 706 2593 vocatur
723 2521 764 2594 de
783 2525 899 2596 milicia
916 2521 994 2596 lesu
1005 2521 1136 2613 Christi,
1148 2526 1182 2593 in

59 2626 159 2714 regnis
175 2620 370 2712 Portugalie
388 2617 603 2712 etAlgarbie,
622 2617 663 2690 ad
680 2621 902 2694 resistendum
912 2625 946 2692 in
961 2621 1024 2694 illis
1035 2619 1181 2715 partibus

57 2717 254 2808 Sonacem,
280 2728 314 2789 et
336 2715 467 2790 domum
490 2717 591 2812 princi
615 2715 702 2788 dem
728 2741 806 2792 esse
830 2723 993 2792 constituit
1015 2723 1049 2790 in
1072 2728 1181 2792 castro

58 2814 189 2890 llamino
207 2815 377 2890 Silvensis
394 2813 561 2910 dyocesis,
581 2817 588 2832 '
615 2817 707 2910 'sque
723 2815 983 2911 Templariorum
999 2813 1083 2888 hona
1096 2839 1182 2888 con-

57 2916 318 3008 cessitinragnis
329 2911 492 3008 predictis.
510 2909 638 2982 Eodem
648 2935 735 2985 anno
746 2912 1069 2986 vetercmabbatiam
1081 2935 1183 2986 mon-

58 3014 90 3083 tis
106 3013 237 3088 Cossini
254 3009 378 3084 ordinis
396 3014 498 3086 sancti
514 3007 684 3082 Benedicti
700 3009 742 3082 ad
759 3011 981 3107 episcopalem
991 3011 1183 3104 dignitatem

57 3115 167 3184 eveum
191 3107 372 3182 mecam„
403 3109 609 3182 canonizavit
639 3119 787 3182 sanctum
809 3109 968 3181 Thomam
991 3131 1010 3180 a
1033 3111 1182 3202 isoopum

58 3201 350 3282 Herelordenscm⁰
367 3230 387 3278 a
404 3210 539 3279 transitu
556 3205 627 3278 cius
644 3211 892 3280 annoxxxviii.
905 3229 979 3280 cum
990 3129 1107 3298 gronio,
1120 3227 1183 3277 se-

57 3308 187 3378 cuudum
205 3304 374 3402 quendam
389 3304 596 3399 prophetam²
614 3300 653 3374 ab
671 3314 766 3376 utero
784 3315 989 3395 elaventre,
1008 3301 1068 3376 sed
1080 3303 1183 3374 maior

57 3403 231 3478 umombus
250 3413 285 3474 et
301 3405 438 3476 scientie
455 3427 495 3474 ac
505 3406 573 3474 vite
584 3399 825 3494 splendoribus
843 3401 956 3474 doctor
972 3421 1113 3496 namque
1125 3399 1185 3472 luit

58 3500 84 3569 in
106 3523 201 3574 sacra
226 3503 349 3595 pagina
373 3510 407 3571 et
429 3497 583 3589 decretis,
607 3494 753 3591 pluribus
777 3501 941 3571 minuendis
959 3499 1073 3571 claruit
1088 3503 1132 3569 ita
1149 3507 1184 3567 ut

57 3609 193 3672 mortuos
213 3600 433 3672 suscitaverit.
451 3595 668 3670 itloocutxiii.
687 3595 820 3668 inanem
830 3595 988 3669 'l'homam
999 3595 1041 3668 de
1052 3595 1184 3692 Aquino

57 3696 170 3770 ordinis
187 3694 431 3792 predicatorum
446 3692 613 3766 doctorem
624 3697 800 3793 egregium
809 3689 986 3788 kathalogo
998 3701 1185 3768 sanctorum

57 3797 133 3866 ascai
157 3799 213 3868 sit.

58 3815 533 4046 uddfdffiid‘d⁰¹¹⁸d'd⁰llin²d
546 3902 758 4033 llafid‘dltdil
769 3905 972 4032 hitudamdil
984 3903 1082 4030 ”didis
1093 3901 1182 4030 dini)

57 4061 106 4102 vas
118 4049 211 4105 lioller
232 4047 278 4104 mit
291 4020 458 4121 ‘phisicorum
473 4017 645 4118 wiedergibts
664 4045 693 4103 ln¹
708 3992 781 4103 einegr
796 3995 902 4103 anderd
908 4047 961 4104 vita
974 3991 1101 4102 lohannds
1120 4012 1184 4100 nnil'.

59 4132 92 4186 ap.
106 4119 203 4178 Beluae
216 4121 288 4176 haist
300 4135 329 4175 aa
344 4119 390 4190 qui
404 4115 501 4175 nobilis
514 4117 564 4175 luit
575 4133 685 4189 genero,
699 4119 747 4176 sed
762 4118 879 4176 nobilior
892 4118 1011 4176 moribus
1021 4123 1049 4173 ot
1058 4115 1186 4174 scientiae

59 4202 84 4240 ot
96 4189 376 4266 vitaoblendorihus.

104 4296 398 4343 wfflmrolt‘t'nst.
955 4293 974 4350 2
