3012 4820
299 242 478 303 lllll'OllleE
499 243 693 304 ttontsttttttt
713 245 820 306 eamn
840 247 1080 307 tntEttntontot.
1183 252 1256 326 617

119 421 342 514 gignendam,
369 419 454 516 quod
481 419 595 494 dieitur
619 444 698 494 esse
721 425 877 516 precipue
904 427 1097 496 matrimonii
1122 421 1252 501 bonum.

119 521 204 592 Nam
235 518 351 592 (iulius
383 541 520 592 uxorem
553 541 759 611 eognosoere
788 542 854 592 nou
887 531 1032 614 poterat,
1065 545 1128 594 neo
1158 527 1252 598 aliam

11 611 18 627 '
120 618 310 706 mulierem,
338 615 513 710 frigiditate
539 619 676 690 naturali
705 618 759 690 vel
783 619 846 690 alio
872 617 1103 713 impedimenta
1126 645 1253 718 perpe-

119 729 175 788 tuo
215 714 390 810 repeditue.
434 715 510 812 lpse
532 727 642 788 tamen
667 739 759 788 suam
780 715 1016 790 verecundiam
1044 725 1253 814 cooperiens

119 737 247 886 decedas
265 817 375 886 uxori:
401 815 462 885 dec
477 835 512 885 se
535 817 712 885 incurrisse
731 834 795 904 per
818 817 1014 899 maleficium
1039 829 1253 906 procuratum

118 915 162 983 ab
179 915 301 1001 aliquo,
320 917 377 1002 qai
400 917 469 984 rius
489 915 689 984 moeroribus
718 913 869 997 sallellas
893 915 1064 986 inuidebat.
1113 915 1160 988 m
1189 942 1253 990 co-

121 1014 246 1084 mitissa
265 1009 420 1102 nardum
438 1010 503 1082 fide
520 1013 617 1106 plena
645 1032 756 1083 eoram
784 1009 849 1082 deo
875 1021 909 1083 at
933 1033 1044 1084 eoram
1067 1009 1251 1090 hominibus

120 1112 352 1202 magnanimis,
370 1109 413 1181 de
441 1108 609 1182 maleficiis
628 1107 811 1182 huiusmodi
830 1109 907 1182 nihil
924 1109 1078 1198 credens,
1096 1111 1252 1184 illusum-

118 1230 183 1302 que
201 1205 261 1278 sibi
279 1210 505 1301 permantum
523 1210 655 1296 timens„
672 1227 836 1280 eameram
855 1231 949 1282 suam
967 1204 1117 1280 omnibus
1146 1232 1252 1282 orna-

119 1308 250 1394 mentis,
266 1306 360 1378 leotis
378 1330 418 1378 ao
441 1303 590 1380 vestibus
615 1315 649 1378 at
671 1308 803 1378 cortinis
830 1308 986 1378 evacuari
1009 1309 1121 1396 iussit,
1150 1331 1252 1380 men-

118 1425 255 1497 samque
279 1402 399 1474 nudam
417 1407 585 1500 preparari
602 1403 697 1494 lecit,
724 1401 960 1497 adduetatoque
985 1401 1104 1476 Guello
1128 1428 1252 1500 sponso

117 1524 198 1588 suo,
225 1503 366 1573 totaliter
388 1499 508 1574 nudata
532 1499 682 1574 uestibus
710 1512 744 1572 et
767 1504 879 1596 eapitis
910 1499 1051 1574 crinibus
1076 1500 1252 1595 diligenter

116 1599 362 1670 discriminatis:
388 1601 459 1688 Hie,
478 1603 533 1690 ait,
550 1603 642 1670 nullo
659 1602 825 1684 maleficio
842 1621 910 1672 asse
924 1609 1074 1690 possunt,
1092 1607 1252 1676 nodedun

117 1701 305 1787 depalatis
322 1706 354 1768 rt
367 1697 495 1782 fruaris
512 1699 681 1771 oamulito
698 1706 817 1768 nostro.
847 1699 981 1788 Quadm
989 1707 1097 1768 nostre
1116 1707 1252 1792 amynt-

116 1799 225 1866 ludirsi
248 1799 386 1866 illudere
405 1801 646 1886 prorumpatur,
673 1805 810 1886 propter
837 1799 992 1870 donarem
1020 1805 1165 1868 nostram
1192 1803 1252 1872 tior

117 1897 247 1964 uaniora
264 1897 475 1964 concedentes
491 1896 635 1966 ludamus
651 1899 722 1965 aare
738 1915 833 1965 moro
856 1897 1024 1966 discedere
1047 1904 1080 1966 al
1104 1900 1152 1968 od
1162 1919 1251 1988 pro-

111 1997 195 2084 prio
212 2012 368 2063 remeare.
408 1993 549 2084 Quodsi
565 1993 678 2077 faeere
696 1995 868 2083 distuleris,
886 1995 1009 2082 aesque
1025 1999 1140 2066 mortis
1151 2002 1251 2086 peri-

115 2095 191 2161 eulo
208 2109 274 2160 aon
291 2093 417 2162 euodes.
453 2089 498 2161 At
515 2090 570 2162 ille
595 2094 710 2162 timore
728 2095 938 2185 perterritus,
963 2095 1135 2164 veritatem
1162 2117 1250 2168 oon-

114 2189 228 2261 tessus
248 2186 358 2259 redire
374 2191 407 2260 in
424 2187 582 2260 Saeniani
600 2189 776 2260 festinavit.
818 2187 990 2260 Comitissa
1015 2210 1100 2260 vero
1125 2193 1249 2266 similes

114 2287 287 2358 illusiones
305 2305 508 2380 pavesaons,
524 2297 557 2358 at
568 2288 630 2358 alia
643 2285 766 2360 honera
778 2289 970 2358 matrimonii
985 2284 1094 2358 hodio'
1109 2286 1249 2380 habens,

115 2408 210 2456 suam
228 2388 260 2456 iu
279 2388 426 2456 castitate
443 2405 549 2478 usque
561 2384 601 2455 ad
614 2393 751 2458 mortam
769 2387 868 2456 vitam
880 2387 1049 2475 transegit.
1077 2383 1120 2456 Et
1135 2389 1250 2458 inten-

114 2483 200 2554 dens
216 2481 371 2577 operibus
389 2486 530 2577 pietatm,
550 2483 666 2554 multas
678 2483 853 2570 ecelesiam
865 2486 1062 2556 monasteria
1082 2493 1114 2554 et
1131 2482 1250 2579 hospi-

113 2581 190 2653 talia
208 2579 395 2653 hedifieavit
412 2591 508 2674 atque
527 2579 692 2652 dotatavit.
727 2581 850 2674 Bisque
867 2604 940 2652 aum
957 2585 1104 2653 exercitu
1121 2584 1153 2654 in
1164 2582 1249 2655 suls-

113 2679 232 2754 sidium
250 2679 400 2750 Romane
419 2678 562 2750 ecclesie
580 2689 730 2773 potenter
747 2681 847 2750 venit.
885 2678 998 2750 Semel
1027 2690 1138 2751 eontra
1156 2679 1250 2752 Nor-

114 2796 267 2867 mannos,
285 2781 338 2872 qui
357 2775 509 2848 ducatum
526 2777 648 2871 Apulie
665 2777 829 2848 violenter
852 2777 994 2849 aeolesie
1021 2775 1251 2871 subripuerant

113 2887 149 2947 el
164 2875 251 2946 lines
269 2873 448 2969 Campania
466 2872 692 2947 devastabant.
719 2876 808 2963 Quos
828 2879 992 2948 eomitissa
1009 2875 1164 2967 Matildisa
1182 2875 1249 2948 de-

112 2983 192 3046 vota
211 2971 275 3044 filiu
294 2976 398 3044 saneti
413 2973 513 3062 Pam,
531 2995 604 3044 eum
621 2970 789 3044 Golilredo
806 2972 985 3067 Spoletano
1014 2972 1097 3045 duee
1121 2973 1250 3068 fugavit

112 3093 221 3166 usque
240 3072 418 3166 Aqrrinum7
436 3081 584 3164 tempore
602 3071 738 3143 seeundi
763 3070 946 3143 Alexandri
971 3071 1110 3143 Romani
1135 3077 1249 3166 ponti-

112 3170 195 3241 lieis.
232 3167 307 3241 ntia
328 3173 402 3240 viee
420 3177 532 3240 eontra
551 3179 698 3262 quartum
717 3169 894 3240 llenrieum
912 3172 1142 3262 imperatorem
1154 3193 1247 3263 pug-

111 3269 215 3340 navit.
252 3265 324 3338 lleo
349 3275 579 3339 testamentum
597 3266 685 3354 lecit,
706 3277 872 3360 totumque
900 3269 1125 3361 patrimonium
1151 3290 1248 3340 suum

113 3387 216 3459 super
235 3365 338 3437 altare
358 3363 444 3435 beati
461 3363 548 3435 Petri
566 3361 679 3436 obtulit
695 3365 943 3458 Romanamque
954 3366 1130 3437 eeclesiam
1141 3365 1247 3436 here-

112 3463 188 3534 dem
207 3466 353 3553 instituit
371 3473 404 3534 et
421 3485 486 3534 non
499 3463 632 3534 multum
649 3473 724 3557 pasl
735 3462 939 3556 migravilad
957 3462 1054 3534 deum
1076 3473 1110 3533 et
1120 3465 1248 3558 sepulta

112 3572 165 3634 est
183 3572 217 3632 ut
234 3559 349 3633 dieitur
365 3564 398 3632 in
417 3559 558 3632 ecelesia
577 3560 714 3648 Pisana,
742 3583 836 3656 quam
862 3560 1036 3654 magnifiee
1064 3560 1246 3633 dolaverat.

111 3659 242 3731 llortua
260 3681 343 3730 vero
362 3667 414 3730 est
430 3679 518 3730 anno
535 3681 553 3728 a
571 3661 739 3730 nativitate
757 3657 874 3732 Christi
892 3682 1037 3732 mamm
1071 3660 1143 3747 Quo
1160 3681 1247 3732 anno

111 3761 144 3829 in
163 3755 271 3850 burgo
289 3766 477 3829 sanatorum
495 3757 716 3850 apostolorum
734 3755 997 3848 Florenlieignis
1008 3779 1169 3830 aecensus
1183 3767 1247 3846 est

112 3859 166 3949 qui
184 3877 339 3946 magnam
357 3865 483 3950 partem
502 3857 640 3926 civitatis
659 3858 878 3947 consumpsilg
907 3864 940 3924 et
966 3854 1051 3948 quod
1078 3853 1247 3927 residuum

110 3955 169 4024 luit
201 3951 345 4046 prediolo
369 3954 508 4024 divitatis
534 3954 699 4024 mansii.
730 3973 816 4022 anna
842 3955 958 4024 iterum
981 3955 1067 4044 ignis
1085 3956 1118 4022 in
1136 3955 1246 4024 saeri-

110 4051 221 4122 lioium
239 4049 424 4122 devoravit.
450 4047 505 4120 Eu
521 4049 585 4122 hoo
600 4049 797 4140 factumest,
814 4049 900 4144 quod
917 4052 949 4120 in
960 4059 1026 4120 tam
1041 4048 1139 4122 nobili
1158 4053 1246 4123 eivi-

109 4159 177 4220 tate
195 4151 389 4242 etantiqua
406 4151 439 4220 in
456 4147 608 4222 eoelesiis
626 4148 684 4221 vel
694 4150 915 4238 monasteriis,
926 4147 1013 4222 nulla
1026 4150 1144 4243 scripta
1157 4148 1247 4220 anti-

165 4269 195 4339 ί)
216 4267 240 4324 d.
260 4269 286 4325 ls.
306 4285 389 4328 onera
408 4269 571 4329 matrimonii
592 4269 666 4328 odio.
