2946 4822
274 241 344 312 164
571 232 735 292 ttnmtttts
754 228 1093 291 NUEWENBURGENSIS.

273 433 347 482 cum
362 405 684 484 Columbariensibus
703 406 890 500 consortia„
908 429 983 480 cum
1000 415 1102 497 gente
1119 401 1341 493 descendens,
1364 423 1400 472 ac

273 531 312 582 se
329 509 418 580 illum
430 507 519 580 velle
537 519 701 602 tamquam
717 511 948 600 imperatorem
959 504 1116 576 venerari
1133 501 1280 594 lingens,
1297 503 1400 595 ipsum

274 605 516 700 apprehensum
541 607 709 678 cremavit.
832 601 958 676 Dicitur
982 605 1107 690 eciam,
1134 597 1220 694 quod
1246 621 1319 670 eum
1343 620 1402 668 rex

273 703 411 774 Francia
435 703 498 778 illis
523 701 638 774 diebus
661 705 898 774 monasterium
915 703 1020 774 sancti
1035 698 1200 792 llponisii5
1228 695 1315 791 quod
1338 698 1402 766 im-

273 805 364 894 perio
382 799 576 895 pertinebat,
595 810 766 890 gravaret,
784 810 818 870 et
833 799 957 893 pluries
974 821 994 868 a
1011 819 1096 887 rege
1107 793 1250 866 Rudoll‘o
1268 805 1402 886 rogatus

273 921 339 970 non
363 898 544 972 disisteret:
573 898 705 970 tandem
728 919 812 990 rege
838 895 1002 970 scribente
1019 893 1147 966 Franco
1171 895 1204 962 in
1229 893 1403 984 singulari:

274 1000 363 1084 quod
385 999 564 1084 desisteret,
592 997 742 1084 alioquin
765 1000 870 1085 ipsum
893 998 1041 1066 visitaret
1062 1011 1125 1080 par
1149 994 1236 1060 ciros
1260 999 1294 1060 et
1314 992 1404 1074 airas,

274 1115 355 1182 quos
370 1097 434 1164 sibi
449 1093 533 1177 felic
555 1095 733 1162 Germania
755 1096 964 1183 permiscuit,
990 1089 1137 1161 Francus
1156 1109 1195 1160 se
1213 1089 1333 1158 nolens
1351 1089 1404 1156 in-

272 1189 405 1283 brigare
424 1213 498 1262 cum
517 1190 584 1280 illoq
603 1193 737 1284 quievit.

274 1343 324 1412 De
340 1344 509 1411 clodione
527 1343 679 1411 Bintncia
692 1361 756 1432 per
773 1361 883 1431 rapam
901 1338 1085 1424 Bitdolfum.

345 1473 382 1546 ln
406 1471 520 1545 diebus
544 1474 606 1546 illis
632 1497 705 1544 cum
724 1475 841 1547 Petrus
866 1475 1041 1568 episcopus
1066 1473 1191 1546 scilicet
1210 1471 1403 1546 Basiliensis

273 1569 398 1644 babens
426 1573 515 1642 litem
543 1594 617 1642 cum
641 1570 774 1644 Gallicis
803 1575 919 1644 vicinis
945 1567 1152 1644 succubuerit
1178 1575 1212 1641 in
1240 1570 1403 1658 conflictu5

274 1670 407 1741 militum
424 1672 597 1763 presertim
607 1667 1050 1742 Basiliensiummultitudine
1062 1673 1238 1764 captivata„
1256 1691 1322 1740 rex
1332 1669 1405 1739 Ru-
1462 1691 1463 1702 ἢ

274 1766 380 1838 dolius
404 1789 465 1861 pro
490 1764 606 1837 borum
630 1769 888 1861 recuperacione
906 1768 1048 1840 veniens
1065 1766 1254 1840 Bisuncium
1279 1763 1406 1837 obsedit

277 1865 389 1956 [1289
408 1865 513 1954 aug.].
556 1861 617 1934 Ubi
642 1867 787 1936 manicas
805 1861 978 1936 wambasii
997 1866 1048 1938 sui
1064 1863 1185 1936 fractas
1211 1887 1286 1935 cum
1308 1867 1406 1934 notis

274 1966 376 2057 peciis
394 1983 552 2054 reparans
571 1959 660 2032 dedit
677 1963 863 2054 exemplum
882 1960 953 2033 aliis
973 1962 1122 2034 similiter
1140 1961 1290 2033 laciendi.
1331 1961 1407 2031 Duu

275 2069 385 2131 autem
402 2056 595 2149 Burgundio
613 2062 792 2129 cumomni
810 2061 903 2153 quasi
927 2062 1077 2152 potencia
1095 2057 1309 2148 danicorum,
1335 2081 1406 2130 oum

276 2159 425 2230 exercitu
448 2158 604 2245 maxima
633 2178 671 2228 so
694 2159 802 2250 posuit
825 2159 904 2228 citra
927 2159 1019 2247 regis
1044 2160 1238 2248 exercitum„
1266 2179 1311 2227 ne
1337 2157 1407 2246 regi

275 2254 431 2325 victualia
456 2261 593 2347 possent
616 2253 733 2324 allerri.
774 2252 887 2347 ltaque
905 2276 971 2326 uno
989 2253 1042 2324 die
1065 2259 1157 2348 regis
1183 2257 1355 2328 exercitus
1379 2257 1407 2322 in

274 2355 364 2424 victu
381 2349 546 2423 delectum
563 2353 740 2424 maximum
758 2362 809 2424 est
825 2373 1018 2444 perpessus.
1058 2353 1186 2424 Videns
1210 2363 1322 2422 autem
1348 2373 1408 2422 rex

275 2472 373 2544 rapas
401 2453 433 2521 in
460 2472 555 2540 agroa
581 2471 694 2543 rapam
719 2471 829 2520 rasam
855 2448 1004 2520 comedit.
1055 2449 1150 2537 Quod
1175 2448 1331 2523 videntes
1359 2449 1407 2518 alii

275 2551 364 2641 rapis
387 2545 624 2641 quodammodo
636 2550 865 2618 suntsatnrati.
902 2546 979 2618 Rex
1000 2559 1111 2619 autem
1130 2545 1350 2619 retrocedens
1370 2543 1407 2616 ad

276 2643 473 2716 Gallicorum
493 2647 674 2716 exercitum
691 2649 724 2714 in
739 2643 828 2714 valle
846 2647 987 2738 positum
1004 2648 1094 2717 iuxta
1112 2649 1229 2739 ripam,
1247 2648 1280 2714 in
1299 2653 1408 2716 monta
1462 2649 1463 2662 ³

277 2741 421 2837 desuper
438 2765 476 2815 sc
493 2745 629 2835 recepit
653 2745 696 2812 ita
722 2739 807 2834 quod
830 2744 926 2814 unius
951 2746 1117 2815 exercitus
1141 2745 1173 2814 in
1199 2741 1341 2814 alterum
1361 2751 1409 2812 cst

276 2851 458 2934 respectus.
502 2839 544 2907 Et
559 2841 593 2910 in
610 2860 687 2910 sero
704 2848 847 2910 tractans
865 2862 939 2909 cum
958 2844 1096 2933 satrapis
1116 2842 1184 2913 suis
1203 2838 1246 2909 de
1264 2839 1408 2910 ineundo
1462 2883 1463 2938 t

278 2957 375 3008 manc
392 2935 554 3024 maniam„
572 2959 645 3008 cum
658 2935 787 3030 quidam
804 2959 849 3008 ox
867 2940 915 3008 eis
928 2939 1112 3027 miraretur,
1130 2935 1274 3009 addens:
1293 2942 1409 3025 dequo

276 3040 383 3106 maere
399 3037 536 3106 uellent?
562 3057 639 3105 rex:
663 3036 767 3122 ipsum
785 3037 916 3105 irionem
933 3036 1054 3106 babere
1072 3055 1200 3125 curam,
1226 3035 1408 3130 respondit
1462 3057 1463 3106 1

277 3134 408 3206 dicens:
436 3135 474 3203 Si
496 3135 583 3221 ipsos
606 3135 785 3220 vicerimus,
813 3135 1007 3202 victualibus
1035 3154 1146 3204 aornim
1170 3153 1357 3219 oescemur;
1384 3136 1409 3201 si
1462 3167 1463 3214 p

277 3251 337 3302 nos
353 3235 496 3320 vicerint,
524 3251 596 3300 cam
613 3231 736 3300 nobiles
752 3233 823 3318 sint,
842 3233 967 3300 dabitat
981 3235 1098 3302 oicmm
1116 3235 1263 3320 captiuis.
1300 3229 1409 3325 lpsis·

278 3351 342 3424 quc
360 3331 408 3400 sic
425 3326 634 3400 tractantibus
647 3369 691 3380 —-
703 3349 772 3400 nox
790 3330 877 3398 anim
895 3333 1036 3400 accessit
1050 3339 1083 3400 et
1100 3339 1171 3399 erat
1187 3329 1408 3400 tumultuosus
1462 3413 1463 3424 ἶ

279 3448 425 3496 murmur
435 3430 467 3496 in
478 3423 690 3515 exercitibus,
707 3434 742 3495 ut
753 3435 804 3497 est
816 3427 915 3498 moris
928 3469 972 3478 —-
986 3448 1066 3497 ecce
1078 3426 1207 3520 quidam
1219 3426 1262 3496 de
1273 3425 1409 3510 Swiciat

279 3543 416 3618 quorum
433 3545 496 3594 rex
513 3522 600 3594 mille
618 3525 828 3617 quingentos¹
848 3521 970 3612 babuit
996 3525 1080 3596 soliti
1098 3543 1233 3596 currere
1257 3527 1291 3595 in
1310 3546 1410 3595 mon-

278 3625 376 3712 tanis,
404 3609 645 3694 descendentes
673 3631 830 3710 montem,
857 3623 1020 3692 irruerunt
1042 3623 1076 3694 in
1100 3633 1206 3695 castra
1230 3619 1410 3693 Theobaldi
1462 3705 1463 3724 ἵ

279 3720 404 3792 comitis
420 3719 643 3810 Ferretarum
667 3722 720 3813 qui
742 3718 803 3790 luit
819 3717 945 3790 adiutor
960 3721 993 3790 in
1011 3723 1082 3792 acie
1100 3717 1314 3808 Gallicorum,
1347 3720 1410 3790 ali-

279 3817 394 3912 quibus
412 3820 530 3891 occisis
547 3821 650 3910 ipsius
664 3816 767 3911 spolia
786 3816 966 3889 deserendo
978 3841 1018 3890 ac
1027 3819 1164 3911 plurima
1182 3817 1353 3908 lamando,
1371 3821 1409 3887 ita

279 3918 364 4012 quod
383 3919 414 3986 in
431 3916 521 3988 valle
539 3918 711 3986 commotio
729 3915 813 3986 lacta
832 3925 884 3987 est
903 3915 1095 3987 clamorosa.
1133 3915 1266 3986 Gallicis
1280 3937 1410 4010 quoque

279 4013 488 4087 tractantibus
506 4013 547 4084 de
565 4010 788 4108 precludondo
805 4015 877 4104 rogi
893 4011 1056 4104 discessu
1075 4035 1148 4085 cum
1160 4011 1408 4100 arbitrarentur,

280 4133 318 4182 se
336 4121 469 4205 propter
485 4133 599 4182 eorum
625 4111 857 4182 nrndtitudinam
883 4119 917 4180 et
938 4113 1011 4204 quia
1036 4133 1101 4182 non
1126 4122 1197 4181 erat
1220 4122 1319 4204 aptus
1345 4112 1409 4182 de-

335 4239 364 4306 l)
383 4257 415 4295 so
435 4241 500 4296 audi
521 4241 600 4312 Cusp.
621 4242 673 4295 mm
693 4241 744 4296 uic
763 4258 793 4295 as
813 4239 915 4297 scbeint
933 4241 981 4310 A.;
999 4241 1069 4296 mille
1088 4242 1219 4298 ducentos
1239 4239 1312 4298 Urst.
