2900 4820
282 269 355 354 226
582 271 1105 338 nnnnnsnonwsnounonnsrs.

281 451 482 524 laceretnon
493 452 711 545 voluntarius,
729 452 790 528 sed
807 465 949 528 coactus.
976 453 1096 549 Sicque
1113 457 1147 523 in
1164 451 1267 524 choro
1282 453 1407 523 maioris

282 552 426 624 ecclesie
443 550 610 646 Spirensis
635 575 709 624 cum
736 555 882 647 principe
910 563 943 624 et
971 575 1045 624 curn
1068 549 1266 642 Mogontino
1294 555 1429 642 missas¹

283 648 415 720 audivit.
457 647 510 720 De
535 652 623 720 omni
647 672 775 744 quoque
800 653 1028 724 controversia
1051 653 1198 743 episcopi
1216 673 1258 720 ac
1274 649 1429 740 Conradi

282 755 316 816 et
330 745 484 820 Iohannis
501 744 721 842 predictorum
738 752 771 819 in
788 751 896 843 ipsum
912 751 1147 843 principemus
1163 751 1196 818 in
1211 747 1360 818 Ulricurn
1376 747 1409 815 de

282 843 500 938 Wintenberg
517 854 551 915 et
566 843 781 917 Ludowicum
799 855 832 917 et
849 845 1050 917 Fridcricum
1069 845 1111 916 de
1122 845 1291 937 Oetingen
1310 849 1410 916 conn-
1428 911 1429 920 2

282 951 348 1034 tes7
366 947 512 1038 episcopi
529 942 659 1032 fideles,
678 946 782 1014 extitit
795 947 1077 1037 compromissum.
1103 944 1166 1031 Qui
1176 947 1334 1037 princeps
1346 952 1409 1038 post

281 1041 393 1134 plures
417 1043 574 1113 terminos
597 1045 631 1111 in
648 1039 790 1113 hlonaco
806 1040 963 1115 Bawarie
987 1040 1112 1115 habitos
1131 1063 1244 1113 coram
1263 1063 1319 1130 eo,
1346 1063 1429 1134 cun

280 1159 348 1208 non
364 1149 504 1232 possent
525 1149 637 1232 partes
656 1139 847 1210 concordari
863 1143 998 1211 racione
1021 1143 1228 1235 prepositure
1246 1139 1407 1231 Argenti·

281 1239 409 1326 nensis„
428 1235 559 1308 tundent
575 1239 804 1330 pronunciavit
816 1237 989 1308 cumaliis:
1007 1236 1091 1332 quod
1104 1241 1283 1332 episcopus
1295 1240 1408 1308 omnia.

281 1356 346 1427 que
370 1337 517 1428 promisit
538 1333 691 1427 predictis
716 1333 869 1406 Gonrarh
887 1345 920 1406 et
934 1333 1071 1406 lohanni
1094 1339 1127 1406 in
1154 1337 1344 1429 captivitate
1362 1335 1429 1406 uel}

281 1440 356 1524 post
373 1435 595 1526 captiuitatem
613 1451 752 1504 servare
770 1430 919 1523 deberet
938 1443 971 1504 et
988 1435 1049 1527 ipsi
1066 1455 1086 1502 e
1104 1443 1238 1520 contra3
1267 1429 1408 1526 quicquid

281 1539 391 1600 autern
407 1537 518 1623 partes
537 1527 682 1623 desuper
698 1527 858 1600 haberent
869 1533 1013 1625 experiri
1023 1533 1109 1602 inter
1120 1553 1171 1620 se,
1190 1533 1271 1625 ipsis
1282 1529 1407 1602 saltum
1428 1527 1429 1612 1

281 1647 360 1699 esse
378 1624 524 1698 deberet.
550 1628 656 1715 Quam
672 1631 982 1720 pronunciaoicnem
998 1651 1076 1723 pars
1088 1637 1225 1722 utraque
1237 1649 1408 1699 commen·
1428 1615 1429 1710 1

280 1723 381 1795 davit.
418 1723 539 1797 Comes
558 1727 644 1795 enirn
656 1723 799 1814 turicas
818 1728 872 1818 qui
890 1729 1046 1820 episcopo
1063 1729 1096 1796 in
1113 1725 1270 1820 predictis
1287 1727 1409 1796 itineri-

280 1818 342 1894 bus
360 1821 479 1894 multos
497 1821 641 1894 honores
653 1820 811 1914 exhihuit,
829 1825 934 1917 ipsam
944 1827 1258 1917 pronunciacionem
1269 1823 1409 1915 sigillare
1428 1829 1429 1920 1

279 1918 394 2010 noluit,
411 1923 475 1993 nisi
492 1922 647 2014 episcopo
663 1920 852 2014 placuisset.
880 1918 963 1991 Cum
980 1931 1090 1993 auteur
1102 1943 1213 1994 coram
1226 1919 1408 1994 consulibus
1428 1935 1429 1998 t

279 2015 582 2108 Argenunensnus
600 2038 701 2111 super
716 2017 870 2111 predictis
888 2015 1000 2090 verbis
1018 2018 1137 2092 luisset
1153 2019 1329 2113 plurimum
1343 2017 1409 2089 dis·

280 2123 439 2208 putatum,
456 2115 590 2187 tandem
606 2117 760 2209 princeps
777 2119 886 2187 omnia
904 2118 1175 2210 interpretaretur
1192 2127 1308 2188 contra
1324 2119 1409 2210 epis-

281 2233 411 2306 sepum,
430 2211 471 2283 de
490 2235 553 2308 quo
572 2209 809 2304 ethloguntino
827 2213 953 2308 liquere
968 2217 1102 2309 incepit7
1120 2213 1208 2310 quod
1219 2217 1408 2309 captivitatis
1428 2213 1429 2292 l

281 2313 427 2405 episcopi
451 2310 583 2382 hierunt
606 2313 728 2384 conscii
752 2319 786 2382 et
809 2321 975 2403 auctores,
999 2312 1271 2405 Argentinenses
1298 2331 1407 2383 omues

280 2406 451 2481 testans
468 2431 488 2479 a
506 2406 673 2479 beneficiis
691 2409 915 2502 restituerunt,
939 2433 979 2481 ac
996 2413 1187 2505 episcopum
1206 2409 1249 2481 ad
1272 2413 1405 2483 restitu-
1428 2419 1429 2470 1

280 2504 401 2576 endum
429 2504 617 2578 Conradum
644 2504 686 2576 ad
712 2505 923 2578 officialatum
951 2505 1190 2603 quodammodo
1219 2515 1406 2600 coegerunt.

279 2599 493 2699 Tandemque
509 2611 584 2698 post
600 2603 700 2675 multa
718 2603 917 2696 discrimina,
935 2603 1018 2679 datis
1040 2627 1101 2701 per
1119 2609 1314 2702 episcopum
1325 2605 1405 2676 rnrllr

279 2705 399 2772 marcis
422 2700 568 2796 predicto
593 2699 758 2792 Conrado,
782 2726 822 2773 ac
844 2703 933 2774 mille
957 2706 1076 2777 marcis
1100 2703 1247 2798 predicto
1264 2702 1406 2790 Iohanni

279 2819 320 2868 ao
336 2802 490 2871 trecentis
508 2801 628 2871 marcis
639 2798 781 2872 nudolfc
792 2799 834 2870 de
845 2797 1050 2874 Hohenstein
1067 2823 1126 2895 pro
1145 2825 1206 2874 sua
1223 2811 1319 2896 parte
1331 2824 1405 2873 cas-

279 2897 508 2986 tri‚etm1dtis
527 2897 598 2970 aliis
615 2895 724 2968 eidem
742 2895 893 2969 Conrado
915 2899 1008 2970 lacha
1027 2897 1251 2988 concionibus,
1276 2910 1311 2971 et
1328 2921 1407 2994 spe·

280 2993 404 3064 cialiter
421 2992 463 3064 de
480 2997 597 3066 annuus
616 2993 863 3088 quadringentis
882 3007 914 3067 et
931 2999 1164 3091 quinquaginta
1181 2997 1288 3070 libris¹
1303 2997 1405 3068 dena·
1428 2985 1429 3044 1

279 3093 402 3162 riorum
419 3090 479 3165 sihi
504 3091 632 3182 dandis„
658 3090 700 3162 de
723 3092 833 3183 sigillo
857 3097 947 3165 curie
972 3117 1012 3165 ac
1034 3098 1184 3168 restituto
1208 3095 1328 3168 iudicio
1352 3095 1405 3188 ipsi

279 3192 448 3284 episcopoq
463 3189 617 3261 ctUlrico
629 3187 671 3260 de
681 3189 881 3284 Sygenowe
896 3195 1067 3286 preposito
1083 3203 1292 3284 remanente,
1311 3196 1321 3264 i
1343 3197 1404 3264 sis·
1428 3241 1429 3296 p

280 3307 344 3379 que
362 3291 530 3382 episcopo,
549 3284 701 3358 Conrado
719 3297 753 3359 et
768 3285 915 3360 Iohanne
932 3289 1034 3381 ligam
1052 3293 1190 3362 iuratam
1208 3301 1285 3362 cont
1346 3313 1402 3359 en·
1428 3297 1429 3338 1

278 3379 377 3474 tibus„
401 3385 533 3457 iuenrnt
548 3385 681 3457 insimul
697 3386 873 3457 reformati.
924 3387 1003 3460 Post
1020 3387 1083 3459 hec
1100 3399 1228 3460 mortuo
1246 3387 1403 3460 ludovico

279 3480 322 3550 de
344 3479 524 3574 Strasherg
547 3492 681 3554 cantore
698 3483 952 3576 Argentinensh
980 3489 1155 3580 episcopus
1180 3485 1329 3580 predicto
1351 3484 1401 3554 lo-

278 3575 377 3650 hanni
394 3578 436 3650 de
451 3577 674 3672 Liehtenherg
691 3581 825 3652 contulit
841 3585 1028 3654 cantoriam.
1080 3583 1216 3678 Spectat
1240 3595 1350 3656 autem
1371 3579 1403 3650 ad

277 3677 385 3750 schun
403 3689 571 3751 canorem
589 3679 718 3774 capituli
738 3699 941 3754 conservare
959 3679 1113 3773 sigillum.

277 3829 371 3920 Pcpc
391 3852 458 3902 non
477 3833 593 3904 hebuit
611 3833 797 3921 episcopum
810 3851 875 3921 pro
896 3835 1187 3904 ecoommuoiooto.

351 3966 439 4058 Papa
457 3974 567 4036 autern
584 3963 625 4036 cb
650 3963 713 4035 hoc
736 3967 928 4060 episcopum
950 3987 1010 4060 pro
1034 3970 1322 4041 excommunicato
1345 3985 1398 4038 non

277 4055 400 4152 hahuit,
427 4085 492 4133 nec
514 4085 556 4134 eo
573 4066 680 4136 minus
705 4066 736 4133 ei
761 4085 880 4136 causas
906 4068 1049 4137 scienter
1072 4067 1244 4138 commisit.
1298 4066 1399 4158 Ligari

278 4163 383 4231 marn
400 4161 535 4254 predicti
551 4159 720 4233 Ludowiei
744 4163 896 4254 principis
914 4185 954 4234 ac
974 4164 1065 4255 regis
1083 4161 1224 4236 Francis
1248 4164 1399 4238 dissinn-

333 4283 364 4354 l)
383 4285 410 4342 Β.
429 4285 564 4345 librarum.
