3010 4822
451 235 624 297 uuuaucus
644 235 897 296 aaauuarausu.
1166 237 1239 318 529

108 413 321 486 commissum
339 419 391 484 εει
407 413 490 484 inter
507 413 597 508 ipsos
617 412 771 504 [iul.19].
796 412 832 486 in
851 435 915 510 quo
931 413 1081 488 dominus
1099 411 1239 488 daVai-
1255 425 1325 484 tata

106 505 276 580 kanbarch
300 519 335 580 ει
351 510 463 603 plures
484 511 537 582 alii
554 508 682 584 nobiles
706 512 748 583 de
766 523 857 606 parta
875 515 1019 607 apiaaopi
1035 521 1112 584 suut
1128 515 1239 586 occisi.

106 605 176 676 Sed
200 617 334 678 econtra
359 627 446 678 auno
470 607 620 680 revoluto
647 631 763 684 meuse
786 610 864 682 iulio
886 612 970 682 inter
992 611 1183 706 episcopum
1206 620 1240 680 ει

107 705 274 776 civitatem
298 703 433 776 eosdem
458 708 574 776 iterum
598 707 705 780 simila
729 710 940 782 uommissum
967 718 1020 780 εει
1042 705 1182 800 tellum,
1206 717 1240 778 ει

107 802 187 872 vicit
204 804 380 894 episcopus
400 825 440 872 ao
455 801 623 874 multitudo
641 807 761 876 civium
781 815 833 877 εει
849 806 967 880 occisa.

154 895 284 970 Eadem
302 898 774 974 annouuetioetmacaxtai.
788 905 1055 976 vicesimotertio
1072 901 1125 974 dia
1140 923 1239 974 men-

106 998 155 1070 sis
173 999 305 1088 augusti
325 997 417 1088 [aug.
435 996 515 1088 26]ἦ
539 1019 603 1092 qua
626 1009 679 1072 est
700 1003 733 1070 in
751 999 864 1090 viffl'lia
885 1022 949 1094 qua
967 999 1025 1070 fuit
1041 1001 1074 1070 iu
1091 996 1240 1086 sabatho,

105 1093 299 1166 iaPiuardiu
311 1093 371 1168 sub
383 1094 539 1166 destricta
551 1099 643 1187 regis
655 1095 806 1186 Francia„
816 1100 905 1170 iuxta
917 1099 1082 1170 civitatem
1091 1097 1237 1188 Αιιιεῐιε1

107 1195 321 1266 oommissurn
340 1202 391 1266 εει
403 1213 560 1284 magnum
575 1190 698 1267 bellum
711 1196 795 1266 iuter
807 1217 909 1288 rages
922 1193 1045 1288 Anglia
1059 1205 1092 1268 ει
1102 1191 1241 1268 Fruuaia

106 1292 404 1384 supranominatos.
441 1290 524 1376 Quia
548 1289 736 1365 Edwardus
759 1313 823 1364 rex
845 1291 970 1383 Anglia
996 1289 1140 1366 secunda
1166 1294 1240 1364 viae

107 1407 183 1456 cum
197 1389 338 1480 potantia
356 1409 477 1480 magna
491 1398 689 1460 armatorum
702 1391 826 1462 intrans
836 1411 978 1482 reguum
989 1387 1127 1460 Francia
1138 1409 1241 1484 propa

107 1482 267 1574 ParisiuS,
285 1507 360 1556 uum
377 1507 440 1556 rex
449 1483 589 1558 Francia
607 1507 651 1558 ex
664 1490 814 1581 opposito
832 1487 932 1560 multu
943 1489 1100 1558 maiarum
1117 1507 1241 1558 numa-

107 1601 181 1650 rum
200 1592 398 1654 armatorum
416 1594 673 1676 oongregassat
693 1594 727 1656 ει
744 1585 876 1677 Anglici
900 1582 1040 1678 quodam
1060 1581 1157 1656 modo
1174 1581 1241 1654 da·

108 1675 257 1752 ficientes
292 1681 324 1750 in
352 1679 545 1754 victualibus
579 1693 794 1756 recesserunt
823 1681 936 1776 fugam
963 1682 1154 1756 simulantes
1181 1702 1243 1774 par

108 1773 192 1849 duos
213 1775 297 1866 dies,
321 1779 415 1850 tertia
440 1776 493 1849 dia
511 1801 580 1872 qua
603 1779 662 1850 iuit
684 1779 755 1852 dias
778 1779 947 1852 Mercurii²
965 1800 1165 1872 aggressum
1190 1785 1243 1852 εει

107 1869 243 1964 bellum,
268 1877 300 1946 in
322 1897 388 1969 quo
406 1873 571 1949 lohannes
591 1899 653 1948 rex
676 1876 841 1972 predictus
862 1875 1019 1950 Bahamia
1042 1875 1119 1950 Ιιεει
1142 1897 1241 1948 uacus

108 1981 161 2044 εει
177 1975 316 2046 οεειειιε.
348 1969 430 2046 itam
448 1995 511 2048 rex
526 1972 579 2046 hia
594 1973 678 2065 fugit
695 1973 934 2048 Maioricarum.
970 1973 1048 2050 Dux
1065 1971 1241 2046 Lotharin-

107 2071 178 2158 gia‚
192 2090 305 2144 aumas
316 2067 542 2160 marturensis,
555 2093 668 2144 oomas
682 2069 724 2142 da
735 2069 900 2162 Ailiuhan,
918 2095 1031 2146 cumas
1046 2072 1089 2145 da
1100 2069 1241 2162 Numen,

108 2176 143 2236 ει
158 2165 261 2238 irater
278 2189 358 2242 suus
379 2166 644 2263 archiepisaupus
663 2166 918 2244 Caramaneusis
936 2171 1121 2262 vulgariter
1137 2165 1240 2242 dietus

108 2262 151 2333 da
163 2260 285 2336 Cheins
303 2267 336 2336 in
352 2265 557 2358 Burgundia
575 2268 750 2360 episcopus
768 2263 993 2340 Novionensis
1011 2265 1242 2358 suffraganeus

109 2360 288 2435 Remeasis
306 2361 509 2458 archiepisao
531 2366 553 2454 ι,
572 2365 708 2435 comites
726 2361 768 2434 de
785 2361 934 2454 salman,
951 2362 994 2435 da
1007 2365 1183 2452 Areuoart,
1200 2361 1244 2436 da

108 2457 227 2552 Βιογε,
251 2455 293 2529 de
316 2457 478 2550 Zansore,
503 2385 545 2531 Xe
562 2457 790 2552 Monuetiard,
814 2458 856 2532 de
874 2459 1038 2556 sampira
1061 2463 1139 2533 itam
1158 2459 1243 2532 reli-

109 2557 196 2646 giosi
208 2558 298 2650 prior
309 2553 461 2648 Francia,
479 2561 533 2652 qui
550 2567 622 2630 erat
637 2553 680 2628 ibi
697 2581 771 2630 uum
784 2554 911 2631 duobus
929 2557 1070 2630 millibus
1088 2559 1243 2652 equitum,

48 2661 54 2672 “
109 2648 213 2726 abbas
230 2652 272 2724 de
293 2651 403 2746 Corbi,
421 2658 475 2750 qui
492 2663 564 2726 arat
579 2651 621 2724 ibi
638 2677 713 2726 cum
731 2657 917 2749 quingentis
936 2653 1108 2750 equitibus,
1126 2664 1161 2727 at
1176 2653 1242 2725 do-

109 2752 217 2822 minus
235 2747 277 2820 ιε
294 2749 510 2824 Roseuberah
525 2749 704 2840 Buhamus,
722 2763 756 2824 et
772 2752 884 2845 pluras
902 2753 955 2824 alii
973 2755 1108 2826 uomitus
1126 2760 1159 2822 ει
1174 2747 1241 2824 ba-

109 2869 211 2920 rones
229 2857 264 2918 at
276 2846 401 2920 nobiles
415 2860 492 2922 sunt
501 2852 610 2922 occisi.
637 2846 706 2920 Sed
723 2847 873 2922 dominus
887 2849 1030 2922 Karalus
1048 2848 1133 2922 iilius
1150 2852 1242 2940 ragis

109 2943 269 3016 Bohemia
289 2967 397 3018 novus
415 2969 490 3036 rex,
510 2957 624 3041 postea
645 2944 758 3026 fautus,
770 2947 959 3039 imperator,
983 2945 1066 3039 fugit
1084 2944 1127 3017 de
1144 2942 1243 3035 ballo,

109 3051 144 3112 ει
160 3064 224 3114 rex
239 3039 377 3115 Francia
397 3045 430 3114 in
452 3047 582 3139 propria
599 3065 742 3139 persona
766 3042 878 3136 iugum
904 3041 1004 3134 detta,
1028 3065 1102 3116 orum
1123 3064 1242 3134 magna

109 3135 313 3210 multitudine
331 3149 541 3230 armatorum,
559 3151 592 3212 ει
604 3139 733 3212 duravit
748 3161 810 3234 per
822 3141 987 3232 integrum
1004 3139 1090 3212 diam
1107 3149 1142 3210 ει
1156 3161 1244 3210 noa-

108 3247 177 3308 tem
197 3257 303 3330 usqua
321 3237 363 3308 ad
382 3259 537 3311 oceasum
558 3237 646 3308 luna.
681 3235 830 3308 Estiuuati
854 3247 930 3310 sunt
952 3247 1061 3308 autem
1084 3237 1184 3308 οεειει
1202 3232 1244 3306 ud

107 3331 295 3428 quindecim
319 3335 417 3407 millia
441 3333 615 3406 hominum.
649 3331 773 3408 Vastus
793 3345 903 3406 autern
927 3357 1000 3406 aum
1025 3334 1129 3426 siguis
1149 3354 1242 3428 pug-

106 3433 256 3502 nantium
279 3441 403 3504 armate
424 3431 531 3506 divise
554 3433 639 3504 inter
656 3434 800 3504 victuras
820 3430 952 3504 fuerunt
975 3431 1063 3504 mille
1086 3441 1120 3502 ει
1185 3431 1243 3502 in-

106 3538 224 3620 gente.
250 3526 334 3600 Sunt
351 3540 460 3602 autam
473 3531 557 3624 capti
574 3550 671 3624 quam
684 3527 796 3621 pluras
809 3527 937 3601 nobiles
956 3539 989 3602 ει
1006 3530 1059 3600 alii
1076 3524 1119 3598 da
1158 3548 1242 3598 ran·

107 3627 159 3696 aia
177 3635 212 3696 ει
230 3625 414 3698 Alamauia.
448 3625 491 3698 Et
512 3648 575 3698 rex
592 3623 716 3716 Anglie
734 3627 903 3698 victoriam
923 3624 1070 3714 obtinuit,
1090 3623 1132 3694 da
1148 3626 1242 3695 auius

107 3731 204 3816 parta
231 3726 418 3816 paucissimi
444 3732 521 3798 suut
546 3723 656 3796 οεειει.
697 3721 740 3794 ιιι
810 3726 859 3795 εει
886 3723 1082 3796 miraculosa
1108 3717 1244 3792 obtinuit

108 3841 275 3914 campum,
293 3824 366 3914 quia
383 3823 443 3893 vix
460 3820 619 3893 decimam
635 3829 762 3913 partem
800 3823 944 3892 ominum
962 3817 1072 3891 habuit
1086 3825 1242 3912 respectu

108 3917 259 3988 aliorum.
293 3913 527 3990 Niohiluurinus
550 3919 708 3992 remansit
730 3927 805 4009 post
827 3919 1038 3990 aommissum
1061 3912 1182 3986 bellum
1209 3915 1242 3984 iu

109 4013 231 4085 eodem
248 4011 322 4086 luuo
338 4036 399 4109 per
414 4014 497 4088 duos
515 4011 600 4105 dies,
617 4014 736 4088 volans
757 4010 799 4085 da
819 4017 936 4088 εοειειε
955 4015 1081 4086 interim
1102 4009 1242 4106 aliquam

164 4163 194 4231 ι)
215 4179 247 4218 ao
263 4161 307 4218 die
319 4163 511 4219 Rebdorrsuaa
525 4164 565 4220 hs.
593 4163 703 4220 Frahar:
722 4161 837 4232 Amarii3
856 4177 886 4218 εε
899 4161 987 4218 durna
1000 4161 1109 4218 Arriani
1123 4161 1242 4232 gamatnt

108 4233 177 4292 saia.
214 4233 247 4304 2)
265 4234 401 4306 vitiaretur,
419 4235 471 4292 uia
490 4237 580 4293 irthar
598 4235 696 4306 ututur
714 4233 844 4308 tamarit,
862 4233 889 4294 iu
907 4233 1012 4292 sabato.

164 4319 425 4394 aoraauaarouras
440 4351 459 4392 t.
997 4346 1034 4412 ³4
