2900 4820
317 195 536 258 coruncano
554 199 723 260 moruus
742 195 1081 264 nocwsncocnmtsm.
1190 205 1263 280 m

99 409 105 418 ’
135 385 251 466 mater,
275 376 426 470 aspirans
444 372 485 446 ad
503 373 673 448 cuiusdam
689 375 824 472 imparis
840 375 1092 468 mammonam,
1115 384 1151 450 ut
1167 374 1264 450 dice-
1279 389 1347 451 tant

135 473 240 565 botru,
262 475 372 546 nititur
393 469 566 546 rehabere.
602 471 649 546 Ar
671 473 716 546 illi
740 471 920 548 Wilbebno
945 477 1104 556 assistunt
1125 481 1159 546 et
1180 477 1265 548 inter

134 579 224 668 ipsos
242 569 427 645 discrimina
451 574 607 644 criuntur.
639 569 778 667 Scripsit
798 581 909 646 autem
931 571 1011 664 filio,
1033 575 1064 644 st
1085 591 1158 646 eom
1175 573 1263 644 obti-
1382 577 1385 584 “

135 675 251 760 noent,
274 674 380 760 ipson
396 675 432 742 in
448 679 590 759 quotuor
610 677 724 760 portos
749 673 916 760 dloidcrot,
938 673 1011 765 ipso
1028 691 1113 742 vcro
1136 679 1264 762 conca,

131 775 164 842 st
179 789 253 840 corn
273 770 455 858 obtinuerit,
472 777 509 839 ot
522 777 658 840 matrem
681 777 895 840 donatorum
918 770 1063 858 benique,
1087 765 1262 841 scribente.

132 867 216 941 brito
233 875 343 938 autern
360 867 554 939 conflictuin
564 866 639 938 lacu
649 888 695 940 cx
711 877 804 961 parta
821 869 932 939 matris
949 869 1116 962 perieram
1132 864 1264 942 ducenti

133 964 250 1038 viriles
263 974 302 1036 et
318 965 414 1055 ultra,
431 964 588 1058 multique
603 963 801 1055 Anglcrum.

181 1060 310 1134 Eodem
327 1082 413 1136 anno
430 1062 462 1135 li.
481 1057 526 1132 dd
541 1083 658 1133 meuse
674 1063 753 1132 iunii
776 1058 919 1134 marchio
936 1059 1141 1150 Iuliacsnsim
1166 1083 1264 1158 quem

131 1161 188 1236 filii
214 1158 346 1231 biennio
370 1158 525 1232 tenebant
547 1161 724 1254 captivum,
747 1162 877 1253 penitus
901 1157 1066 1232 liberatur.
1102 1157 1263 1232 Dominus

132 1261 224 1331 enim
247 1255 289 1328 de
305 1255 515 1347 Schcnecka
540 1259 594 1351 qui
617 1267 734 1352 postea
757 1260 790 1328 in
813 1253 983 1330 obsidione
1000 1255 1155 1332 Munbler
1177 1258 1264 1328 iactu
1315 1291 1319 1298 ·

131 1358 242 1452 periit,
260 1353 344 1428 lilios
361 1351 469 1429 litibus
486 1355 667 1443 infestavit
684 1357 736 1425 cui
753 1352 885 1426 nudem
903 1353 1114 1428 Gclcniensis
1128 1364 1162 1426 st
1173 1353 1263 1427 Tbe-

131 1455 292 1526 verensis
320 1451 556 1547 archiepiscopi
583 1449 791 1525 assistebant.
827 1450 898 1522 Filii
926 1454 1014 1524 enim
1036 1461 1131 1546 capto
1157 1459 1264 1547 patre,

133 1553 289 1647 quamvis
307 1553 466 1644 antiquior
481 1549 618 1622 baberet
635 1552 821 1638 comitatum
833 1548 1012 1639 idoncium
1022 1551 1062 1622 'in
1076 1547 1263 1624 substancia

133 1660 170 1722 ct
187 1645 369 1744 sumptibus
387 1646 580 1720 delecenmt
597 1645 712 1720 debitis
729 1650 869 1738 onerati,
887 1645 974 1718 unde
989 1655 1086 1743 pater
1102 1669 1177 1720 cum
1188 1646 1263 1720 dbis
1332 1701 1333 1706 ,

128 1745 221 1820 bana
237 1745 425 1838 concordat,
443 1757 479 1818 ut
488 1744 665 1824 dominium
678 1755 894 1820 restauratur.
923 1743 1002 1820 Dux
1012 1755 1141 1840 quoque
1151 1743 1264 1817 Gabia

129 1869 151 1917 a
171 1847 298 1916 iuniore
315 1843 416 1915 fratre
433 1865 507 1934 suc,
536 1843 665 1916 dicente
683 1866 759 1916 eum
781 1843 940 1935 inutilem
963 1842 1007 1916 de
1024 1841 1183 1915 adiutorio
1196 1863 1264 1915 cc·

87 2004 92 2011 .
128 1945 218 2015 mitis
236 1939 385 2012 Marchic
401 1945 620 2035 impugnatur.
1074 2005 1077 2010 a

183 2039 317 2130 Anglus
338 2050 448 2112 autem
472 2039 590 2112 ecdem
607 2061 694 2112 anno
711 2041 742 2111 li.
762 2039 804 2110 de
820 2061 938 2114 mense
956 2039 1049 2134 aprili
1065 2056 1140 2110 cnm
1157 2057 1264 2114 tuscus

129 2149 168 2210 et
194 2135 305 2210 liberis
331 2141 472 2211 venians
496 2141 530 2208 in
553 2136 669 2228 Kales,
697 2148 731 2208 ct
757 2148 878 2210 terram
904 2137 1040 2234 predicti
1068 2139 1193 2209 comitis
1220 2135 1264 2208 de

128 2235 250 2331 cynas
267 2233 444 2324 invadens,
468 2233 603 2308 obtinuit
619 2235 690 2306 lere
706 2245 820 2326 totam,
844 2246 877 2308 et
894 2245 1006 2308 contra
1024 2236 1175 2308 comitem
1191 2231 1263 2306 ba·-

129 2334 376 2422 moniccuscm
401 2355 476 2404 curn
501 2355 574 2404 cum
600 2330 720 2406 Franci
742 2333 863 2406 auxilio
887 2329 1153 2426 aggredientem,
1177 2352 1264 2402 con-

129 2433 256 2505 flictum
272 2427 437 2519 obtinens„
455 2440 489 2501 at
505 2440 620 2526 pcstea
638 2453 712 2502 cum
730 2433 847 2503 comita
857 2429 1060 2505 boloniensi*
1079 2432 1149 2524 pat
1166 2426 1264 2500 mcdc

130 2527 320 2619 confligens
338 2532 489 2600 comitem
507 2531 593 2623 cepit
609 2529 718 2602 multis
735 2531 853 2602 occisis
866 2539 899 2600 at
915 2525 1062 2624 pluribus
1079 2526 1264 2622 captivatis,

130 2627 280 2700 diversis
297 2625 470 2698 insultibus
488 2626 626 2698 lolioitsr
648 2623 884 2721 biumphondo.
918 2625 1114 2698 comitatum
1136 2645 1266 2719 quoque

130 2723 327 2813 Bellisone,
349 2745 448 2817 quern
471 2724 573 2796 irater
589 2747 674 2820 pape
691 2727 806 2814 tenuit,
829 2725 962 2796 omnirrc
983 2727 1075 2819 quasi
1093 2719 1264 2795 destruxit

134 2823 287 2896 Francus
306 2831 415 2894 autem
432 2819 522 2894 fratri
536 2832 569 2893 et
580 2826 691 2916 nepoti
707 2844 805 2916 pape,
823 2832 943 2894 utcum
961 2823 1132 2916 expressis
1151 2841 1265 2891 arma-

133 2933 245 2994 torum
262 2917 517 2992 mrdtitudinibus
536 2917 578 2990 ad
595 2941 672 2990 eum
683 2923 838 2993 venirent
855 2917 916 2994 sub
933 2919 1125 3015 privationis
1142 2915 1267 2990 leudo-

131 3039 222 3106 rum,
239 3017 421 3091 marscalco
438 3038 523 3090 vcro
539 3037 625 3113 pape
643 3015 704 3090 sub
722 3021 835 3112 capitis
852 3019 947 3113 penis
964 3015 1142 3088 mandavit

184 3113 267 3186 Erat
283 3125 392 3188 autem
411 3137 452 3186 co
472 3125 620 3210 tenpore
637 3116 677 3188 lis
703 3114 876 3190 durissima
892 3119 927 3186 in
942 3112 1148 3205 Westrania,
1171 3111 1267 3206 epis·

133 3233 222 3307 copo
235 3221 269 3284 et
282 3215 413 3286 dvimte
423 3211 566 3284 distensi
578 3236 618 3286 oc
628 3217 794 3288 comitissa
803 3213 960 3285 Barrcnsi
977 3235 1022 3286 ex
1039 3234 1117 3301 una,
1135 3209 1268 3281 ducissa

136 3309 341 3402 Imtbringia
360 3309 529 3384 comitibus
547 3308 749 3403 deSarburg
767 3310 1051 3404 alcandripcnta
1069 3306 1207 3380 dominis
1225 3304 1268 3377 de

136 3409 355 3500 Vyustingon
366 3417 399 3480 ct
409 3405 555 3503 pluribus
574 3408 645 3482 aliis
659 3419 806 3504 exparte
824 3410 925 3482 altera
943 3429 983 3480 se
999 3408 1088 3480 omni
1105 3402 1267 3478 discordia

136 3503 346 3578 vastantibus
374 3503 449 3578 binc
475 3515 510 3578 et
536 3503 621 3576 inde.
658 3508 748 3596 Quos
771 3506 936 3598 Francus,
960 3513 995 3576 ut
1018 3502 1059 3575 ab
1083 3506 1133 3576 eis
1156 3512 1269 3574 mutuo

137 3625 231 3674 more
256 3603 352 3678 solito
368 3599 505 3677 baberet
528 3605 684 3677 auxilium
708 3627 769 3678 suo
793 3617 954 3700 ternpore,
977 3623 1098 3696 pacare
1123 3609 1268 3672 conatur.

137 3699 325 3774 Destructis
353 3711 462 3774 autern
490 3711 601 3774 mutuo
628 3701 787 3799 aliquibus
815 3699 1051 3776 municionibus
1079 3708 1113 3770 et
1135 3718 1269 3770 convo

139 3797 305 3872 cientibus
329 3803 489 3894 utrimque
513 3802 598 3871 circa
622 3801 750 3897 Metym
773 3805 807 3873 in
830 3810 972 3893 augusto
994 3795 1163 3870 ambarum
1185 3817 1269 3890 par·

138 3899 225 3968 ciurn
260 3908 424 3970 armatura
458 3895 651 3972 habentibus
681 3902 879 3973 extrinsecis
914 3900 999 3970 circa
1027 3894 1091 3966 duo
1119 3893 1206 3964 rnilia
1235 3897 1270 3962 et

137 3993 398 4089 quadringentos
415 3994 579 4087 galeatos,
605 3998 763 4096 lactisque
781 3997 889 4071 multis
906 3991 1071 4086 militibus,
1093 3991 1271 4088 negocium
1390 4005 1393 4010 “

142 4100 372 4188 comportatur.

195 4213 227 4290 t)
246 4229 299 4272 von
319 4215 467 4292 boulcguc.
