2904 4822
365 221 539 296 sunbona
558 234 602 294 oo
617 224 855 296 nmssmoum
942 245 944 250 ·
1127 235 1174 316 95

81 429 148 480 enno
161 409 216 482 biii.
233 413 323 483 verrit
339 413 372 481 in
387 409 585 504 isbmggam
609 410 650 482 ad
673 410 791 482 ducem
806 409 974 500 Beworia
1001 411 1056 504 qui
1072 414 1180 482 oon?-
1199 429 1264 488 1354

80 517 158 577 bum
172 505 314 600 bbyrolis
341 507 531 603 possidebat
553 533 598 581 en
621 531 739 598 rurore,
769 531 835 602 que
856 518 928 580 erat
950 507 1027 579 duci
1041 503 1180 580 Alberto

79 603 197 696 predicto
211 609 242 676 iu
258 606 363 698 gradu
380 605 552 679 seeundo¹.
576 606 639 693 Qui
656 607 687 674 ei
704 609 889 677 comitatum
905 604 1102 698 predictum²
1118 626 1180 677 re-

79 700 196 789 gendum
211 706 380 794 commisit,
404 701 580 795 obligando
598 700 659 776 sibi
683 724 759 774 eum
782 725 841 795 pro
858 703 1033 792 nongentis
1049 700 1179 774 milibus
1294 737 1298 744 ·
1380 738 1385 746 ·

77 893 228 966 melosione
238 895 415 969 reverendi
425 902 525 992 patris
533 895 573 968 H.
582 895 890 988 abbatisRinaugie
908 917 1004 991 quem
1015 893 1179 969 lohannes

77 995 220 1086 episcopus
239 992 498 1068 Constantiensis
523 998 607 1089 cepit
630 997 662 1064 in
686 991 739 1062 die
761 990 859 1063 beate
877 991 998 1064 Cecilie
1027 996 1179 1084 virginis,

79 1089 152 1174 [nor.
165 1088 237 1179 221,
255 1101 287 1162 et
305 1115 380 1162 eum
399 1102 527 1186 captum
544 1094 646 1162 tenuit
662 1095 695 1161 in
713 1100 821 1163 castro
839 1112 899 1163 suo
917 1087 1102 1180 Gotliebenq
1119 1110 1180 1183 pro

76 1194 221 1257 rotantum
232 1188 317 1282 quod
328 1192 623 1283 precesprimarias
635 1187 769 1281 predicti
781 1185 1056 1282 dominiepiscopi
1068 1210 1180 1260 exau-

77 1277 1180 1379 direracusavit.Veneraterdmadplacandumdomiuumepiscopum

77 1377 121 1446 sed
136 1380 230 1473 ipsum
247 1382 395 1456 custodie
413 1385 618 1478 mancipavit.
639 1381 720 1452 Cum
735 1393 848 1478 quaet
865 1405 939 1454 cum
956 1382 1082 1455 incluso
1094 1404 1180 1453 oon-

77 1473 150 1545 dudo
165 1489 253 1568 gesta
268 1483 348 1551 anni
367 1479 541 1576 supradicti
558 1479 610 1550 die
628 1477 752 1551 Tbomc
770 1479 916 1574 apostoli.

76 1675 211 1766 Incipiunt
222 1693 313 1771 paeto
325 1687 406 1753 onai
422 1687 683 1774 quinquepertiti
692 1687 797 1771 putati
806 1684 986 1754 innocentii
996 1689 1182 1774 popceeab'

149 1781 315 1851 encrate
340 1785 427 1871 repis
453 1783 673 1852 Buritanorum
700 1784 817 1870 quarti.
862 1781 1010 1870 Qualiter
1032 1785 1183 1871 peruenit

130 1877 322 1954 ,neusciam
338 1880 431 1949 ctttt
445 1878 745 1980 [uerticoronotus.
1425 1893 1427 1922 ⁴

110 2041 194 2114 Anno
205 2045 324 2116 domini
342 2047 500 2118 mecedo.
509 2045 650 2118 Karalus
658 2045 881 2117 Romanorum
897 2067 961 2116 rex
976 2047 1178 2119 nativitatem

73 2135 167 2210 domini
176 2139 308 2213 bientue
326 2145 467 2236 peregit„
486 2154 519 2215 et
534 2141 609 2213 inde
626 2141 1021 2239 peruenitMedyolanum
1032 2163 1050 2212 a
1062 2142 1177 2238 quibus

73 2248 216 2331 susceptus
225 2251 257 2310 et
267 2249 442 2312 coronatus
454 2239 665 2334 inepiphauia
676 2238 883 2330 domini[ian.
893 2239 931 2328 6]
945 2261 1019 2334 per.
1029 2243 1052 2309 ,⁵
1065 2239 1177 2312 arohi-

73 2336 232 2428 episoopum
242 2335 540 2428 Mediolanensem,
558 2339 611 2432 qui
628 2336 745 2407 iuit'de
762 2334 1026 2408 vicecomitibus.
1044 2335 1086 2407 Et
1104 2336 1178 2410 iude

71 2431 258 2518 pmgrediens
284 2436 376 2504 venit
398 2433 505 2524 Pisas,
532 2431 587 2504 ubi
612 2455 697 2506 avus
722 2457 802 2506 suus
825 2442 995 2527 paternus,
1023 2433 1178 2505 videlicet

71 2524 423 2616 inperator'Heinrichus
441 2535 668 2626 septimus'est
684 2529 862 2602 honorifice
880 2529 1040 2625 sepultus„
1057 2530 1177 2606 votens

70 2616 164 2695 ibidem
180 2637 357 2721 expectare
373 2631 524 2718 reginam
541 2648 680 2700 uxorem
699 2650 792 2700 suam
809 2631 941 2698 nomine
956 2627 1099 2718 Annumq
1116 2649 1176 2722 pro

71 2739 117 2807 pra
131 2726 256 2796 miserat
271 2725 394 2815 Prage7
419 2736 552 2818 quaest
574 2726 762 2818 mctmpolis
785 2729 882 2816 regni
897 2724 1067 2814 Bohemie7
1091 2724 1176 2819 quod

69 2833 184 2904 regnum
199 2821 258 2892 fuit
274 2825 501 2915 patrimonium
511 2825 603 2913 regis
614 2822 725 2892 Karoli
742 2821 876 2916 predicti
894 2833 960 2894 tam
978 2843 1023 2894 cn
1033 2840 1175 2894 succes-

70 2913 142 2982 sione
165 2927 309 2989 matema
337 2941 433 3012 mmm
460 2941 505 2992 ex
532 2919 710 2990 collacione
737 2917 872 3011 predicti
899 2919 1060 3008 Heinrici,
1086 2919 1174 2989 unde

70 3011 175 3102 scripsit
184 3037 220 3084 se
229 3037 350 3107 regem
366 3014 512 3086 Boemie.
531 3015 694 3109 Aspirans
712 3015 874 3087 autemad
892 3019 1060 3108 imperium
1079 3019 1176 3109 peciit

70 3105 421 3196 adominolnnooeucio
438 3135 522 3206 papa
540 3116 584 3182 vi.
605 3123 638 3182 ut
662 3135 738 3184 eum
765 3115 798 3184 in
820 3116 1052 3205 imperatorem
1067 3111 1174 3182 Rome

70 3219 222 3278 temneret.
239 3209 302 3296 Qui
314 3231 352 3280 se
363 3213 540 3281 missurum
549 3213 696 3303 pmmisit
711 3219 780 3282 tres
792 3209 988 3297 cardinales,
1008 3211 1060 3302 qui
1071 3229 1174 3279 coro-

69 3312 161 3372 narent
175 3325 260 3396 cuma
279 3310 430 3400 quamvis
448 3329 532 3380 unus
550 3305 910 3401 cardnmaflyspanus
928 3305 1082 3380 uidelicet
1097 3317 1175 3378 tunc

69 3390 158 3467 Rome
171 3406 329 3474 existeret
351 3406 473 3476 missus
495 3417 560 3498 per'
578 3403 760 3498 predictum
782 3421 900 3499 papam
924 3402 966 3476 ad
982 3401 1097 3475 urbam
1113 3425 1174 3498 pro

68 3487 324 3581 legatodelatere.
335 3499 577 3595 Etsicpaeifice
590 3499 991 3574 innavitMediolanumet
1002 3501 1174 3574 sinemul-

70 3587 388 3669 iitudincarmatorum.
401 3598 442 3669 Et
452 3602 584 3670 intravit
595 3621 669 3670 cum
679 3602 841 3692 pactione„
855 3609 891 3670 ut
904 3603 1044 3694 quinque
1057 3597 1172 3672 diebus

70 3689 166 3760 tantum
181 3691 299 3766 ibidem
309 3707 502 3786 moraretur,
520 3718 584 3767 nec
600 3716 639 3769 se
657 3695 698 3766 de
716 3697 823 3790 aliquo
843 3699 1070 3778 intromitteret
1088 3691 1173 3789 quod

68 3787 249 3882 tegentibus,
273 3791 731 3882 001010)εο00000ιηὶιὶοιοηΙ
745 3792 958 3888 preiudicium
982 3801 1173 3885 generaret.

83 3925 118 4006 ,0
133 3943 236 4004 cognata
252 3939 356 4002 scheint
370 3957 401 3994 nu
417 3939 513 3994 iehien.
542 3939 572 4008 2)
588 3940 660 3995 nicht
675 3940 717 3996 die
732 3941 901 4012 ver-waltung
914 3940 1009 4010 Tirols,
1022 3939 1094 3994 wohl
1110 3939 1173 3996 abar

69 3995 270 4088 bebberbaiems
284 4009 392 4092 thanne
423 4009 537 4080 Ludwig
550 4012 597 4092 der
606 4011 829 4094 brandenburger
844 4013 903 4068 dem
918 4013 1037 4078 hcmoge
1046 4007 1173 4067 Aibroebt

70 4071 105 4122 nt
114 4073 161 4130 dre
173 4079 250 4136 ubre.
264 4083 327 4138 Von
342 4025 414 4138 inoff
425 4081 537 4138 worden
551 4083 605 4138 ihm
619 4099 669 4138 nur
683 4081 727 4139 die
741 4085 797 4140 drer
812 4082 915 4154 burgen
929 4079 1095 4153 Ebranbarg,
1117 4080 1173 4138 tto-

70 4136 148 4199 deneck
166 4151 216 4204 und
230 4151 303 4207 Stein
324 4153 373 4208 aui
391 4152 450 4208 dem
470 4151 555 4208 Ritten
570 4170 613 4208 um
627 4153 717 4209 28000
737 4153 903 4226 goldgulden
923 4171 955 4208 ve
988 4150 1085 4206 ffindet.
1111 4153 1173 4224 vgt.

70 4205 145 4282 Hiber,
163 4219 345 4294 Veminigung
357 4223 442 4280 Tirob
456 4223 505 4280 mit
516 4222 682 4282 Oeeterreicb
702 4229 730 4282 S.
743 4226 859 4286 oo-oe.
886 4225 918 4295 3)
932 4225 971 4283 uo
991 4227 1084 4280 enum.
