2918 4824
346 239 511 298 HATiHlAS
529 239 872 298 Nunwnntttnoansts.
1100 241 1173 316 233

61 419 187 492 marchio
195 419 363 510 Manavia,
380 417 465 491 iilius
483 422 568 508 eius7
585 417 718 490 fuerunt
734 420 767 488 in
782 419 884 506 curio,
902 414 944 486 de
955 419 1172 511 oppressione
1189 427 1259 486 tato

60 519 211 590 mierum
228 521 383 613 principis
402 515 486 588 etde
502 519 713 612 promocione
725 513 836 586 Karoii
848 517 1041 605 cogitantes.
1061 516 1171 588 Antea

59 627 152 687 autem
168 616 258 688 idem
270 615 410 688 Korolus
427 619 460 686 in
478 619 567 686 curio
586 617 734 688 existens
749 612 862 703 [1344
873 615 994 703 mirol,
1011 615 1045 683 in
1062 613 1171 686 odium

58 715 183 786 Heinriei
211 713 397 806 Moguutini
423 713 628 804 Progensem
657 713 865 805 episcopum,
901 709 1063 781 subditum
1080 707 1172 782 ’Μο-

58 815 184 904 gontini,
212 813 457 906 promoverim
486 810 766 904 archiepiscopum
792 811 999 903 procuravitp
1028 818 1061 879 et
1086 807 1169 882 duos

59 913 250 1004 episcopatus
269 911 302 979 in
318 909 452 980 Boemio
472 906 532 980 sibi
550 906 653 980 subici
670 904 1008 999 etaMoguntinensis
1027 907 1170 980 ecclesie

58 1009 167 1078 oreore
183 1006 314 1080 absolvi
332 1017 366 1077 et
383 1005 489 1077 eidem
507 1008 670 1098 Progensi
687 1007 737 1077 ius
762 1002 939 1075 coronandi
961 1026 1080 1095 regem
1097 1005 1171 1076 Bo-

57 1105 161 1195 heure,
178 1104 266 1201 quod
284 1115 360 1176 anto
378 1101 725 1195 habuitMoguntinus,
743 1100 889 1174 concedi.
916 1101 968 1171 De
980 1113 1169 1196 quopostea

58 1215 176 1294 argutus
194 1225 259 1275 rex
268 1201 428 1274 Bohcmie
445 1212 540 1297 pater
556 1206 628 1274 eius
647 1199 888 1295 aprincipibua
907 1198 992 1296 quod
1004 1203 1076 1272 sine
1088 1203 1170 1273 scitu

59 1305 118 1374 eins
132 1303 251 1374 iactum
269 1302 400 1389 fuisset
417 1303 546 1372 iuravit.

96 1401 166 1471 Post
181 1399 246 1470 hec
262 1401 419 1493 provisus
430 1397 645 1489 Moguntinus
663 1395 705 1467 de
716 1396 884 1469 Nassowe
902 1396 943 1468 ad
955 1397 1066 1468 viliam
1077 1396 1170 1470 Reos

59 1519 143 1591 super
157 1497 289 1569 Renum
308 1494 350 1567 ad
367 1497 481 1567 feriam
505 1505 653 1591 quartam
677 1501 765 1589 post¹
784 1494 978 1586 Margareto
1002 1493 1062 1566 snb
1084 1517 1171 1567 anno

58 1596 160 1666 domini
183 1595 382 1666 mocoxlvi.
401 1593 441 1664 ad
460 1591 648 1686 eligendum
672 1615 789 1684 regern
813 1597 976 1687 principes
998 1613 1171 1664 convoca-

60 1697 105 1764 rit
127 1691 185 1764 Ubi
202 1691 649 1764 convenientesBaldwinus
664 1690 705 1761 dc
715 1689 1170 1782 Intzelnburg'ireverensis,

59 1789 231 1864 Walramns
254 1789 297 1884 tio
313 1788 436 1860 luliaco
454 1789 663 1860 Coloniensis
687 1787 935 1883 archiepiscopi
961 1799 994 1858 et
1011 1785 1171 1860 Gerlacus

60 1888 93 1957 ic
107 1887 267 1960 Nassowa
285 1907 396 1959 novus
413 1889 569 1980 provisus
587 1886 815 1977 Mogontinus,
833 1889 911 1956 item
924 1885 1085 1958 Rudoiius
1103 1885 1171 1958 drrx

60 1985 185 2056 Saxonis
202 1997 237 2056 et
253 1983 420 2058 lohannes
437 2005 502 2056 rex
517 1984 691 2074 Bohemieq
710 2007 750 2055 ao
765 1985 935 2077 imperium
955 1982 1008 2055 diu
1027 2005 1170 2056 vacasse

60 2080 273 2173 decernentes,
292 2081 473 2177 predictum
484 2081 641 2153 Karolum
659 2080 881 2153 marchionem
892 2080 1044 2153 Moravie
1059 2084 1095 2152 in
1108 2103 1171 2152 re-

60 2201 122 2270 gem
143 2181 318 2273 elegerunt
334 2180 529 2253 Romanum.
576 2181 640 2252 Pro
664 2201 728 2274 quo
752 2178 887 2274 predicti
906 2177 1113 2252 Coloniensis
1138 2189 1171 2251 et
1208 2221 1214 2234 ·

61 2277 114 2350 dux
128 2278 270 2351 Saxonie
289 2299 411 2370 magna
428 2281 568 2372 pecunia
587 2287 662 2350 sunt
679 2281 830 2372 corrupti.

98 2375 278 2450 intenderat
294 2387 404 2448 autom
422 2375 550 2448 electus
567 2380 617 2446 ire
634 2376 838 2470 Aquisgrani
861 2397 921 2470 pro
942 2377 1170 2447 coronacione.

61 2473 108 2545 Coi
128 2483 231 2546 amen
249 2475 432 2570 Amreuses
457 2485 612 2568 quantum
635 2475 735 2546 ineis
759 2474 818 2546 init
840 2471 1048 2545 intenderant
1070 2476 1172 2544 resti-

62 2574 135 2642 tisse.
167 2572 365 2667 imperatrix
382 2582 491 2644 summ
510 2582 601 2644 stans
619 2581 697 2642 tuno
711 2575 745 2642 in
763 2569 935 2642 Hollandis
954 2573 1083 2664 scripsit
1098 2569 1171 2642 Lu-

62 2667 171 2741 donico
186 2673 340 2766 principi:
359 2673 449 2759 maort
463 2689 527 2760 por
546 2677 672 2760 pontem
691 2689 785 2740 suam
804 2677 916 2758 posset
932 2673 1082 2741 amotae
1097 2671 1172 2740 Ko-

62 2770 126 2856 ron,
144 2787 183 2838 nc
196 2776 313 2858 posset
326 2772 528 2858 Aponqroot
548 2772 666 2838 venire.
702 2765 821 2839 Occiso
839 2769 925 2839 enim
943 2791 961 2838 a
980 2765 1171 2838 Frisonibus

63 2886 132 2935 anno
147 2868 242 2960 pn'ori
253 2865 435 2938 Wilhelmo
453 2870 571 2938 comite
589 2863 762 2937 Hollandis
780 2869 853 2937 sine
869 2863 993 2956 liberis,
1012 2887 1086 2938 oum
1103 2867 1171 2935 im-

62 2967 184 3052 pertirix
194 2975 288 3036 esset
298 2967 410 3037 senior
420 2968 612 3053 sororeius7
628 2967 746 3056 regina
758 2967 844 3034 enim
856 2962 982 3056 Anglie
998 2973 1030 3034 et
1041 2972 1171 3034 comet-

63 3063 116 3130 issa
130 3059 318 3134 Iuliocensis
335 3065 481 3134 iuniores
498 3063 641 3150 fuemnt„
667 3073 787 3154 gentes
808 3065 907 3134 occisi
931 3064 1170 3156 imperatricem

63 3166 88 3226 ct
96 3179 183 3230 unum
193 3159 236 3230 de
247 3160 323 3232 tiliis
335 3163 405 3233 stris
416 3163 568 3254 accipere
579 3163 611 3230 in
622 3158 771 3232 dominos
783 3157 1014 3230 decreverunt.
1041 3157 1172 3229 trans-

65 3255 197 3328 cenderat
213 3260 314 3350 igitur
330 3262 363 3329 in
380 3257 503 3352 hyeme
520 3260 711 3353 imperatrix
725 3277 799 3328 cum
811 3258 942 3328 minimo
954 3255 1020 3327 tilio
1031 3277 1093 3328 suo
1104 3275 1171 3326 no-

64 3357 146 3423 venni
162 3376 221 3448 per
231 3355 476 3447 lotharingiam
488 3355 713 3428 etFranoiam.
738 3354 781 3426 Et
797 3357 901 3450 primo
918 3357 1060 3428 veniens
1072 3353 1171 3424 Hen-

66 3471 149 3538 gone
168 3451 242 3524 inibi
267 3463 321 3524 est
345 3464 489 3549 recepta.
532 3455 652 3527 Postea
677 3450 887 3526 descendens
906 3477 924 3524 a
942 3450 1113 3524 Hollandis
1139 3461 1172 3523 et

66 3545 193 3620 Seiandis
210 3549 416 3623 concorditer
432 3561 486 3624 est
500 3559 649 3647 recepto,
673 3553 715 3621 ita
733 3561 844 3622 tamen
868 3549 953 3646 quod
971 3549 1013 3621 de
1029 3548 1171 3622 redditi-

68 3639 114 3714 bus
127 3656 281 3719 terrarum
298 3650 342 3719 nil
360 3652 535 3744 reciperet
554 3671 724 3744 quousque
741 3651 841 3722 occisi
859 3646 965 3720 debito
978 3651 1042 3720 sint
1053 3648 1169 3722 soluta.

68 3739 208 3816 Promovit
223 3757 333 3818 autem
343 3745 555 3819 rexFrancia
567 3751 819 3842 imperatricem,
836 3757 968 3841 neptem
981 3767 1087 3834 suam
1104 3767 1170 3816 nou

69 3835 159 3912 ieram
180 3865 291 3915 amoro
315 3847 481 3940 principis
507 3844 567 3918 sed
591 3849 665 3939 quia
688 3855 795 3917 terras
819 3866 881 3939 per
898 3844 1046 3935 Anglum
1068 3845 1172 3914 timuit

68 3943 204 4031 oooupori.
246 3942 381 4014 minius
405 3952 514 4014 antem
539 3946 693 4038 princeps
720 3953 854 4038 propter
877 3940 1032 4013 diutinam
1055 3941 1169 4013 uxoris

70 4029 241 4116 absentiam.
265 4063 339 4112 cum
358 4042 502 4113 misisset
526 4063 584 4135 pro
608 4043 674 4128 itta
700 4052 820 4130 gentes
839 4049 948 4110 autem
972 4039 1026 4110 ille
1044 4038 1171 4110 velient

70 4125 169 4204 hebere
190 4141 355 4210 seniorem
382 4137 484 4210 filium
510 4143 725 4234 imperatricis
752 4160 812 4235 pro
840 4137 989 4228 domino,
1016 4140 1170 4233 princeps

127 4253 152 4326 ¹)
168 4265 225 4320 rote
242 4263 321 4323 sollte
340 4279 370 4321 es
388 4262 508 4338 heisten,
526 4264 596 4324 dcun
616 4281 657 4322 am
678 4261 719 4323 11.
739 4261 785 4323 iuli
804 4261 868 4322 istd
887 4259 930 4318 die
948 4259 1019 4320 wohl
1037 4265 1107 4320 stati.
