2982 4824
260 243 332 320 m
640 243 1111 304 mmmmm·

261 417 407 494 sueeedit
422 418 454 487 ei
471 414 636 492 lohannes
653 421 726 493 eius
743 417 843 511 tilius,
865 440 961 515 puer,
978 415 1095 494 diebus
1110 441 1179 508 113
1201 429 1273 515 post
1288 441 1373 514 quen

260 517 404 611 Filippus
421 513 580 588 Ludoviei
599 515 702 591 irater
718 520 814 591 anuis
831 522 983 613 quinque.

261 695 263 703 J
309 609 407 686 1317
433 611 574 705 [13161
609 611 775 688 lohannes
798 618 978 688 vicesimus
1001 615 1168 690 seeundus
1192 615 1375 702 liausemia

259 711 345 787 lilius
362 708 533 784 erriusdsm
549 711 715 803 eerdouis
733 713 819 786 sedit
834 735 941 788 anuos
956 715 1062 786 mviii.
1092 710 1215 787 Omnes
1232 712 1375 785 eardina-

259 810 324 901 lee,
348 811 402 904 qui
421 817 516 880 erant
530 811 565 880 iu
581 810 745 901 11111111.
771 831 876 886 voees
894 821 928 882 et
944 813 1037 883 adeas
1059 833 1138 884 sues
1156 813 1188 884 ei
1204 831 1375 884 eoueesse-

258 917 346 998 runt,
366 917 402 979 ut
418 903 561 1020 eligeret
575 910 609 978 in
625 929 743 1002 papam
761 930 859 1003 quem
875 908 988 1024 vellet
1014 907 1078 980 Hie
1093 931 1133 982 se
1149 912 1256 1005 ipsum
1272 913 1304 980 in
1319 930 1375 1002 pa·,

258 1003 1298 1200 tteltttttttttttttttltlttttttttttt
1312 1104 1377 1194 aa

259 1210 506 1276 eoneesseruut

264 1291 267 1298 ’
310 1297 415 1372 1320.
443 1295 647 1373 Castruoiaui
672 1296 750 1373 belli
773 1297 938 1374 adversus
955 1297 1164 1375 Florentinos
1187 1301 1377 1394 principium.

308 1395 414 1470 1321.
440 1393 567 1470 Dentes
590 1396 784 1490 Aligherius
809 1395 1018 1473 limentinus
1045 1408 1143 1492 poeta
1166 1397 1379 1472 Ravenneiu

258 1495 357 1584 exilio
375 1497 510 1568 moritur
527 1497 621 1569 etatis
639 1517 701 1586 sue
718 1516 805 1568 arnna
821 1495 881 1568 lvi
899 1495 1000 1587 [iul.].
1026 1493 1163 1570 Francis
1179 1503 1301 1588 regnat
1316 1489 1379 1564 Cu-

258 1593 349 1667 rolus
366 1590 576 1687 precedentis
592 1591 729 1689 Philippi
746 1592 848 1665 irater
862 1596 958 1666 aunis
978 1595 1023 1668 vi.

262 1719 266 1728 ·
308 1690 413 1764 1322.
448 1689 556 1784 Supra
579 1693 710 1782 triginta
732 1689 895 1786 Syrorum
918 1693 1062 1786 equitum
1086 1691 1173 1764 milia
1196 1689 1380 1762 Armeniam

257 1787 478 1885 depredantes
500 1809 656 1880 magnam
677 1787 936 1864 Christianorum
959 1787 1194 1862 multitudinem
1218 1791 1254 1860 in
1275 1787 1380 1861 servi-

255 1895 358 1976 tutem
379 1889 520 1980 capiunt
551 1885 641 1958 Seeti
657 1885 791 1979 Anglos
815 1885 857 1958 ad
876 1883 1000 1958 bellum
1024 1884 1276 1978 submoverunt,
1303 1906 1380 1978 qua-

277 1994 391 2079 ropter
406 1981 511 2076 Angli
526 1979 671 2056 Seotiam
687 1985 863 2056 temerarie
879 1985 1038 2077 ingressi,
1061 1983 1135 2078 plus
1159 2005 1258 2079 quam
1275 1981 1381 2078 viginti

255 2006 422 2156 [ominum
446 2081 533 2152 milia
556 2079 664 2153 inedia
688 2079 909 2176 perdiderunt
950 2081 1150 2175 Postquam
1174 2080 1382 2155 calamitatem

195 2231 198 2238 -
255 2175 346 2251 Seoti
363 2182 481 2251 iterum
496 2178 656 2272 Angliam
670 2189 862 2274 repetentes
879 2181 992 2272 regias
1010 2181 1122 2272 eopias
1140 2185 1344 2274 superarunt

308 2274 414 2350 1323.
446 2275 570 2348 Thema
587 2276 738 2372 Aquinas
763 2274 945 2350 elohanne
967 2273 1121 2372 peutifiee
1143 2279 1233 2348 iuter
1259 2281 1380 2350 sanetas
1419 2281 1420 2284 ’
1455 2317 1456 2388 t

256 2374 381 2450 relatus
398 2384 458 2450 est.
484 2373 648 2446 lohannes
665 2373 813 2470 pontifex
828 2372 1030 2447 Ludoviaum
1046 2372 1190 2449 Baverie
1212 2373 1329 2448 dueem
1344 2367 1381 2442 od

256 2473 428 2567 imperium
451 2475 517 2544 iam
540 2470 667 2568 pridem
684 2471 847 2545 delectum
872 2473 1015 2546 eoelesie
1032 2473 1263 2545 eommunione
1279 2474 1379 2542 inter-

257 2568 338 2670 dixit
354 2579 389 2641 et
404 2573 507 2643 variis
524 2572 675 2644 sensuris
692 2568 822 2665 pultliee
833 2569 1069 2644 uoudennavit
1454 2641 1455 2670 p

262 2723 267 2733 ,
309 2664 414 2740 1324.
445 2666 611 2742 lohannes
631 2667 780 2762 pontifex
798 2669 1044 2742 eonstitutiones
1062 2667 1138 2740 iecit
1154 2665 1380 2740 eontradieeu-

256 2766 321 2858 aa
341 2761 507 2838 Christum
518 2767 633 2838 eteius
649 2764 816 2860 apostolos
833 2764 913 2837 nihil
923 2769 957 2838 in
967 2762 1031 2837 hoo
1042 2763 1164 2838 munde
1180 2764 1379 2860 possedisse,

257 2857 290 2934 id
317 2883 492 2934 erroneum
519 2884 664 2936 eensens
687 2872 721 2935 et
742 2872 897 2960 tanquam
921 2862 1102 2936 hereticum
1128 2860 1309 2954 damnans,
1333 2860 1380 2954 qui
1453 2909 1454 2953 p

256 2958 345 3036 idem
364 2957 581 3032 oeulirmaret.

263 3149 269 3156 Ι
306 3055 413 3130 1325.
445 3055 584 3132 Gentilis
605 3057 765 3152 Fulginas
789 3069 824 3131 et
839 3056 945 3134 Diuus
968 3055 1177 3132 itomnunus
1200 3054 1377 3153 prestebiis

256 3157 408 3252 sapienti¹
430 3154 753 3229 etmedieiinltelia
770 3153 941 3230 habeutun
1452 3155 1453 3235 l

262 3323 268 3332 .
307 3252 405 3327 1327
424 3251 566 3345 [13281
593 3251 780 3328 Ludovieus
797 3253 905 3327 Rome
920 3264 1033 3350 preter
1049 3251 1210 3348 pontilieis
1228 3251 1377 3326 volunta-

255 3361 323 3425 tem
340 3376 360 3425 a
377 3352 496 3424 Soarra
515 3350 708 3446 Colonensi,
724 3351 813 3425 nullo
831 3353 924 3426 solite
943 3351 1139 3426 solennitate
1156 3361 1305 3441 servate,
1321 3369 1377 3420 eo-
1451 3385 1452 3426 1

255 3440 391 3524 r'onatus
411 3450 491 3539 [iau.
513 3446 591 3540 171,
615 3472 677 3523 sua
694 3451 863 3525 sentencia
879 3448 1060 3522 iohannem
1076 3444 1263 3544 perdicem
1278 3449 1377 3543 privat
1451 3429 1452 3517 l

258 3547 343 3644 [apr.
363 3545 441 3638 18],
467 3556 501 3632 et
516 3545 650 3619 Petrum
668 3545 922 3622 Corbariensem
944 3545 1067 3620 ordinis
1084 3544 1249 3622 dliuomm
1272 3545 1376 3639 ponti-
1450 3627 1451 3642 1

255 3645 352 3720 lioem
373 3646 463 3736 feeit,
486 3665 587 3739 aquo
610 3647 726 3716 iterum
752 3648 873 3740 imponi
900 3643 962 3719 sibi
984 3664 1141 3718 eoronam
1161 3641 1252 3715 iubet
1270 3653 1304 3716 et
1322 3637 1375 3716 siti

254 3746 398 3816 invieem
422 3741 523 3816 false
547 3762 608 3816 sue
632 3740 797 3834 dignitatis
826 3753 957 3816 autores
981 3741 1071 3816 liunt.
1103 3739 1239 3814 Francis
1265 3743 1375 3832 regnat

254 3841 420 3938 Bhilippus
446 3840 542 3914 trium
571 3839 818 3936 preoedeutium
845 3861 964 3931 regum
989 3839 1161 3935 patruelis⁵
1188 3838 1292 3911 lreter
1315 3855 1373 3906 au-
1449 3851 1450 3904 1

254 3961 306 4012 urs
322 3961 414 4013 mu.

305 4033 400 4110 1325
429 4035 568 4130 [13281
602 4034 791 4112 Castrooius
820 4039 908 4109 eirea
932 4033 1104 4110 Platorium
1127 4033 1270 4130 undique
1291 4027 1372 4106 vello

254 4140 352 4228 atque
370 4134 471 4209 iussis
487 4137 638 4228 emotum,
662 4132 869 4230 paucioribus
889 4135 1046 4209 insistens
1063 4135 1165 4227 oopiis
1182 4133 1268 4208 intus
1285 4123 1372 4206 sinui

123 4249 126 4256 ’
271 4234 275 4254 “
309 4253 338 4332 1)
356 4271 389 4315 so
408 4256 451 4312 ue
469 4257 510 4316 m.
547 4257 578 4330 a)
597 4256 657 4316 mu
675 4257 717 4318 us.
754 4257 785 4330 s)
802 4256 915 4332 pransu
933 4257 974 4314 ns.
