2900 4820
281 247 356 324 210
582 247 747 306 ulutltms
766 247 1107 306 NUEWENBURGENSIS.

282 445 346 494 rex
362 421 500 496 Franoie
525 423 585 498 sihi
610 427 793 520 scripserits
821 427 1042 497 sillanoorura
1063 429 1135 496 stae
1158 429 1228 495 etos
1252 427 1404 494 velustate

283 525 471 614 ohsotoerot,
496 528 615 612 peiora
637 527 701 594 sthi
721 527 839 606 fierent
859 545 958 612 qoem
977 545 1067 613 pope
1091 521 1281 607 semitecto*
1302 541 1326 590 o.
1347 525 1406 590 suls

279 623 565 708 predecessoribus
582 631 687 692 esseut
700 621 802 706 foeta.
828 621 1011 716 Nunoiique
1030 621 1070 692 ad
1088 630 1241 712 rogatum
1259 641 1344 714 pape
1356 641 1406 711 per

283 716 480 812 Delphinum
497 742 558 814 per
575 731 728 792 montaum
746 729 822 794 sunt
838 743 943 814 usque
961 719 1169 792 lausannam
1187 715 1345 812 perducti.

283 889 460 1058 EdoerFrtus
486 911 548 1008 ree
574 895 810 964 valentissimus
832 893 948 982 Aaplie
975 893 1159 960 intromitti!
1181 909 1217 958 so
1245 890 1287 958 ete
1313 905 1433 974 repuo¹

409 1009 532 1060 rosere.

332 1137 506 1212 Eduardus
525 1152 634 1212 autem
651 1163 713 1212 rex
724 1141 849 1232 Anglie
867 1141 1113 1214 valentissimus
1131 1149 1295 1210 renovato
1307 1150 1408 1208 eontra

284 1239 465 1334 predictum
482 1237 661 1332 Philippum
679 1261 796 1330 regem
807 1237 946 1310 Francie
962 1237 1037 1309 odio
1055 1242 1198 1330 antiquo„
1216 1235 1408 1330 pretendens

284 1340 402 1426 eciam„
429 1358 467 1408 se
486 1358 605 1408 verum
621 1337 761 1406 Franole
778 1339 874 1425 regni
892 1333 1063 1419 heredem,
1091 1333 1209 1406 hahitis
1228 1331 1408 1404 tractatibus
1432 1403 1433 1408 ,

284 1457 358 1506 oum
385 1431 661 1521 Flendrensihus,
690 1433 774 1505 duee
800 1431 1002 1521 molanus,
1030 1431 1200 1504 eomitihus
1229 1431 1433 1524 Hollendle.j

283 1530 408 1620 Getae„
425 1529 612 1618 tolosensi„
629 1529 788 1602 Montium
806 1541 839 1600 et
853 1531 928 1600 aliis
946 1531 1135 1601 inferiorum
1152 1532 1301 1622 parcium
1316 1550 1409 1612 mep—

283 1626 424 1718 natibus„
453 1629 590 1721 qualiter
613 1639 727 1722 posset
750 1631 856 1721 ipsum
875 1627 1039 1698 'Franomn
1062 1625 1224 1698 invadere
1248 1629 1407 1715 cogitauit.
1432 1627 1433 1718 ζ

282 1727 442 1814 Quamvis
467 1737 576 1796 autem
602 1725 701 1795 iidem
727 1728 891 1820 prinsipes
921 1725 1080 1819 aquilonis
1108 1728 1216 1819 ipsum
1241 1723 1433 1796 Franeunns

284 1827 333 1895 eis
351 1845 505 1914 gravem„
523 1843 664 1896 exosum
680 1821 852 1910 haberent,
877 1845 952 1894 oum
969 1833 1080 1892 tamen
1098 1825 1190 1916 quasi
1209 1843 1328 1892 omnes
1347 1824 1410 1890 eius
1432 1879 1433 1902 ,

285 1931 400 1994 essent
417 1921 549 2010 vasalli,
573 1923 635 1992 nisi
654 1917 694 1990 ab
713 1921 910 2014 imperatore
927 1926 1170 2008 monerentur,²
1188 1922 1286 1990 ouius
1306 1926 1410 1990 essent

285 2017 435 2090 homines
459 2017 540 2110 ligii7
564 2015 743 2090 invadendi
766 2040 843 2088 eum
867 2039 942 2088 oum
966 2015 1092 2088 honore
1116 2019 1330 2090 oooasionem
1353 2015 1433 2128 ali-p

286 2138 384 2210 quam
407 2137 474 2186 non
497 2113 669 2186 habehant.
720 2113 763 2184 Et
786 2135 866 2186 eoae
890 2137 953 2186 rex
969 2113 1095 2205 Auglle
1120 2137 1195 2186 oum
1218 2115 1409 2186 reverencie
1432 2131 1433 2212 p

287 2211 451 2284 accedens
468 2215 648 2307 principem
668 2210 782 2302 [1338
793 2211 890 2306 sept]
910 2215 943 2280 ln
961 2211 1038 2283 ville
1050 2211 1143 2284 Reus
1162 2211 1411 2306 superllenum.
1432 2213 1433 2252 l

289 2307 349 2383 sihi
372 2310 457 2382 laeto
481 2310 647 2402 homaglm
673 2331 711 2382 se
731 2311 899 2400 colligavit
917 2307 1034 2380 eidem.
1084 2311 1243 2403 Princeps
1262 2330 1346 2380 vero
1364 2311 1411 2400 ip-

289 2431 363 2481 sum
379 2431 511 2500 regem„
535 2407 618 2480 datis
634 2405 695 2480 sihi
715 2427 873 2501 supereo
896 2405 1012 2478 litteris
1035 2406 1288 2500 imperialibus?
1306 2427 1411 2497 gene-
1432 2427 1433 2508 p

287 2505 393 2576 nalem
410 2507 569 2576 vicarium
587 2507 713 2599 imperii
730 2527 791 2598 per
803 2502 1013 2576 Germanum
1031 2514 1065 2575 et
1074 2504 1291 2576 Theutonlam
1310 2503 1412 2596 depu-

287 2606 378 2674 tavit.
421 2601 559 2696 Scripsit
576 2625 705 2696 quoque
728 2605 882 2696 princeps
905 2601 1030 2674 litteras
1053 2605 1127 2693 regi
1145 2601 1299 2688 Franoie„
1324 2621 1433 2708 quemp

289 2699 468 2794 Philippum
481 2699 523 2769 de
535 2699 671 2772 Volusio
689 2701 885 2771 nominavit:
904 2703 993 2786 qood
1009 2701 1051 2768 oh
1069 2703 1293 2788 ooeupooloae
1310 2707 1413 2768 terro·

288 2817 362 2866 rum
378 2801 509 2885 imperil
526 2801 698 2886 desisteret,
716 2817 758 2866 oe
773 2799 866 2879 fideti
883 2799 1014 2884 imperit
1031 2798 1191 2868 Eduardo
1208 2801 1282 2887 reor·
1294 2799 1412 2885 Attolle.
1432 2823 1433 2874 l

285 2899 433 2984 prtootpt
448 2915 516 2983 suo,
533 2915 631 2983 super
648 2899 789 2984 querelis
805 2898 873 2964 suls
890 2897 1053 2964 tusttotam
1069 2895 1198 2978 laceret
1214 2916 1332 2966 eoram
1351 2899 1413 2981 ipso

285 2997 438 3082 principe
443 3019 454 3082 ;
481 2997 720 3081 alloquiorum
743 2997 811 3081 lpse
830 2993 996 3080 Philippus
1021 2992 1132 3081 feudo,
1158 3013 1220 3082 que
1240 3001 1364 3064 terreret
1378 2991 1433 3074 ull

290 3093 443 3182 imperto,
468 3111 533 3162 aaa
555 3093 815 3180 reoopaootsset„
838 3093 923 3160 sieut
944 3109 1005 3159 reo
1023 3092 1147 3178 Artptte,
1172 3095 1237 3178 ipsi
1261 3091 1414 3160 Eduardo

290 3193 457 3260 assisteret
474 3197 693 3278 superstaret
710 3187 867 3272 diffidere
884 3187 1077 3276 Philippum.
1120 3187 1191 3274 Quo
1218 3186 1365 3258 dillldato
1385 3195 1411 3252 et
1432 3197 1433 3264 l

290 3289 419 3358 monitis
430 3282 636 3357 interioribus
647 3283 859 3379 principibus,
877 3295 911 3356 ut
930 3288 1124 3356 assisterent
1135 3287 1285 3378 imperim
1304 3303 1413 3354 omnes

289 3381 388 3452 iidem
405 3385 569 3478 principes
588 3392 664 3454 sunt
680 3385 753 3474 regi
771 3382 896 3472 Anglie
913 3381 1083 3472 mugnus
1432 3397 1433 3468 ξ

340 3475 438 3550 Dedit
455 3491 564 3552 autem
581 3502 644 3552 rex
654 3478 778 3571 Anglie
796 3481 931 3573 prinolpl
950 3482 1114 3570 octoginta
1132 3479 1413 3552 millaaureormu.
1432 3469 1433 3546 l

291 3587 325 3647 et
342 3580 374 3648 in
392 3576 489 3672 duplo
507 3587 642 3666 tantum5
667 3587 702 3647 ut
719 3597 792 3647 eum
816 3597 857 3647 eo
880 3597 955 3647 eum
979 3597 1101 3668 magno
1125 3581 1275 3650 exercitu
1301 3589 1412 3648 teman

291 3673 429 3746 Franeie
447 3675 633 3764 aeeerleret5
657 3676 804 3768 promisit
820 3667 956 3745 eidem.6
997 3673 1070 3746 Fuit
1087 3686 1196 3746 autem
1213 3697 1278 3748 rex
1304 3693 1414 3746 recens

346 3824 375 3890 l]
395 3839 426 3880 so
445 3823 487 3892 h.7
505 3822 626 3878 hanonie
644 3822 672 3877 B.
691 3821 745 3878 und
765 3821 844 3895 Gusp.
882 3823 912 3890 2)
932 3839 964 3878 so
984 3821 1025 3890 h,
1050 3830 1191 3878 morientur
1210 3822 1249 3894 ll,
1279 3837 1412 3878 mmanu-

290 3907 332 3956 tur
351 3897 381 3951 0.
418 3896 448 3962 3)
474 3893 658 3950 Sonderharer
678 3893 762 3948 weiss
787 3893 823 3948 ist
848 3893 923 3948 uisse
946 3893 1170 3962 heslallungsurls.
1197 3895 1268 3949 noch
1296 3893 1433 3986 alsaentsp

290 3987 351 4026 zum
370 3965 512 4024 vorsohein
537 3965 706 4036 gekommen.
742 3965 774 4032 4)
802 3965 930 4020 assistere
955 3965 1012 4019 hier
1036 3971 1146 4034 ergtinzt
1171 3981 1219 4020 aus
1239 3965 1283 4034 A„
1309 3965 1369 4019 lelrlt
1391 3961 1412 4012 in

291 4041 320 4096 B.
340 4041 393 4096 und
413 4039 442 4094 G.
478 4040 509 4094 5}
529 4037 568 4092 llo
586 4053 637 4109 qua
657 4035 826 4090 dillleleclone
845 4053 912 4107 papa
933 4035 1090 4092 Benedictus
1110 4053 1140 4090 en
1161 4035 1294 4090 intellecta
1316 4035 1433 4094 multarum

291 4111 485 4166 iocundshatur
510 4109 627 4164 seleth.
647 4107 696 4161 hei.
744 4107 774 4174 6)
803 4123 834 4161 so
860 4107 887 4160 B.
914 4107 980 4161 nach
1006 4107 1133 4160 Bohmers
1159 4106 1292 4162 ahsehrilt
1317 4106 1367 4160 nno
1390 4095 1433 4174 tssl

292 4179 421 4250 Degegen
447 4179 479 4234 Α.
504 4181 557 4233 unrl
584 4179 649 4233 nacla
676 4177 773 4232 Studer
798 4178 864 4231 eaeh
886 4177 913 4232 ll.
934 4177 1005 4248 quod
1031 4177 1169 4248 promisit„
1197 4179 1328 4234 wodureh
1354 4175 1433 4244 neelp

294 4251 394 4306 melnes
413 4250 540 4318 raeluung
554 4249 601 4303 das
621 4249 647 4304 in
667 4249 747 4321 duplo
768 4253 867 4304 tantum
888 4247 992 4306 sinalos
1011 4249 1087 4304 wird.
