3036 4822
402 261 567 322 CHROMCA
586 263 784 322 PRAESUbUbi
802 261 1001 324 snnttttsttttt.
1193 264 1266 343 345

138 451 203 513 turn
214 449 249 512 et
258 450 490 512 remanserant
506 461 583 512 ossa
603 439 686 528 sota,
704 452 738 512 et
755 463 848 512 como
867 463 927 513 seu
945 441 999 536 pili
1016 439 1129 535 capitis
1147 443 1267 534 integri

137 536 349 634 apparebant
385 537 437 607 De
455 559 517 632 qua
544 539 652 632 puelia
669 543 702 610 in
721 538 838 610 eodem
863 561 1026 611 marmore
1047 539 1113 611 tale
1130 539 1268 611 hahetur

137 635 351 732 epitaphium:
382 637 504 706 Octooo
523 641 598 707 idus
618 639 758 708 octobris
788 639 865 727 [oct.
890 637 929 732 8]
948 639 1055 727 Apsos
1079 639 1153 720 filio
1179 641 1268 728 rectit

135 737 302 808 Frt'derici
316 737 524 823 inponere
540 735 627 804 obttt
653 733 735 806 ltem
752 757 797 806 ex
814 757 877 829 quo
888 734 1181 808 vehementissime
1199 735 1267 806 du·-

136 830 311 904 hitehetnr¹
331 830 374 902 de
392 835 642 904 consecratione
666 832 807 904 ecclesie
824 833 991 928 Spirensis
1009 854 1064 922 eo,
1090 832 1176 926 quod
1198 853 1267 902 ne·-

136 953 201 1025 que
217 933 251 1002 in
269 931 443 1024 sculpturis
460 928 603 1024 lapidum
620 953 728 1025 neque
746 933 914 1026 scriptoris
931 929 1179 1024 privilegiorum
1198 951 1267 1000 na-

136 1051 200 1124 que
217 1031 402 1100 testimonio
420 1025 585 1102 bominum
602 1032 773 1124 quicquam
783 1029 826 1100 de
842 1026 1002 1102 eiusmodi
1019 1027 1162 1099 ecclesia
1179 1049 1267 1098 oon-

135 1129 322 1200 secrotione
340 1137 492 1198 constare
510 1129 611 1221 potuit
627 1136 702 1221 post
718 1125 908 1218 diligentem
919 1128 1017 1196 etiam
1027 1127 1266 1218 inquisitionem

134 1225 268 1312 somam,
295 1221 370 1294 ideo
396 1227 459 1296 iste
482 1222 667 1298 fridericus
694 1224 736 1294 de
760 1224 940 1298 Benlandia
968 1223 1095 1318 prefate
1123 1223 1266 1294 ecclesie

134 1325 313 1416 episcopus
331 1343 404 1392 eam
422 1325 631 1394 consecravit
647 1343 734 1394 anno
751 1320 871 1394 domini
889 1322 1099 1394 moelxxxi.
1117 1322 1266 1414 proxima

135 1419 190 1491 die
205 1429 282 1512 post
297 1420 417 1491 festum
434 1423 610 1492 nativitatis
628 1419 733 1492 Man'e
753 1422 851 1514 [sept.
871 1419 940 1510 9].2

183 1515 297 1588 Siboto
314 1515 586 1610 deLichtenherg
601 1519 728 1592 xhviiii
746 1518 888 1590 ecclesie
906 1518 1072 1612 Spirensis
1090 1517 1265 1610 episcopus

133 1613 260 1688 resedit
275 1618 308 1686 in
327 1637 366 1686 ea
391 1618 485 1688 annis
501 1619 548 1688 xii
565 1625 598 1686 et
618 1615 709 1688 obite
727 1637 813 1688 anno
831 1613 951 1687 donini
969 1615 1184 1702 m.eoc.x.iiii.,
1207 1615 1264 1684 xii.

133 1717 199 1786 ian.
218 1712 366 1807 sepultos
383 1715 416 1782 in
433 1711 534 1784 choro
551 1735 668 1804 regum
687 1718 719 1785 in
736 1714 840 1785 latere
858 1716 999 1786 sinistro.
1033 1710 1159 1782 Eodem
1177 1733 1266 1804 quo-

134 1833 199 1906 que
228 1831 314 1880 anno
342 1813 451 1902 imago
479 1814 608 1905 cepitis⁴
632 1815 735 1884 sancti
759 1809 916 1906 Stephani
943 1831 1029 1906 pape
1054 1820 1087 1880 et
1112 1811 1265 1896 martiris„

134 1905 222 2004 quod
238 1905 335 1978 hodie
353 1911 385 1978 in
404 1930 532 1980 summo
556 1909 648 1980 altari
671 1907 871 1998 reconditum
895 1909 1041 2003 perfecta
1059 1917 1123 1996 est
1147 1916 1182 1976 ut
1198 1903 1265 1976 ha-

133 2003 230 2077 betur
247 2026 292 2076 ex
308 2003 410 2078 literis
428 2007 461 2076 in
479 2007 739 2078 circumferentia
764 2009 836 2078 eius
862 2010 1017 2078 exaratis.
1054 2003 1151 2076 ltem⁵
1168 2001 1264 2076 huius

134 2104 281 2197 episcopi
306 2099 505 2196 temporibus
533 2125 620 2176 anno
647 2103 767 2176 domini
792 2107 972 2176 m.ooc.viii.
996 2111 1189 2176 consecrate
1213 2109 1266 2172 est

134 2200 278 2272 ecelesia
301 2197 437 2270 fratrum
460 2200 704 2273 Predicatorum
727 2205 759 2272 in
787 2201 892 2295 Spira.
927 2199 1010 2272 Item
1034 2198 1152 2272 eodem
1178 2218 1265 2269 enno

134 2297 261 2370 scilicet
282 2300 463 2370 mcccviii.
482 2297 640 2372 Albertus
658 2299 881 2370 Romanorum
905 2321 967 2370 rex
990 2321 1008 2368 a
1032 2295 1179 2368 fratrueli
1203 2315 1265 2367 suo

133 2417 209 2466 cnm
227 2397 295 2466 suis
321 2395 532 2488 complicibus
556 2400 686 2470 occisus
704 2407 756 2470 est
773 2406 807 2468 et
823 2395 919 2489 Spire
943 2395 1104 2490 sepultus,
1128 2389 1183 2464 ubi
1200 2392 1265 2463 tale

131 2490 272 2564 hahetur
289 2490 502 2586 epitaphium:
520 2495 615 2564 Anno
631 2498 757 2564 domim
772 2497 947 2564 mcccoiii.
966 2495 1030 2563 tat
1048 2495 1130 2562 mcii
1145 2491 1267 2560 Albes-

132 2600 184 2661 tos
194 2591 415 2661 Romanorum
432 2611 502 2682 rec,
520 2595 686 2679 pecodem
695 2594 1055 2675 Bodolfiltomonororo
1071 2592 1159 2678 repis
1167 2590 1266 2676 filios,

132 2691 276 2777 occasus,
302 2707 391 2758 cono
410 2693 557 2776 sequenti
576 2699 693 2777 coorto
714 2691 781 2760 bol.
801 2691 989 2778 septembris
1011 2691 1104 2779 [aug.
1122 2683 1186 2774 29]
1212 2687 1267 2756 bic

131 2795 182 2858 est
195 2789 348 2874 sepoltm.
381 2783 419 2855 In
437 2789 529 2859 cuius
548 2786 713 2881 sepulchri
730 2790 898 2880 apertione
923 2789 1057 2858 inventa
1076 2793 1127 2856 est
1144 2803 1265 2854 corona

132 2905 254 2977 cuprea
278 2881 435 2954 deaurato
459 2907 533 2956 cum
556 2883 654 2979 pallio
679 2884 721 2955 de
738 2907 880 2978 pmpura
908 2894 941 2956 et
957 2905 1076 2976 oorpus
1101 2902 1163 2954 seu
1186 2901 1265 2952 ossa

130 2980 291 3052 manses
309 2983 522 3074 imperatricis
541 2989 574 3053 e't
590 2979 698 3053 tabula
721 2979 873 3075 plumbea
896 2986 944 3053 sio
961 2984 1147 3052 continens:
1171 2979 1266 3048 Anrto

131 3079 206 3150 feto
228 3081 453 3149 notescitis.
476 3083 555 3150 coti.
578 3081 643 3150 bol.
665 3081 843 3152 decembris
868 3079 981 3170 [1184
997 3100 1075 3149 nov.
1094 3076 1157 3164 15]
1186 3075 1269 3146 obiit

130 3179 273 3248 Bectrio
288 3180 493 3266 imperatris.
527 3179 599 3264 Qne
622 3175 730 3248 tabula
756 3199 830 3248 cum
855 3176 1141 3268 coronareposita
1163 3174 1265 3244 estin

131 3272 354 3368 sepulchrum.
386 3271 452 3346 Isto
475 3277 665 3370 imperatrix
680 3275 817 3346 Beatrix
841 3273 911 3344 beri
934 3273 1013 3344 iecit
1034 3291 1168 3365 capsam
1186 3290 1263 3339 rno-
1299 3291 1303 3298 ·

130 3393 233 3464 gnam
251 3374 284 3442 in
298 3393 425 3444 summo
443 3373 536 3444 altari
554 3365 782 3460 reconditom⁶q
801 3394 863 3466 que
875 3373 907 3442 in
919 3366 1148 3442 festivitatibus
1167 3387 1265 3438 sum-

129 3471 193 3540 mis
212 3478 246 3540 et
262 3471 295 3540 in
313 3469 406 3540 altori
417 3480 451 3541 et
466 3474 500 3542 in
517 3468 783 3564 processionibus
802 3471 1031 3564 superponitur
1048 3467 1143 3561 capiti
1161 3465 1263 3536 sancti

130 3565 260 3638 Stefoni
277 3587 362 3661 pape
376 3579 410 3639 et
426 3571 580 3656 martiris,
598 3569 735 3640 incuius
753 3565 883 3660 quidem
901 3589 1002 3661 capse
1020 3561 1264 3636 circumferen-

130 3667 172 3734 tia
191 3661 256 3734 hec
271 3663 432 3738 hahentur
448 3676 571 3738 metro:

254 3779 328 3853 Hoc
344 3781 447 3854 obtare
465 3805 596 3856 sacrum
614 3785 755 3874 gemmis
773 3803 919 3876 auroque
936 3780 1092 3852 decorum

256 3877 354 3950 Fecit
365 3884 532 3974 peccatrix
548 3901 614 3952 non
632 3903 669 3952 re
687 3880 748 3953 sed
765 3902 851 3953 voce
869 3879 1013 3950 Beatrix.

185 4061 214 4130 1)
233 4062 294 4118 W.:
313 4063 455 4120 dubitetur,
492 4066 523 4134 2)
542 4065 602 4134 vgt.
623 4065 680 4120 urit.
693 4080 718 4122 r.
733 4063 799 4122 1281
821 4063 876 4120 inni
894 4063 938 4119 28.
959 4059 1080 4130 Remiiog
1093 4059 1143 4116 tte.
1158 4057 1183 4116 f.
1202 4059 1263 4142 379.

129 4133 160 4200 3)
186 4135 262 4189 fico:
289 4135 354 4189 Nom
382 4152 452 4192 anno
481 4137 552 4192 dom.
579 4136 695 4191 moscii.
722 4138 833 4208 adeptos
862 4140 903 4190 est
930 4133 1113 4204 eiscopatum
1138 4137 1165 4185 et
1189 4129 1263 4186 ohnt.

128 4205 161 4262 tt
180 4221 211 4260 ea
231 4205 276 4260 itis
296 4205 363 4262 fehit
379 4205 406 4261 in
425 4207 470 4262 W.
506 4209 538 4273 5)
557 4207 610 4262 Der
629 4223 716 4276 ganne
735 4208 862 4281 folgende
882 4151 1016 4262 ehschoitt
1034 4201 1074 4258 bis
1094 4201 1191 4274 gaudia
1210 4200 1264 4258 site

129 4275 197 4333 tettt
233 4293 258 4332 er
277 4277 338 4332 Eoo.
374 4277 406 4345 6)
425 4277 486 4334 W.:
504 4276 652 4334 recondito.
