3010 4822
425 245 600 304 llElNlllCllS
620 237 872 304 REBDORFENSlS.
1140 245 1212 320 563

85 413 371 511 sensatorum,
388 417 572 494 huiusmodi
583 419 825 494 dissensionem
838 419 941 494 sedat
967 421 1088 496 Postea
1104 429 1215 492 aumru
1229 435 1296 495 1351
1497 475 1498 512 p

83 521 168 590 inter
184 539 303 612 papam
320 527 354 589 et
370 517 526 613 quosdam
546 517 730 592 cardinales
754 539 881 608 uovoap
907 539 951 590 cx
974 539 1038 590 ona
1063 528 1155 612 pur-tc
1182 527 1215 590 at
1496 515 1498 626 1

84 615 200 706 altera„
218 635 264 688 ax
283 612 425 689 diversis
443 618 552 688 causis
570 614 735 690 dissensio
753 619 908 688 exoritur.
1497 641 1498 680 ι

131 709 215 784 ltem
232 711 434 806 llyrnbertus
451 711 647 807 Delphinus,
665 711 707 786 de
722 733 789 880 ppo
817 736 915 808 supra
944 713 1005 787 sub
1035 709 1215 786 ludewico

84 819 213 904 sarano,
230 809 405 882 tlomirriom
423 833 532 899 suum‚
551 808 707 883 videlicet
755 809 965 905 alphinatum,
982 813 1133 903 resignat
1149 808 1215 883 filio

84 906 231 1002 predicto
247 909 339 998 regis
356 905 505 980 Francia.
556 905 638 980 Item
658 927 742 1002 papa
766 910 873 1001 ipsum
899 909 977 982 iecit
999 905 1216 1004 patriarchatu

84 1003 340 1095 orcomenam„
358 1017 392 1078 et
408 1009 441 1078 in
457 1003 603 1100 predicto
619 1005 706 1078 festo
722 1008 898 1080 nativitatis
910 1005 1044 1098 domini,
1105 1003 1217 1078 odluit

84 1105 116 1172 in
134 1099 307 1194 sabbatho,
324 1104 431 1198 ipsum
449 1106 612 1198 promovit
624 1101 665 1175 ad
686 1112 754 1176 tres
767 1125 881 1177 sacros
892 1103 1036 1178 ordinas.
1112 1105 1216 1196 prima

84 1203 186 1272 missa
205 1199 400 1292 gallicantus
417 1199 546 1272 onomat
562 1203 669 1294 ipsum
685 1202 719 1272 in
736 1198 993 1288 subdiaconum
1017 1203 1051 1274 in
1071 1198 1217 1272 secundo

85 1299 186 1370 missa
215 1307 305 1370 ortus
333 1297 398 1369 diei
427 1297 555 1370 ordinat
577 1301 686 1392 ipsum
714 1300 747 1370 in
774 1297 960 1390 diaconam,
987 1302 1070 1370 etin
1088 1315 1216 1370 summa

84 1397 187 1467 missa
205 1397 238 1466 in
256 1394 473 1468 sacerdotem.
526 1393 702 1466 Eteoclen
720 1395 773 1468 die
790 1398 863 1492 ipsc
879 1394 1064 1491 Delphinus
1080 1395 1217 1470 missam

84 1487 285 1584 celebravit,
316 1503 446 1588 etpost
472 1504 546 1566 octo
574 1492 646 1564 dies
672 1515 756 1588 papa
779 1497 886 1587 ipsum
910 1497 1101 1589 episcopum
1131 1513 1218 1566 con·-

84 1593 241 1662 sanavit

132 1685 263 1759 Eodem
280 1711 368 1760 anuo
385 1687 471 1761 idem
492 1711 575 1784 papa
594 1687 669 1760 iacit
685 1690 883 1760 incarcerari
900 1687 1065 1784 quandam
1081 1688 1216 1762 nunant

83 1783 127 1856 dc
144 1783 262 1856 ordine
278 1785 455 1880 hinorum„
475 1786 692 1882 sollempnem
710 1787 862 1858 clericum
880 1796 914 1858 et
935 1785 1022 1858 oona
1042 1786 1218 1876 literatum

86 1885 142 1976 qui
158 1881 258 1954 multa
290 1884 397 1957 lutura
424 1885 685 1981 prognosticavit
706 1883 750 1956 dc
771 1883 938 1957 ortlinibus
963 1882 1219 1957 Maudioantiunr

83 1991 119 2051 et
135 1979 253 2054 futuris
270 1981 428 2058 Romanis
446 1979 649 2080 pontificibus
667 2005 709 2054 ac
725 1980 994 2077 imperatoribus,
1010 2005 1076 2055 nec
1091 2001 1159 2055 non
1175 1981 1218 2053 (la

83 2077 159 2152 aliis
176 2079 285 2154 multia
301 2081 467 2155 muandis.

133 2175 265 2250 Eodem
288 2199 375 2252 anno
401 2177 443 2250 dc
467 2175 618 2252 mandato
641 2175 790 2252 eiusdem
815 2178 935 2252 donini
959 2199 1044 2273 pape
1067 2177 1219 2252 dominus

82 2273 303 2350 Barahtoltlus
321 2279 496 2372 episcopus
514 2275 657 2350 ecclesie
674 2271 870 2349 Eistcteusis
888 2279 921 2346 in
934 2277 1133 2349 ascensione
1151 2275 1218 2346 do-

82 2375 162 2444 mini
175 2370 217 2442 ad
229 2383 366 2467 qrrntuor
376 2377 520 2447 minores
538 2371 670 2446 ordines
689 2383 928 2467 estpromotus.
954 2371 991 2444 Iu
1008 2374 1122 2465 vigilia
1132 2394 1218 2468 pto·

82 2475 175 2542 xima
195 2479 407 2565 pentecostes
424 2476 457 2543 in
475 2470 721 2562 subdiaconum
740 2479 773 2541 at
789 2473 822 2541 in
833 2468 968 2543 sabbato
978 2477 1218 2564 quattrortem-

126 2588 203 2639 rom
227 2571 377 2664 sepienti
403 2579 455 2642 ast
476 2572 509 2640 in
532 2567 763 2664 presbyterum
785 2567 970 2658 ortlinutusq
998 2576 1032 2640 ct
1053 2576 1128 2662 post
1143 2575 1218 2638 octo

104 2685 421 2836 ωιῖιιῃιιιοθιινιῗοᾝ
435 2675 849 2858 ppppopppprppppardum
865 2785 984 2857 regem
994 2763 1133 2856 Anglia,
1151 2760 1218 2834 ud·
1234 2745 1305 2806 ¹³⁵²

81 2859 274 2933 versarium
286 2864 378 2954 regis
396 2859 547 2952 Francia,
565 2864 640 2933 citat
657 2883 768 2933 coram
786 2883 825 2934 sa
843 2860 884 2932 ad
902 2865 1025 2934 curium
1051 2865 1085 2933 in
1102 2864 1218 2934 consi·

80 2961 188 3030 storiu
211 2957 359 3052 publico„
383 2970 417 3031 ot
438 2969 554 3055 postca
578 2957 666 3030 idern
690 2981 772 3054 papa
797 2958 942 3034 decessit
968 2961 1002 3032 in
1028 2957 1115 3033 festo
1131 2956 1219 3030 beati

80 3053 213 3128 Nicolai
232 3055 320 3146 [dec.
339 3055 378 3148 6]
398 3067 559 3152 utsupra.
1224 3105 1232 3118 ·

130 3153 344 3228 Innocentius
362 3177 447 3250 popu
465 3163 580 3228 sextus
607 3155 697 3250 prius
721 3164 858 3226 vocatus
883 3153 1070 3249 Stephanus
1095 3154 1219 3227 Clare-

81 3254 270 3324 montensis
288 3251 460 3327 cardinalis
478 3263 512 3324 et
529 3254 704 3347 opiscopus
716 3249 914 3343 Hostlensis7
933 3275 972 3326 ac
983 3273 1130 3326 summus
1149 3275 1216 3346 pe-

79 3351 303 3439 nitentiarius
320 3371 406 3422 anno
424 3349 543 3423 domini
561 3347 728 3421 mccclii.
747 3357 861 3444 quarto
879 3348 1006 3422 decimo
1032 3348 1096 3421 kal.
1116 3351 1217 3421 ianu-

80 3449 156 3518 arii¹
187 3449 221 3518 in
243 3467 360 3543 papam
389 3447 537 3540 clipitum
566 3457 600 3519 et
624 3445 709 3519 sedit
731 3449 825 3518 annis
850 3445 966 3519 decem
989 3450 1096 3520 nunus
1114 3445 1216 3520 tribus

80 3541 257 3618 mensibus
275 3555 307 3616 at
324 3542 496 3617 duodecim
512 3541 641 3634 diebus,
658 3539 735 3616 obiit
752 3543 899 3618 secundo
915 3543 989 3618 idus
1007 3543 1214 3640 septembris.

80 3639 145 3714 llic
168 3639 297 3733 rigidus
325 3652 358 3713 et
386 3645 490 3716 iustus
514 3645 685 3715 simoniam
709 3649 742 3711 et
767 3643 960 3735 practicam,
988 3664 1051 3735 qua
1068 3651 1217 3736 tempora

79 3741 311 3813 antecessoris
328 3741 378 3814 sui
396 3737 483 3834 upud
500 3739 616 3814 sedeur
639 3738 850 3834 apostolicam
874 3738 1029 3829 invaluit„
1055 3738 1217 3833 expolita

79 3839 254 3933 principio.
286 3835 359 3908 Una
377 3839 451 3910 vice
472 3838 701 3910 cancellariam
713 3839 827 3924 tenuit
846 3858 919 3908 oum
931 3846 1123 3910 antecessor
1136 3855 1218 3908 sous

79 3936 213 4032 aliquas
249 3937 372 4027 gratim
400 3945 511 4029 preter
540 3935 772 4008 conscientiam
807 3934 1068 4008 vicecancellarii
1102 3930 1218 4004 bullari

79 4036 231 4122 lassant,
249 4030 335 4128 quod
352 4030 576 4130 appellabatur
592 4053 652 4126 par
680 4053 887 4105 concessum.
937 4030 999 4103 Hic
1021 4049 1104 4126 papa
1131 4029 1219 4100 lronc

80 4130 219 4204 modurn
238 4127 278 4201 ab
298 4139 395 4202 antea
413 4130 591 4204 inauditum
608 4129 741 4202 delevit.
774 4127 898 4204 Onmes
915 4131 1039 4223 gratim
1058 4139 1218 4202 antecas-

139 4251 171 4326 Ι)
191 4251 258 4310 uaclr
276 4251 393 4326 Rapnald
413 4253 485 4312 nicht
503 4271 544 4310 am
564 4252 606 4311 19.
626 4252 743 4311 sondern
762 4269 803 4310 am
824 4253 867 4310 to.
887 4253 944 4310 dac.

948 4365 1006 4428 36*
