3036 4822
261 259 335 336 304
558 257 664 316 unsri
685 255 869 315 ammonui
887 255 938 314 mu
956 252 1094 314 tasum.

262 458 324 531 per
341 434 458 508 ducem
475 443 565 510 certa
581 455 710 511 summa
728 444 762 508 et
779 453 953 524 concesso„
974 443 1009 506 ot
1025 428 1260 524 ermuenberg
1274 431 1391 506 reedi-

261 531 388 624 ficaret,
405 535 547 606 totaliter
562 533 763 608 reformavit.

311 631 381 704 Hiis
394 643 503 704 autem
519 631 720 726 temporibus
734 636 869 705 mortuis
887 633 1084 706 successive
1101 627 1283 724 magnificis
1295 633 1392 724 prin-

262 727 386 824 cipibus
416 731 570 802 Heinrioo
598 739 630 800 et
656 739 772 826 postea
799 729 945 824 Lttpoldo
973 732 1200 802 strenuissimo
1230 733 1263 800 'et
1289 732 1391 801 tercio

263 830 476 900 serenissimo
494 827 673 918 Frideriom
697 831 750 922 qui
767 849 827 924 pro
844 849 929 920 rege
947 846 985 901 se
1003 831 1120 920 gessit
1138 827 1275 898 Austrie
1293 825 1392 898 duci-

261 923 336 1016 bus,
360 948 400 997 ao
416 925 548 996 domino
563 925 743 998 Ludewico
760 925 803 996 de
825 923 920 1015 urbe‚
944 924 998 997 ubi
1016 949 1034 996 a
1052 924 1173 1021 populo
1189 924 1343 995 Romano
1359 927 1392 996 in

261 1021 981 1288 tttt⁰qtttnttttttrfflbi¹itt
991 1043 1160 1192 ibiibi?
1169 1031 1392 1216 ibiibi

261 1229 394 1291 econtra
428 1223 584 1290 creticum
597 1222 751 1308 asseruit,
764 1223 799 1290 in
809 1219 1040 1291 Alamanniam
1050 1239 1207 1289 reverso:
1226 1215 1391 1290 lohannes

260 1338 345 1411 papa
368 1337 427 1412 pro
451 1315 659 1411 impediendo
684 1315 802 1389 eodem
819 1316 998 1388 Lndewioo
1022 1315 1108 1411 apud
1133 1314 1236 1387 duces
1254 1316 1392 1388 Austris

261 1424 295 1485 et
311 1435 371 1507 per
394 1435 433 1485 se
458 1425 588 1488 creatos
612 1418 786 1510 episcopos
805 1415 977 1487 ferventer
1000 1417 1130 1486 instetit.
1165 1411 1208 1484 Et
1225 1435 1306 1485 cccc
1325 1413 1392 1486 dux

262 1509 336 1582 Otto
353 1509 395 1582 de
411 1512 548 1584 Austris
565 1535 639 1583 cum
657 1513 779 1584 auxilio
796 1511 930 1607 predicti
947 1511 1114 1584 Bertboidi
1132 1511 1391 1602 Argentinensis

261 1621 294 1680 ct
309 1606 440 1680 Rudolfi
459 1608 727 1683 Constanciensis
746 1615 975 1706 episcoporum
992 1609 1053 1682 sibi
1070 1612 1232 1680 unitorum
1250 1607 1393 1681 Colum-

259 1704 384 1778 bariam
401 1705 456 1778 diu
472 1715 624 1803 potenter
640 1706 768 1781 obsedit
788 1707 902 1801 [1330
918 1709 972 1779 iul.
992 1709 1102 1800 aung
1125 1706 1242 1778 codem
1259 1706 1392 1780 domino

260 1804 440 1877 Ludewico
457 1827 530 1876 oum
542 1827 625 1897 rege
636 1805 807 1895 Bohemie„
826 1809 943 1878 comite
955 1805 997 1876 do
1008 1804 1227 1898 Wirtenberg
1238 1807 1391 1878 etmultis

259 1901 443 1996 potentibus
462 1925 481 1973 e
499 1907 661 1976 contrario
678 1903 869 1999 Hagenoye
885 1905 1050 1976 veniente.
1087 1903 1256 1975 Prodictus
1283 1915 1391 1975 autem

258 1997 455 2072 Bertboldus
473 2004 648 2096 opiscopus
667 2000 793 2074 habens
811 2005 896 2073 cirea
916 1999 1081 2072 Mutuicbe
1098 2001 1215 2074 multos
1235 2011 1391 2088 armatos

260 2097 347 2192 apud
373 2097 492 2170 ducem
514 2110 550 2170 ut
575 2109 687 2171 contra
716 2099 882 2171 dominum
905 2098 1119 2170 Ludewioum
1147 2097 1392 2172 descenderent

259 2198 467 2268 incessanter
489 2200 620 2268 instetit
655 2196 857 2289 Egredionte
882 2207 991 2270 autem
1015 2196 1099 2268 dioto
1123 2195 1303 2268 Berthoido
1327 2219 1391 2269 uno

261 2294 387 2364 diemm
402 2291 446 2364 de
462 2294 559 2389 opido
583 2316 643 2367 suo
660 2295 814 2367 Beneieit
830 2317 952 2368 versus
970 2293 1192 2384 bioiiesbeimp
1218 2317 1332 2368 comes
1351 2294 1391 2366 de
1502 2297 1503 2321 t

260 2389 478 2484 Wirtenberg
494 2391 650 2482 credens„
674 2395 863 2488 episcopum
881 2413 1003 2466 versus
1021 2391 1241 2484 Argentinam
1258 2395 1390 2484 iturum,

261 2511 335 2560 cum
352 2487 501 2561 ducentis
525 2491 658 2562 armatis
676 2513 797 2562 versus
813 2491 968 2562 Boneielt
990 2489 1030 2560 ad
1054 2487 1274 2561 insidiandum
1295 2495 1391 2586 epis-

260 2607 343 2680 copo
360 2597 415 2658 est
429 2587 605 2682 proiectus.
633 2585 784 2682 Cumque
802 2598 940 2682 quatuor
956 2586 1187 2682 precedentem
1206 2594 1390 2684 appropin-

261 2693 399 2777 quantes
416 2683 685 2780 mrtessenefeu,
703 2683 745 2756 ibi
762 2688 928 2756 neminem
944 2685 1109 2757 vidissent
1127 2727 1171 2740 -
1191 2695 1287 2756 erant
1303 2690 1389 2758 enim

259 2803 377 2854 omnes
401 2783 508 2853 incole
525 2800 585 2876 pro
608 2781 759 2854 habendo
783 2785 918 2856 oonsilio
938 2782 999 2855 sub
1026 2781 1112 2854 lobio
1130 2787 1327 2874 congregati
1347 2827 1386 2836 -

259 2901 361 2950 unum
379 2881 547 2970 miserant,
573 2883 627 2974 qm'
643 2883 758 2972 viginti
777 2901 837 2954 eos
863 2889 1040 2974 sequentes
1058 2880 1216 2954 festinare
1233 2885 1389 2976 precepit.
1501 2877 1502 2884 '

259 2975 322 3062 Qui
333 2997 398 3049 uno
409 2979 587 3072 missopre
607 2977 818 3072 sequentibus
836 2989 962 3073 portam
980 2979 1133 3050 celeriter
1146 2981 1390 3070 suntingressi,

260 3083 425 3148 certantes
450 3097 523 3146 curn
540 3077 669 3166 incolis,
695 3097 864 3172 quousque
889 3085 923 3146 ct
946 3079 1048 3147 ceteri
1066 3085 1239 3147 venerunt.
1276 3075 1319 3148 Et
1344 3079 1392 3150 sic

260 3191 374 3244 comes
397 3169 530 3244 obtento
546 3173 645 3267 opido
668 3175 776 3246 mmbs
802 3176 992 3268 septimanis
1017 3177 1130 3244 eiectis
1149 3174 1264 3244 incolis
1282 3178 1391 3245 omnia

260 3267 321 3340 sibi
338 3266 466 3341 mobilia
484 3274 664 3365 usuupavb.
693 3271 858 3342 Orodente
870 3281 979 3342 autem
990 3292 1074 3365 papa
1086 3281 1119 3342 et
1130 3272 1293 3365 episcopis
1305 3271 1392 3366 quod

260 3363 329 3436 dux
344 3366 449 3438 vellet
465 3367 596 3439 domino
613 3365 793 3441 bodowioo
810 3389 903 3439 more
924 3368 1060 3439 fratrum
1077 3369 1215 3440 viriliter
1230 3371 1392 3442 resistere
1500 3437 1501 3446 ,

261 3465 390 3534 -iam
414 3467 500 3535 enim
523 3485 608 3560 papa
628 3469 758 3539 nunciis
774 3464 866 3538 ducis
883 3465 1112 3559 responderat,
1137 3463 1272 3560 quodei
1290 3471 1392 3561 quin·
1500 3470 1501 3505 ¹

259 3563 415 3654 quaginta
432 3563 520 3633 milia
537 3563 736 3635 florenorum
754 3562 833 3633 dare
852 3563 955 3635 vellet
972 3573 1005 3634 et
1022 3562 1063 3634 ad
1081 3583 1175 3634 suam
1186 3563 1392 3635 vobmtatcm

260 3658 412 3730 conterre
430 3663 642 3755 episcopatus
657 3662 855 3732 Alamannie
873 3669 1050 3732 vacaturos
1070 3698 1114 3712 ω
1134 3679 1215 3731 ecoe
1239 3659 1309 3732 dux
1329 3683 1392 3732 re-

259 3755 418 3830 iormatus
435 3767 579 3830 osteum
596 3757 727 3832 domino
738 3757 918 3830 Ludewioo
938 3755 1140 3850 [1330mg.
1151 3757 1207 3846 61,
1226 3757 1287 3829 sibi
1298 3757 1392 3854 Bry-

259 3875 352 3944 saco„
369 3853 837 3949 Nuwenbnrgetquibusdam
851 3855 922 3928 diis
936 3853 1201 3942 municionibus„
1218 3859 1294 3948 regi
1308 3861 1391 3928 ebro

258 3949 417 4022 Bohemie
434 3951 671 4046 Keysersberg
688 3964 721 4024 et
738 3954 846 4024 multis
865 3953 936 4024 aliis
958 3952 1196 4024 municionibus
1214 3975 1274 4047 pro
1291 3957 1389 4024 certis
1499 4035 1500 4044 χ

258 4053 398 4143 pecunie
431 4049 659 4143 quantitatibus
688 4053 884 4143 assignatis,
919 4054 1074 4146 episcopo
1102 4050 1256 4121 Beneieit
1283 4071 1390 4124 vacuo
1499 4051 1500 4068 ¹

259 4149 406 4217 restituto
424 4158 458 4218 et
474 4169 533 4240 pro
551 4146 700 4242 dampnis
725 4158 864 4242 quatuor
880 4147 1008 4221 milibus
1031 4149 1149 4220 marcis
1167 4151 1390 4244 promissisut

314 4265 343 4337 1)
362 4267 534 4324 Rbeinieiden
554 4269 607 4326 und
628 4269 830 4330 Sobaiihausen.
