2882 4818
266 295 337 369 136
657 291 1012 350 uueouaauruuean.

268 495 287 543 a
316 471 410 544 simili
438 470 579 541 Karalus
607 469 733 540 electus
761 479 872 540 oonua
900 467 1092 540 ludwicum
1120 489 1161 538 eo
1189 469 1329 538 vivente
1354 491 1406 538 en·

264 569 468 641 ordinatione
484 566 595 638 divina
614 571 654 639 sit
671 577 870 658 regnaturus
888 569 920 638 in
938 566 1070 659 popule
1094 565 1245 638 Romano
1263 568 1390 660 imperia

226 704 233 712 ·
266 666 325 741 sibi
344 664 499 738 subiecto.

314 769 402 836 Hine
424 765 537 834 Achab
560 772 592 832 et
612 765 751 833 desolat.
785 761 961 834 lntroducit
987 786 1070 857 papa
1096 761 1253 834 Clemens
1277 764 1311 832 ia
1340 783 1391 832 suu

265 886 420 938 sermone
439 872 532 932 etex
551 862 764 954 consequenti
782 869 876 930 autor
887 915 977 932 .....
998 881 1094 932 unam
1112 862 1211 932 aliam
1228 859 1389 934 historiam

265 962 408 1054 deroga
426 957 599 1052 reprobato
617 959 730 1029 etalio
748 957 930 1029 strbstituto.
955 959 998 1030 Et
1014 958 1234 1052 hechystoria
1243 961 1391 1048 origina-

264 1061 338 1132 liter
354 1065 570 1153 pertractatur
592 1059 624 1126 in
648 1053 738 1128 libris
762 1077 881 1146 regum
906 1061 1006 1128 tercio
1030 1067 1064 1126 et
1080 1067 1204 1150 quarto.
1240 1055 1392 1128 Scihitur

265 1179 340 1229 nem
366 1167 465 1226 eetc.

315 1181 527 1341 decrepitus.
559 1249 735 1342 Subiungit
751 1262 843 1322 autor
861 1251 946 1346 quod
964 1251 1026 1324 illis
1044 1250 1242 1346 principibus
1262 1257 1317 1346 qui
1334 1273 1391 1323 nou

265 1354 438 1442 elegerunt
449 1349 605 1420 Karolum
615 1349 777 1442 displicuit
787 1352 889 1442 ipsius
901 1351 1018 1421 electio
1028 1353 1060 1422 in
1071 1371 1200 1441 regem.
1225 1349 1389 1420 Hiiautem

265 1451 429 1542 principes
457 1447 589 1518 luerunt
615 1446 881 1540 archiepiscopus
912 1445 1197 1537 Moguntinensim
1231 1449 1391 1518 Palatinus

265 1547 363 1634 Reni„
382 1544 525 1616 marchio
542 1543 837 1636 deBrendenhurg
854 1555 887 1613 ct
904 1567 988 1616 unus
1007 1546 1124 1618 ducum
1136 1545 1296 1618 Saxonis.
1324 1543 1391 1614 Duc
1430 1617 1431 1628 p

265 1647 352 1714 enim
370 1644 501 1714 fuerunt
517 1652 594 1712 tunc
611 1642 713 1713 duces
724 1643 884 1729 Saxonis,
902 1663 1038 1736 quorum
1050 1653 1188 1734 uterque
1199 1645 1345 1714 asseruit
1361 1665 1391 1712 sc

264 1742 336 1813 lore
353 1742 532 1812 electorem
550 1742 652 1828 regis.
679 1738 746 1808 Sed
765 1743 837 1832 quia
856 1737 1120 1833 archiepiscopus
1132 1739 1391 1832 Magunu'nens'n

265 1849 299 1909 et
315 1834 801 1927 marchioBrandenhurgeusis
819 1845 897 1906 tuno
913 1837 1044 1908 iuuerunt
1062 1841 1338 1910 excommunicati
1355 1859 1391 1906 ex

266 1959 307 2007 eo
325 1935 409 2028 quod
435 1931 636 2006 adherebant
652 1933 810 2005 ludwico
833 1931 876 2001 de
891 1933 1050 2025 Baharia,
1074 1934 1195 2006 idcirco
1224 1957 1267 2005 eo
1290 1939 1391 2004 minus

265 2031 438 2104 cruebatur
460 2035 605 2125 ipsorum
629 2032 756 2102 electio.
793 2031 950 2102 Annectit
973 2035 1070 2104 etiam
1095 2043 1206 2120 atuor,
1231 2031 1320 2125 quod
1337 2033 1391 2125 ipsi
1431 2075 1432 2090 a

265 2131 422 2203 ludwico
440 2129 516 2200 dum
533 2132 667 2200 viveret
685 2126 856 2198 videbatur
872 2132 1003 2202 vanitas
1020 2131 1145 2201 eleccio
1155 2129 1269 2201 Karoli
1285 2132 1320 2200 in
1338 2151 1391 2200 re-

265 2251 342 2318 gem
360 2230 555 2302 Romanum.
581 2225 650 2296 Sed
668 2229 794 2318 sprevit
811 2228 916 2318 ipsum
935 2227 1091 2299 Karalum
1109 2249 1150 2298 eo
1176 2281 1267 2300 .....
1316 2231 1389 2298 sicut

264 2325 344 2398 Satri
362 2328 489 2420 sprevit
508 2326 584 2397 olim
602 2322 710 2394 David
734 2334 846 2395 oonua
870 2325 977 2416 ipsum
1001 2325 1152 2396 electum.
1183 2323 1263 2418 lpse
1285 2335 1389 2396 autem

263 2423 405 2498 Karalus
421 2423 503 2493 duna
521 2421 606 2493 helle
623 2419 778 2492 movebat
794 2423 855 2514 ipsi
869 2418 1026 2494 ludwico
1044 2423 1121 2494 dum
1139 2421 1246 2494 adhuc
1264 2425 1389 2494 viveret

264 2533 297 2594 et
312 2527 448 2616 iusuper
472 2519 545 2592 filiis
573 2521 674 2612 ipsius
699 2517 854 2590 ludwici.
905 2521 966 2606 Qui
985 2519 1125 2592 Karalus
1149 2521 1227 2590 dum
1251 2523 1390 2614 percepit

214 2709 218 2716 .
264 2632 400 2690 mortem
411 2617 571 2706 ludwici
589 2620 751 2710 processit
769 2627 919 2709 potenter
935 2620 1028 2710 quusi
1046 2617 1202 2711 deinceps
1221 2616 1391 2688 nocheli-

263 2717 618 2800 urrusresistencian13
643 2711 703 2784 sed
728 2713 781 2784 lrlii
801 2711 946 2785 ludwici
965 2717 1024 2809 ipsi
1043 2715 1164 2786 Karolo
1180 2716 1323 2788 viriliter
1338 2737 1391 2786 re-

265 2817 430 2886 sisterunt.

315 2914 382 2982 Sed
399 2915 523 2980 domini
541 2915 635 2980 carii.
672 2908 754 2980 Cum
773 2911 930 2983 Clemens
949 2935 1032 3006 papa
1051 2922 1167 2984 sextus
1184 2912 1249 2984 hoc
1267 2918 1391 2984 nominc

263 3010 381 3082 fuisset
397 3009 533 3078 multum
551 3010 723 3098 graciosus
735 3008 866 3080 domino
878 3007 1012 3099 Karoia,
1030 3009 1119 3080 dedit
1135 3012 1196 3103 ipsi
1210 3015 1391 3102 graciosis-

264 3110 365 3180 simas
382 3108 519 3192 litteras„
536 3107 570 3175 in
587 3103 702 3198 (pathus
720 3103 863 3176 absolvit
880 3127 997 3179 omnes
1015 3107 1167 3178 volentes
1186 3107 1391 3180 haherelt'a-

263 3205 368 3276 rolum
385 3225 445 3296 pro
462 3225 558 3292 repe„
576 3206 628 3295 qui
646 3204 735 3294 prius
754 3213 848 3274 erant
859 3207 1129 3276 excommunicati
1142 3208 1392 3301 vigintiquatuor

264 3305 378 3389 annisq
406 3323 450 3370 ex
468 3323 510 3369 eo
528 3298 612 3392 quod
631 3299 814 3392 sepefatum
832 3300 1024 3372 ludwicum
1042 3300 1206 3374 habehant
1223 3327 1284 3397 ppo
1301 3325 1390 3396 rege.

264 3403 362 3469 immo
380 3408 413 3468 et
426 3421 484 3490 pro
494 3401 690 3490 imperatore
707 3396 867 3468 Romarm.
893 3397 935 3470 Et
951 3397 993 3469 ob
1009 3399 1243 3490 hanegratiam
1254 3401 1392 3472 mmdc-

264 3498 340 3565 mini
359 3517 454 3589 (param
473 3497 575 3565 eciam
594 3497 743 3565 civitates
762 3495 897 3567 diverse
914 3496 1055 3568 eundern
1074 3495 1231 3570 llarolum
1243 3521 1302 3592 pro
1313 3521 1391 3589 rege

264 3603 461 3686 receperunt
478 3593 641 3678 Romano„
665 3613 702 3662 se
720 3590 781 3662 sihi
799 3603 962 3688 tamquam
981 3616 1063 3664 vcro
1081 3597 1154 3686 regi
1171 3595 1390 3667 Romanorum

264 3694 447 3761 iuramento
475 3692 707 3780 astringentes.
743 3687 851 3761 litere
879 3715 953 3762 cum
978 3689 1190 3764 absolutionis
1215 3693 1391 3765 secundum

265 3787 423 3880 quosdam
442 3786 603 3880 quoddam
621 3807 790 3858 venenum
808 3789 982 3860 includunt.
1010 3788 1179 3860 Subinlert
1194 3793 1292 3862 etiam
1303 3801 1392 3862 autor

263 3888 296 3955 in
314 3885 431 3972 littera„
450 3907 513 3979 qua
531 3905 614 3977 papa
634 3883 789 3958 Clemens
813 3909 873 3980 per
890 3889 1236 3960 excommunicationis
1255 3899 1391 3960 senten-

265 3985 326 4052 tias
350 3993 383 4053 et
406 3985 666 4074 aggravationcs
690 3993 801 4054 contra
827 3987 928 4077 ipsius
953 3985 1114 4079 quondam
1140 3983 1286 4059 ludwici
1310 3987 1391 4056 lilios

265 4083 438 4178 processit,
457 4089 491 4150 ut
507 4078 589 4150 inlra
606 4079 734 4172 plenius
753 4081 882 4173 patebit.

313 4178 451 4265 Siripalla
471 4181 667 4265 prescripto.
693 4175 809 4250 Omnia
820 4203 884 4274 que
895 4181 971 4252 lecit
983 4179 1139 4254 Clemens
1150 4203 1235 4277 papa
1248 4203 1306 4277 pro
1317 4179 1390 4250 Ka-

264 4271 335 4352 rolo
352 4283 463 4344 contm
474 4272 666 4346 ludwicum
677 4285 710 4344 et
723 4273 806 4350 idios
825 4300 904 4352 suos
921 4277 1118 4351 videbantur
1131 4277 1192 4354 sihi
1211 4277 1389 4354 lorehonu.
