2900 4820
332 269 497 334 mrnnns
515 269 855 334 mmwnmuncnasrs.
1083 267 1156 350 243

58 459 114 520 rant
135 449 444 549 archiepiscopatum
470 475 537 526 non
564 451 763 526 defendente
791 471 867 523 eum
894 451 1057 547 principe,
1086 449 1157 522 aliis
1173 463 1244 520 tstt

57 559 198 642 occupato.
241 551 486 626 llerfordenses
505 574 633 648 quoque
650 549 763 624 verbis
781 549 982 624 adbeserunt
1006 547 1157 621 Gerlaco.

56 643 178 720 llarcbio
201 671 331 744 quoque
347 648 567 724 Missenensis
591 648 723 744 opidum
745 647 910 740 Saltuacb
934 650 1006 742 ipse
1030 669 1159 744 quoque

57 751 80 812 et
93 767 192 816 comes
210 746 254 818 de
268 747 496 840 Hennenberg
514 759 656 822 casuum
667 743 834 840 nuterg,
850 746 1058 838 lantgravius
1076 765 1160 818 vero

56 839 153 914 Hassie
175 844 308 939 opidum
331 843 542 938 Nitwenstat
566 847 769 918 municiones
787 843 982 938 bloguntine
1006 841 1161 931 ecclesie,

55 961 100 1030 pro
114 963 148 1010 se
164 940 308 1015 habendi
325 945 433 1016 animo
450 953 659 1040 occuparunt.
702 941 841 1015 Predioti
859 943 946 1014 enim
966 939 1110 1012 marchio
1129 949 1163 1010 et

55 1057 158 1128 mnes,
175 1039 310 1136 quilibet
327 1041 451 1114 scilieet
468 1065 597 1132 eorum,
613 1041 715 1114 lilium
733 1039 883 1113 etlilium
900 1039 1034 1112 alterius
1052 1035 1118 1110 lilio
1129 1046 1162 1108 et

55 1131 104 1204 ilia
118 1139 392 1211 matrimonialiter
409 1140 610 1234 copularunt.
651 1138 840 1234 Requisitus
858 1147 968 1210 autem
985 1135 1027 1208 de
1044 1156 1162 1208 mense

54 1234 209 1324 septembri
229 1235 400 1308 Conradus
418 1236 461 1308 de
478 1237 617 1332 llprlrel,
644 1237 832 1332 prepositus
849 1233 1030 1332 Spirensis.
1054 1255 1162 1306 cano·

54 1332 126 1402 nicus
143 1331 422 1426 lloguntinensis‚
445 1358 465 1405 a
488 1337 634 1430 principe
658 1344 692 1405 et
713 1332 869 1406 Heinrioo
892 1331 1099 1424 Mogontiac.
1123 1353 1162 1405 se

53 1426 126 1500 solus
136 1429 333 1504 nolentibus¹
348 1431 435 1506 aliis²
447 1431 488 1502 de
506 1433 803 1506 amministracione
813 1429 1008 1524 Moguntine
1020 1429 1163 1503 ecclesie

53 1527 220 1618 intromisit3
239 1533 291 1600 cui
308 1527 526 1604 obediverunt
542 1531 746 1604 municiones
765 1539 799 1602 et
815 1539 946 1622 gentes.
982 1527 1045 1602 llic
1055 1531 1163 1603 statim

52 1643 148 1698 omnes
174 1625 324 1700 redditus
351 1630 558 1724 prepositure
583 1625 778 1720 Moguntine
807 1625 937 1701 abstulit
959 1623 1096 1699 Iohanni
1120 1623 1162 1696 da

52 1717 214 1818 Columpna
234 1723 402 1817 cardinali,
471 1729 572 1798 'eam
589 1727 708 1816 tenuit3
731 1723 877 1798 redditus
895 1747 1024 1822 quoque
1045 1723 1162 1819 prela-

51 1825 139 1892 torum
155 1821 313 1895 lleinrico
330 1845 397 1894 non
413 1749 640 1896 obbdiencium
657 1846 738 1896 ocou
763 1826 839 1896 avit.
874 1821 937 1895 llio
952 1833 1088 1915 treugas
1106 1825 1163 1892 in-

52 1925 91 1986 ter
104 1923 282 2014 principem
299 1933 333 1994 et
349 1943 442 2013 suos.
459 1923 646 2017 specialiter
656 1921 698 1992 de
755 1920 931 2013 esterbu'rg
941 1931 975 1993 et
985 1918 1164 2010 Ysenburg

51 2023 75 2082 et
89 2018 166 2090 inter
181 2019 415 2092 Treverenses
433 2043 538 2115 usque
562 2017 604 2091 ad
626 2019 747 2092 lestum
763 2018 917 2092 Iohannis
944 2016 1084 2114 baptiste
1101 2039 1164 2089 or-

51 2108 157 2188 dinavit
175 2120 277 2212 [sept
292 2117 370 2208 121,
386 2119 495 2190 omnia
513 2139 638 2210 gerens
656 2128 814 2190 strennue
832 2128 865 2188 et
881 2115 1069 2212 prudenter.

52 2265 98 2333 lie·
111 2272 258 2452 inpressu
278 2271 398 2342 Karoia·
423 2273 511 2360 repit
537 2270 672 2342 Botemt
697 2273 802 2359 proto
830 2273 866 2340 tn
893 2271 1082 2340 Bawartont
1107 2271 1164 2340 ia·

147 2387 298 2440 onmem.

87 2491 209 2566 Eodem
236 2517 323 2566 anno
343 2493 447 2567 xlvii.
471 2497 504 2566 in
527 2495 684 2590 principio
709 2497 834 2568 mensis
858 2493 924 2566 iulii
948 2515 1034 2586 gens
1052 2489 1165 2564 llaroli

50 2585 146 2664 benni
163 2591 358 2686 ingrediens
375 2593 563 2664 Bawariam
580 2593 769 2664 inferiorern
788 2614 863 2665 cum
884 2589 1010 2664 duobus
1034 2588 1163 2663 milibus

50 2689 242 2776 galeatorum
260 2691 378 2764 multas
395 2688 514 2762 ibidem
531 2691 628 2763 villas
647 2688 837 2781 combussit,
862 2690 970 2764 multis
994 2687 1164 2760 barbarica

48 2783 158 2859 ienitate
175 2791 298 2861 occisis
323 2797 356 2859 et
379 2785 525 2883 pluribus
549 2791 738 2883 captivatis3
766 2800 878 2861 contra
903 2809 984 2882 quos
1010 2789 1163 2883 princeps

47 2903 95 2974 pro
111 2885 258 2959 custodia
275 2896 364 2958 terre
383 2886 501 2960 multos
519 2883 696 2960 destinavit
712 2898 865 2960 armatos.

47 3033 86 3103 tta
104 3039 274 3110 obediere
293 3041 395 3109 carni
414 3039 629 3128 Fttrrteooerp
656 3041 802 3128 apocopa·
823 3040 988 3110 Corterate
1010 3055 1074 3126 per
1091 3036 1163 3108 Lu-

128 3139 289 3208 douicum
309 3139 563 3227 marppruotarm.
1062 3175 1066 3182 ·

85 3265 207 3342 Eodem
226 3279 337 3341 autern
354 3291 470 3343 mense
488 3291 562 3342 cnm
573 3266 772 3342 ludowicus
790 3265 946 3360 marchio,
964 3267 1049 3342 lilius
1067 3269 1163 3363 prin-

46 3365 129 3458 cipis„
159 3377 307 3441 casuum
334 3365 561 3459 Fttrstenberg
588 3367 757 3440 Curiensis
792 3371 937 3462 episcopi
964 3363 1163 3458 obseusset,

46 3467 206 3628 episcopus
231 3467 305 3561 ipse
328 3487 402 3536 curn
425 3463 583 3537 adiutorio
600 3464 715 3537 Boemi
736 3474 769 3536 et
785 3463 1044 3538 Mediolanensis
1068 3487 1163 3538 mar-

47 3581 62 3626 c
80 3564 182 3634 ionem
200 3563 341 3654 fugavit
367 3559 471 3634 Nocte
489 3573 599 3634 autern
616 3566 743 3634 iacente
761 3565 794 3634 in
812 3562 951 3656 quadam
969 3563 1047 3637 villa
1059 3573 1161 3655 gente

46 3661 175 3755 episcopi
193 3660 366 3751 etonem,
383 3659 604 3752 Engelmurus
623 3670 656 3732 et
673 3658 854 3734 advocatus
872 3659 1062 3750 tenenat,
1080 3659 1160 3730 lau-

46 3761 121 3826 tores
138 3756 355 3850 memnonis,
381 3760 610 3853 preirrnerunt
628 3760 662 3829 in
685 3757 773 3830 illos.¹
815 3756 1034 3830 'Adventante
1056 3759 1160 3827 eclam

47 3853 222 3928 maroliione
233 3857 423 3949 episcopum
434 3876 508 3926 cum
518 3855 627 3928 miultis
638 3853 798 3930 nobilibus
811 3859 1027 3950 captivarunt
1039 3875 1160 3946 magna

46 3950 72 4016 itt
87 3953 203 4046 populo
221 3953 308 4024 laeta
325 3956 455 4046 snaget
470 3955 550 4045 [iun.
563 3951 640 4042 24].

90 4079 280 4150 lJrolentibns
291 4081 334 4139 die
343 4083 398 4139 bss.
417 4081 448 4154 2)
459 4081 564 4140 duobus
580 4081 631 4139 sibi
642 4081 768 4140 coelectis
778 4083 823 4140 bat
841 4083 899 4142 bier
918 4083 987 4140 noch
1006 4082 1037 4138 Α.
1056 4079 1087 4148 3)
1098 4077 1161 4136 Dies

46 4153 150 4218 taschub
169 4171 203 4210 zu
223 4153 342 4223 Traniu3
370 4156 418 4211 der
435 4153 544 4212 birobol
561 4153 648 4212 iliriclr
671 4155 765 4212 warda
783 4155 826 4210 ein
851 4155 942 4212 balbas
967 4154 1026 4210 icbr
1050 4153 1099 4208 aul
1114 4153 1162 4208 der

47 4219 105 4292 burg
120 4224 191 4282 Tirol
210 4225 237 4281 in
257 4225 361 4281 braden
381 4225 514 4296 gebalten.
552 4225 613 4297 Vgl.
633 4225 743 4283 Goswin
762 4242 814 4282 von
833 4225 1001 4296 llenanberg
1018 4223 1062 4283 bei
1080 4223 1164 4282 nicu-

45 4291 102 4351 bora
120 4297 208 4371 Epire.
227 4297 290 4353 Cur.
310 4296 362 4354 109
381 4298 435 4356 und
454 4297 524 4356 oben
543 4315 567 4372 p.
589 4297 633 4354 56.

892 4401 949 4464 16*
