2982 4824
254 217 349 300 '654
387 176 391 184 ’
451 223 628 284 monnau
647 225 840 286 nouantur
858 225 966 287 casua
985 218 1233 288 urunuouun·

273 417 387 514 ltaque
404 417 597 495 Manlredus
614 431 650 494 ut
672 441 768 496 suam
788 421 942 496 nubtam
958 421 1149 514 occultaret,
1174 430 1387 496 testamcutum

275 517 491 590 machinatum
517 519 667 615 lalsoquc
684 524 898 617 compositum
922 517 983 595 sub
1001 541 1143 616 ρθηοιιιι
1162 518 1301 593 Corradi·
1316 541 1387 614 pro·

274 615 378 706 duxit
395 639 460 712 quo
468 620 666 714 principatus
683 617 743 692 sibi
754 641 772 692 a
785 630 878 714 patre
894 621 1028 692 relictus
1044 616 1278 694 ostendebatur
1292 617 1386 690 lrabis

274 713 443 806 voluntate
460 717 570 789 ultime
587 715 811 810 crunnus,
837 719 1009 791 instituens
1034 715 1177 789 baiulum
1193 719 1288 810 regni
1304 719 1387 789 utus

265 812 429 904 eundem,
453 835 623 910 quousque
641 811 841 890 Corradinus
859 815 944 889 lilius
965 817 1068 910 ipsius
1086 826 1119 889 et
1136 815 1235 889 berea
1253 813 1292 887 ad
1308 814 1388 907 logi-

273 914 384 984 timum
401 915 593 1008 perveniret
610 923 740 985 eutem
759 912 830 988 Hiis
846 917 956 1008 itaque
974 917 1162 1009 compositis
1180 913 1389 985 fraudulenter

273 1012 511 1102 consanguinei
534 1022 733 1084 revocantur
754 1016 788 1084 iu
811 1034 973 1104 regnum,
1007 1015 1059 1106 qui
1084 1013 1254 1106 proscripti
1275 1009 1390 1084 lucrant

272 1128 333 1202 per
351 1107 544 1198 corradum,
568 1121 602 1182 et
618 1130 725 1202 reguo
742 1110 914 1184 condiviso
930 1132 1006 1183 curu
1022 1108 1173 1183 omuibus
1191 1119 1306 1182 emota
1322 1109 1390 1181 illo·

219 1241 223 1249 ·
271 1227 344 1276 ruuu
368 1207 445 1279 fucit
467 1207 612 1280 consilio.
639 1206 708 1279 Sed
725 1218 760 1280 ut
782 1208 917 1304 plenum
933 1205 1109 1280 dominium
1127 1207 1300 1298 obtineret,
1326 1209 1389 1280 das

271 1305 773 1496 ttbiltttittlttt
791 1305 1391 1498 litlttttt‘tttltttt

270 1511 363 1595 purte
381 1500 545 1574 liloniredi
561 1502 667 1576 luisse
684 1499 725 1573 ab
743 1504 851 1599 aliquo
874 1525 1096 1599 persuasum,
1122 1506 1206 1575 utin
1226 1501 1391 1575 Bovarium

270 1601 344 1691 iret,
361 1600 552 1674 etcumilbs
563 1599 699 1674 ducibus
717 1611 813 1676 nctus
826 1609 930 1694 essct,
949 1623 1023 1674 cum
1040 1605 1119 1697 ipsis
1136 1599 1262 1674 tarudiu
1279 1619 1392 1673 moran

270 1696 489 1788 contraheret,
513 1696 621 1771 donec
636 1699 692 1772 vel
710 1720 843 1772 veneno
868 1721 1007 1796 puerum
1027 1699 1195 1794 perderet
1219 1709 1277 1771 aut
1300 1696 1338 1770 ad
1359 1717 1392 1768 sc

30 1855 31 1858 ,
107 1888 110 1894 ι
269 1794 410 1896 iuratum
428 1796 624 1886 adducerci3
648 1801 840 1892 premittens
856 1798 915 1890 illi,
933 1801 961 1872 si
978 1797 1230 1894 laceret-quud
1247 1799 1350 1892 ipsum
1365 1797 1393 1866 iu

269 1888 376 1988 'regno
402 1916 560 1988 magnum
586 1893 744 1968 beronem
771 1894 929 1969 efficeret.
966 1891 1014 1968 At
1040 1895 1096 1968 ille
1122 1895 1252 1968 lacinus
1281 1903 1392 1966 tanum

269 1989 407 2066 horrens
436 1990 637 2065 deliberandi
663 2003 793 2089 tempus
822 1994 1026 2090 expostulat,
1056 1995 1132 2068 licet
1166 1991 1393 2066 deliberatione

269 2089 452 2163 huiusmodi
476 2113 542 2164 non
567 2101 686 2184 egeret
710 2091 824 2166 brunus
843 2097 1005 2183 existens„
1031 2091 1117 2186 quod
1134 2091 1177 2163 ad
1193 2090 1259 2163 boc
1282 2091 1391 2163 malurn

269 2187 376 2261 induci
393 2211 460 2262 uon
477 2199 602 2285 posset.
630 2188 744 2286 ltaque
762 2187 972 2286 probabiliter
984 2193 1116 2282 timens,
1134 2193 1163 2262 si
1183 2189 1343 2263 iacturum
1360 2209 1392 2258 se

268 2286 466 2381 denegaret,
491 2311 534 2361 nc
580 2288 738 2362 ericulum
756 2283 867 2362 mortib
885 2291 1079 2380 incurreret,
1102 2291 1136 2359 in
1158 2291 1239 2360 navi
1264 2288 1394 2359 recessit

268 2409 428 2480 arogno.
462 2385 510 2459 'At
570 2385 725 2461 anfredus
753 2403 856 2462 aaut
884 2389 1049 2482 proposito
1072 2407 1139 2458 non
1162 2385 1314 2475 desistit,
1340 2379 1392 2457 sed

267 2482 395 2559 duobus
409 2483 560 2558 militibus
572 2487 775 2576 convocatis
797 2489 851 2580 qui
863 2485 994 2557 lucrant
1004 2487 1099 2556 amici
1109 2483 1263 2576 Corradi‚
1281 2503 1392 2573 magna
1460 2561 1461 2570 ἵ

267 2585 431 2676 promittit,
450 2585 477 2658 si
494 2587 707 2677 acquiescere
725 2580 785 2656 sibi
803 2583 915 2655 velint.
943 2582 1024 2655 Erat
1040 2592 1149 2654 autern
1167 2604 1256 2656 uuus
1276 2601 1393 2674 genere
1460 2615 1461 2622 ι

178 2751 180 2754 ,
267 2677 451 2774 PupicnsiS,
475 2680 537 2756 sed
553 2681 636 2754 alius
655 2679 696 2753 dc
714 2679 889 2774 uulpnoo„
915 2684 968 2776 qui
986 2677 1151 2754 Conadm
1168 2678 1340 2752 dicebatur
1355 2697 1392 2748 cx

266 2780 410 2851 nomine.
434 2779 497 2850 Hic
513 2789 622 2851 autern
640 2779 759 2853 voleus
778 2776 947 2852 Corradini
964 2781 1038 2850 neci
1054 2775 1234 2868 obsistere,
1254 2777 1348 2871 lingit
1360 2797 1393 2848 se

266 2874 357 2946 vello
381 2897 521 2973 parere,
547 2879 575 2950 si
599 2875 732 2971 dignam
760 2875 800 2949 ab
827 2898 869 2949 eo
892 2875 1082 2949 mercedem
1106 2879 1256 2972 accipiat.
1288 2874 1391 2970 ltaque
1459 2967 1460 2972 Ἰ

266 2977 484 3065 promissione
496 2973 852 3048 lirruatainBavariam
866 2973 961 3047 umbo
974 2973 1111 3091 vadunt,
1128 2995 1272 3094 puerum
1283 2991 1391 3050 sunum

265 3070 1242 3258 bittit?tiatttttdtlitltttlttt
1259 3070 1391 3266 itit

266 3289 344 3340 cura
362 3267 508 3362 diligenti
525 3268 686 3343 custodiat
703 3271 862 3366 sciatque,
892 3267 1106 3363 olpbatoriuru
1124 3291 1203 3342 esse
1221 3278 1388 3364 portabunt,

266 3387 346 3437 auro
364 3371 570 3464 gemmisque
586 3369 814 3462 compositum,
837 3377 872 3439 ut
888 3387 992 3461 puero
1016 3369 1109 3461 quasi
1127 3367 1277 3460 speciale
1293 3364 1389 3438 locale

264 3461 418 3537 tradatur.
436 3465 530 3553 Quod
541 3485 619 3540 mox
630 3462 863 3560 utclphceerit„
874 3467 937 3537 cito
948 3467 982 3537 vi
993 3462 1261 3538 venenadmixu·
1271 3459 1387 3560 peribit.

263 3558 376 3657 ltaque
390 3561 571 3658 olpbatorio
588 3561 703 3635 tradito
715 3561 881 3636 Corradus
899 3561 1034 3636 dicessit
1044 3585 1063 3634 a
1074 3583 1190 3658 pueroq
1204 3566 1388 3655 nuntiatque

263 3657 456 3752 ManlredQ
478 3683 517 3735 se
537 3659 712 3735 tradidisse
733 3660 948 3756 olpbaton'um
970 3682 1084 3757 puero.
1118 3661 1165 3732 At
1186 3658 1386 3744 blanlrcdus,
1457 3693 1458 3728 l

263 3761 373 3831 sciens
385 3757 462 3830 illud
475 3781 552 3834 esse
564 3759 779 3852 mortiferum,
795 3781 933 3856 puerum
951 3769 1112 3831 mortuum
1130 3779 1210 3832 csse
1227 3758 1387 3830 denuntiat

263 3853 354 3927 etde
371 3866 438 3928 toto
460 3879 567 3951 reguo
592 3860 756 3953 principes
780 3856 933 3948 advocat,
955 3867 1043 3930 etse
1067 3877 1187 3949 regern
1207 3855 1248 3928 ab
1270 3859 1319 3928 eis
1336 3857 1385 3924 in-

263 3955 348 4026 stitui
366 3966 530 4049 procurat,
555 3966 589 4028 ct
607 3952 799 4050 quibusdam
816 3957 1006 4029 convocatis
1024 3957 1188 4050 episcopis
1205 3952 1245 4025 ab
1262 3956 1312 4026 eis
1328 3971 1385 4023 co·

262 4055 372 4124 ronari
389 4075 428 4124 se
447 4052 533 4127 lecit.
559 4050 683 4140 Quibus
707 4051 858 4127 omnibus
881 4056 930 4128 sic
951 4055 1092 4149 peractis
1116 4061 1270 4146 tanquam
1294 4045 1383 4141 regul
1456 4085 1457 4088 ¹

263 4149 427 4226 violentus
445 4163 578 4247 ereptor
588 4149 628 4224 ab
640 4150 781 4224 ecclesia
799 4150 971 4242 iudicatus,
989 4161 1143 4246 tanquam
1160 4149 1263 4226 bostis
1274 4147 1383 4222 eoele-
1456 4175 1457 4218 ι

263 4247 312 4317 sic
329 4244 476 4342 publicus
495 4248 709 4327 anathematis
728 4271 884 4325 mucrone
901 4251 1087 4350 percutitur.
