2982 4824
249 227 321 312 664
427 233 605 294 mnonnnn
624 235 814 294 morulam
832 235 940 294 susm
959 231 1199 295 mrtnnnonon.

247 433 326 482 areu
347 407 389 481 ad
406 413 535 504 signum
553 409 610 482 vel
627 409 743 483 balista
760 413 928 482 exeroitat
955 409 1018 482 Hie
1039 411 1129 482 euris
1152 431 1214 482 sue
1231 408 1373 482 divinum

246 506 388 580 verbum
404 507 565 603 predioari
589 512 701 604 sepius
727 509 804 580 feeit
826 518 860 580 et
876 505 918 580 ad
942 507 1046 603 pedes
1068 507 1284 602 predloatoris
1304 511 1373 602 ipse

246 605 290 677 ad
307 605 489 679 sedendum
510 629 549 679 se
566 609 665 702 ponit.
696 605 823 678 Verum
841 603 1014 700 aliquando
1030 608 1063 677 in
1080 609 1229 678 exeroitu
1253 609 1374 699 positus

245 703 464 793 elemosinas,
492 726 574 800 quas
602 702 799 800 pauperibus
824 703 895 775 lieri
921 701 1079 793 leniebat,
1107 705 1141 774 in
1166 700 1374 776 nrbaldorun

245 823 328 874 usus
352 812 386 873 et
401 806 537 894 victurum
561 805 615 896 qui
639 799 861 897 sequebantur
883 804 1078 890 exereitum,
1101 803 1251 872 eonverti
1277 822 1373 873 man·

245 897 345 971 dabat
360 921 506 993 suosque
522 922 582 972 eos
601 902 709 973 socios
727 898 920 994 appellabat.
941 898 1027 970 Nam
1044 921 1118 971 eum
1135 901 1185 970 eis
1202 899 1375 992 aliquando

245 999 359 1070 nonen
384 997 520 1070 alieuius
545 995 660 1070 edifioii
683 995 832 1093 capiebat
858 1018 931 1070 oum
956 1000 1070 1092 eisque
1094 994 1252 1068 trabebat
1284 997 1376 1088 Quod

245 1095 353 1169 semel
369 1094 446 1168 dum
463 1095 601 1184 laceret,
625 1117 709 1167 unus
727 1115 773 1168 ex
789 1093 933 1168 rahaldis
951 1093 993 1164 ed
1010 1103 1140 1168 eeteros
1161 1093 1375 1169 exclamavit:

253 1195 395 1266 Vtriltter
416 1192 609 1282 fortiterque
630 1194 814 1283 mammaea,
842 1196 922 1283 puto
942 1195 1102 1263 amtorem
1122 1194 1377 1282 nobiliorem

246 1295 289 1363 de
304 1295 425 1362 mondo
441 1293 615 1362 ratoldum
628 1295 753 1362 sooiom
767 1311 856 1362 nano
868 1291 1031 1362 nmmo.
1066 1290 1128 1363 llio
1149 1311 1218 1361 non
1242 1290 1375 1385 loquare

246 1387 308 1462 sed
319 1392 352 1460 in
362 1386 475 1461 verbis
493 1399 546 1461 est
560 1389 765 1478 moderatus3
783 1390 875 1461 vultu
895 1409 962 1461 non
979 1389 1115 1460 mrdtum
1130 1387 1234 1482 ylaris
1249 1389 1306 1461 val
1323 1391 1376 1462 io-

246 1487 386 1576 oundus
410 1508 474 1557 neo
489 1489 559 1559 risu
583 1499 634 1560 est
656 1487 845 1560 dissolutus.
877 1486 954 1580 lpse
981 1489 1068 1558 enim
1091 1484 1202 1557 audivi
1219 1485 1376 1578 Peneius,

245 1583 333 1678 quod
363 1587 460 1657 mam
488 1583 595 1656 adbue
623 1607 706 1680 puer
730 1589 790 1658 vix
817 1595 873 1657 aut
898 1605 1063 1678 nunquam
1090 1580 1229 1670 ridebat,
1260 1605 1376 1656 verum

246 1703 380 1777 semper
396 1680 497 1754 corde
514 1687 758 1774 magnanimus,
776 1680 816 1753 ab
826 1685 898 1778 ipsa
909 1681 1042 1754 infantia
1054 1703 1188 1776 semper
1202 1680 1376 1773 britgloria

246 1789 281 1852 et
292 1778 435 1853 dominio
451 1777 597 1874 eupidus.
616 1778 714 1852 Unde
733 1801 807 1851 oum
825 1779 930 1852 semel
944 1777 986 1851 ad
1002 1779 1110 1851 looum
1121 1777 1288 1851 blinorum
1304 1802 1377 1852 oum

245 1887 351 1948 matre
369 1887 402 1950 et
418 1897 502 1968 rege
521 1877 622 1949 butro
638 1881 802 1968 venisset,
822 1875 997 1948 inmediate
1013 1879 1104 1950 iuxta
1120 1897 1239 1968 regem
1258 1899 1298 1950 se
1312 1899 1377 1972 po-

245 1977 311 2046 suit
327 1973 369 2044 ad
386 1971 579 2048 sedendum.

295 2070 409 2143 Semel
426 2095 445 2142 a
460 2069 599 2166 quodam
609 2069 793 2144 lombardo
811 2074 964 2166 quesivit,
982 2071 1163 2145 ouiusmodi
1179 2081 1269 2144 terra
1287 2083 1379 2146 esset

84 2165 86 2170 ’
244 2165 448 2241 lombardia.
491 2168 573 2240 Cum
601 2181 690 2242 terre
716 2169 986 2265 populositatem,
1019 2170 1216 2242 fertilitatem
1244 2173 1319 2242 eius
1346 2181 1380 2242 et

245 2270 454 2339 amenitatem
476 2269 549 2340 eius
574 2265 732 2354 audisset
760 2291 833 2339 oum
861 2265 982 2341 doloris
1008 2265 1148 2362 modam
1175 2269 1318 2362 suspirio
1343 2272 1376 2339 in

244 2363 330 2437 bane
352 2368 532 2459 prorumpit
555 2368 766 2438 sententiam:
791 2367 828 2437 St
844 2385 926 2436 ansts
948 2367 1071 2454 aliquis
1092 2366 1188 2436 bomo
1209 2369 1378 2438 ammonas

244 2471 279 2534 et
287 2465 412 2553 probos
428 2467 627 2534 inveniretur
640 2466 675 2533 in
691 2467 820 2554 artando,
836 2471 936 2534 totum
952 2465 1016 2534 atti
1029 2465 1223 2555 metopas-et
1232 2467 1270 2533 tn
1279 2465 1377 2534 treet

244 2559 328 2631 (lum
339 2559 545 2632 blaniredum
565 2563 662 2632 etiam
673 2559 875 2634 debellasset
892 2571 926 2632 et
941 2560 1063 2632 nullam
1079 2561 1212 2633 letitiam
1231 2560 1377 2632 demon-
1475 2571 1476 2644 Τ

243 2667 364 2731 straret
386 2668 627 2753 quemrentque
648 2656 808 2730 barones:
832 2677 936 2747 patore
952 2659 1016 2729 boo
1035 2657 1169 2748 sooeret,
1194 2657 1306 2729 taliter
1321 2657 1378 2729 di-

242 2758 326 2828 citur
341 2753 571 2849 respondisse:
589 2758 635 2827 Et
647 2759 734 2827 ande
750 2760 848 2828 loturi
863 2775 914 2827 me
928 2758 1046 2828 onte?
1073 2757 1137 2828 llni
1152 2759 1238 2827 enirn
1256 2759 1380 2828 entend

241 2857 315 2923 niro
331 2873 397 2923 non
412 2851 580 2937 sufficeret
593 2861 677 2924 totle
693 2857 839 2925 mondum.
864 2855 981 2946 Longe
1003 2857 1127 2926 maiora
1144 2853 1206 2926 biis
1223 2853 1377 2926 omnibus

241 2947 286 3022 de
301 2953 375 3022 viro
391 2949 456 3022 boe
470 2961 608 3044 possent
625 2949 735 3042 sonti„
756 2956 784 3024 si
800 2955 938 3047 scriptor
955 2974 1082 3042 eorum„
1100 2973 1164 3048 que
1183 2949 1269 3022 diota
1288 2961 1376 3042 suat,

240 3047 360 3122 fuisset
385 3046 445 3122 sibi
471 3048 653 3122 familiarite
681 3053 794 3122 maiori
818 3054 1009 3125 ooniunotus
1037 3060 1071 3122 et
1094 3047 1284 3122 individuus
1312 3071 1377 3121 oo-

241 3165 315 3220 mes
332 3169 414 3219 enus.

290 3245 440 3333 Quodam
463 3254 574 3317 emen
591 3245 714 3320 lenisse
731 3244 874 3338 videtum,
898 3268 962 3342 que
979 3268 1045 3318 non
1068 3243 1279 3340 diligenn'bus
1298 3267 1375 3318 eum

146 3403 153 3418 .
240 3363 396 3433 magnam
420 3346 559 3437 prestitit
574 3340 774 3416 obtreotandi
798 3347 977 3417 materiam.
1004 3343 1113 3415 Primo
1136 3345 1211 3440 quia
1228 3343 1376 3417 illstrsa

240 3443 310 3511 suis
334 3437 499 3531 religiosis
522 3443 656 3512 iniurias
679 3463 747 3512 non
768 3451 892 3513 tantum
916 3451 969 3514 est
992 3444 1086 3514 visus
1110 3463 1248 3530 narare,
1276 3463 1375 3538 mmm

239 3535 379 3609 denebat
399 3541 528 3630 regiam
552 3539 767 3610 maiestatem.
797 3539 865 3610 Sed
889 3537 952 3610 boo
972 3539 1032 3611 luit
1053 3541 1086 3610 in
1109 3541 1239 3612 introitu
1262 3543 1376 3632 regni,

239 3633 369 3730 quando
392 3633 498 3707 adbuo
525 3631 709 3708 obtinuerat
736 3635 907 3709 modinum.
940 3637 1037 3710 Unde
1067 3638 1219 3731 quamvis
1244 3636 1288 3708 de
1316 3657 1371 3724 eo,

238 3731 324 3827 quod
340 3732 597 3825 moralitatum
618 3731 769 3825 doluerit,
788 3757 848 3830 pro
865 3745 943 3808 turm
958 3733 1138 3808 emendare
1155 3735 1324 3830 pertimuit
1342 3739 1376 3806 in

237 3832 439 3903 nenessitate
456 3834 595 3924 posius,
612 3851 678 3903 non
690 3830 816 3906 audens
828 3831 1022 3906 eonturbare
1041 3829 1219 3907 subieetos.
1243 3831 1286 3903 Et
1296 3841 1377 3904 tune

236 3931 381 4000 maxime
399 3927 568 4023 stipendiis
584 3926 753 4021 indigebat
769 3940 803 4001 et
820 3941 892 4003 erat
911 3930 1019 4004 multis
1037 3927 1290 4022 eogitationibus
1308 3951 1375 4001 oe-

237 4035 374 4120 eupatus
391 4035 526 4120 propter
541 4049 699 4120 magnum
708 4027 909 4198 perieulum,
927 4027 1013 4125 quod
1029 4027 1269 4117 instabat3vi1
1286 4026 1373 4098 fone

237 4120 389 4225 advertit
411 4123 453 4195 ad
470 4123 603 4218 plenum
620 4126 706 4198 male

290 4240 320 4312 l)
338 4243 434 4300 edertit
451 4243 491 4302 bs.

731 4129 816 4199 cium
833 4137 1064 4223 perpetratum.
1088 4125 1171 4198 Oum
1188 4125 1277 4198 enim
1296 4133 1373 4196 tuno
