3014 4822
470 245 920 312 auuutusuuuuuoruuruuu
1184 253 1256 330 395

127 449 232 522 usque
254 426 288 500 iu
311 423 468 520 hyemem
491 436 567 498 tuuc
590 429 740 522 proxime
760 429 948 500 venientem
965 426 1190 524 flagellatores
1206 431 1256 504 ire

127 530 332 620 iueeperumt,
356 599 358 602 ,
382 529 434 596 uia
463 535 495 596 et
518 523 559 596 ad
582 547 703 596 aunum
728 521 883 597 iubileum
906 535 939 596 et
962 527 1090 598 iuterim
1114 529 1256 602 maxima

126 623 293 694 hominum
309 548 595 696 mdtitudoutrius.
637 646 658 693 e
676 643 780 696 sexus
790 645 851 716 per
860 621 1012 697 diversas
1023 621 1134 694 mundi
1144 635 1256 718 partes

126 719 168 791 de
184 719 370 815 pestilentia
389 723 487 812 gravi
504 723 607 792 morie
630 731 710 792 atur.
797 719 877 792 ltem
896 719 1015 792 eodem
1032 741 1119 792 anuo
1135 720 1256 793 domiui

125 818 218 890 xlix.
237 821 269 888 iu
287 817 400 908 vigilie
419 815 503 890 beati
520 816 629 890 lauobi
645 819 783 910 apostoli
802 818 872 908 [iul.
887 817 951 908 24]
968 817 1061 890 ludei
1078 817 1257 892 Fraulreu-

125 915 302 988 loruleuses
329 937 458 1004 omues„
486 914 606 986 dende
629 917 661 992 iu
685 915 739 986 ulie
761 913 848 986 beati
871 915 1092 988 Bartholomei
1119 917 1257 1010 apostoli

125 1023 204 1086 ωηο
219 1016 369 1106 pmxime
381 1015 510 1086 venturi
531 1015 624 1104 [aug.
636 1011 700 1104 24]
712 1011 804 1084 ludei
815 1015 954 1088 civitatis
965 1013 1115 1105 Moguut.
1127 1035 1256 1103 onnes,
1473 1085 1479 1090 .

125 1121 191 1182 tarn
208 1131 269 1204 per
285 1113 431 1204 ipsorum
446 1109 621 1182 ludeorum
640 1108 809 1204 utrobique
833 1115 945 1202 ignem
970 1114 1135 1205 proprium
1159 1133 1256 1205 quam
1363 1119 1365 1124 '

126 1211 232 1280 οοίοηη
256 1207 401 1298 aliunde
425 1229 464 1280 ao
480 1207 702 1282 habitueioues
726 1207 907 1282 eorundem
929 1209 1071 1281 totaliter
1093 1231 1154 1304 per
1176 1207 1257 1303 lay·-

126 1327 239 1377 eorum
264 1307 471 1390 iuvasionem
496 1315 572 1378 suut
595 1308 754 1400 perempti
772 1317 805 1378 et
821 1306 993 1378 devastati.
1029 1306 1112 1380 ltem
1138 1306 1257 1378 eodem

126 1425 214 1476 anuo
231 1401 352 1476 domiui
368 1403 460 1476 xlix.
479 1405 512 1476 iu
529 1403 613 1476 dieta
627 1404 740 1496 uigilia
754 1401 863 1476 laeobi
880 1414 1000 1476 tectum
1018 1403 1108 1476 chori
1125 1407 1257 1478 omniuo

125 1509 159 1571 ot
182 1511 304 1572 tautum
332 1501 475 1575 eoelesie
502 1504 606 1574 saneti
629 1500 849 1574 Bartholomei
877 1499 996 1574 ibidem
1020 1505 1053 1574 iu
1080 1511 1173 1596 parte
1196 1521 1258 1598 per

125 1595 311 1670 huiusmodi
327 1597 502 1682 ludaorum
519 1596 697 1672 Fraulreul.
715 1601 827 1690 iguem
844 1598 974 1672 urerent
991 1610 1207 1672 coneremau.

174 1693 258 1768 ltem
284 1718 372 1768 anno
396 1694 517 1768 domiui
539 1698 722 1770 m.eoe.l.vi.
747 1699 833 1768 eirea
856 1717 1007 1770 mensem
1030 1705 1207 1789 augustum
1225 1707 1260 1770 et

125 1791 341 1886 sequentibus
359 1815 481 1885 magua
498 1796 531 1864 in
548 1795 645 1888 opido
656 1792 833 1866 lraukeui.
850 1796 1040 1888 pestilaueia
1058 1795 1201 1884 duravit
1219 1819 1260 1868 ae

124 1893 158 1964 iu
176 1890 273 1980 loeis,
291 1889 418 1964 modieo
434 1902 583 1986 tempore
601 1895 754 1986 quiuque¹
768 1895 830 1965 vix
845 1889 1159 1966 uibus²diebusuel
1172 1896 1257 1966 eirea

125 1985 364 2062 deoumheutes
391 1986 621 2079 deeesserum,
649 1991 787 2081 glauces
815 1992 899 2062 eirea
928 2013 1022 2064 erum
1046 1989 1104 2062 vel
1125 1989 1258 2063 braolria

126 2107 187 2161 sua
206 2095 263 2158 aut
278 2095 441 2158 tumorem
458 2095 492 2158 et
508 2087 655 2159 dolorem
674 2089 759 2160 eirea
778 2091 882 2182 capitu
901 2109 960 2160 sua
971 2089 1030 2160 vel
1047 2085 1121 2160 alibi
1132 2091 1166 2160 iu
1177 2109 1258 2162 eor-

124 2181 259 2278 poribus
276 2181 436 2260 habentes
453 2181 683 2256 moriebantur.

172 2280 257 2354 Item
275 2303 361 2354 anuo
379 2280 500 2354 domiui
517 2284 699 2356 maeatvi.
711 2287 745 2356 iu
762 2283 815 2356 die
831 2281 1017 2356 beatiLuee
1035 2283 1258 2375 ewangeliste

127 2383 206 2471 [oet
227 2378 291 2470 18]
317 2390 383 2454 tam
400 2383 471 2476 ipsa
489 2380 543 2452 die
567 2403 664 2474 quem
683 2384 779 2454 etiam
796 2385 829 2454 in
845 2393 943 2454 noete
959 2382 1035 2454 laeti
1053 2391 1129 2455 suut
1145 2391 1257 2454 terre-

124 2487 235 2551 motus
252 2481 364 2569 magni
381 2475 509 2550 mellus
527 2477 700 2572 aliquibus
717 2484 760 2552 ita
779 2479 864 2575 quod
881 2501 941 2574 pro
957 2490 1035 2552 ωηο
1052 2481 1168 2552 aivitas
1184 2477 1258 2552 Ba-

125 2576 260 2648 sileain
284 2574 430 2670 partibus
454 2574 678 2669 superioribus
702 2581 791 2650 iuxta
809 2578 939 2650 Renum
961 2581 1021 2650 sita
1046 2586 1179 2672 propter
1195 2575 1259 2650 luoe

124 2671 242 2745 «licitur
258 2675 425 2746 uomuisse
437 2683 469 2744 et
486 2676 607 2746 eireum
626 2677 711 2746 eirea
729 2673 849 2746 ibidem
866 2696 968 2770 prope
986 2677 1160 2767 sexaginta
1178 2695 1257 2748 mu·-

123 2773 273 2842 uiuioues
292 2780 325 2842 et
342 2781 449 2842 eastra
468 2769 618 2844 dicuutur
635 2776 801 2846 eor-ruisse
819 2794 880 2846 seu
898 2771 1068 2847 ueeidisse.

173 2865 257 2938 ltem
284 2889 371 2939 auno
395 2868 515 2940 domiui
532 2870 739 2959 mauulvii,
764 2873 806 2940 iii.
824 2893 901 2941 ηοη.
920 2873 995 2942 maii
1018 2869 1103 2944 iufra
1126 2871 1257 2965 pulsum

124 2965 355 3039 matutinarum
373 2969 465 3061 quusi
477 2965 531 3040 die
547 2967 680 3039 lueeute
696 2987 838 3059 maguum
857 2967 961 3040 laetus
981 2978 1032 3040 est
1049 2977 1255 3041 terremotus.

123 3061 207 3134 ltem
226 3061 344 3134 eodem
362 3085 449 3135 anuo
465 3061 587 3136 domiui
603 3065 697 3151 lvii„
722 3067 788 3136 viii.
806 3062 892 3158 ydus
911 3067 986 3136 maii
1002 3073 1078 3159 post
1093 3084 1256 3159 vesperas

122 3163 219 3255 quasi
250 3157 425 3234 immediate
455 3165 618 3234 maximus
649 3161 708 3233 luit
733 3171 930 3232 terremotus
954 3171 987 3232 et
1009 3170 1124 3255 postea
1148 3160 1201 3234 hio
1224 3171 1258 3233 et

122 3256 199 3329 alibi
216 3256 363 3352 pluribus
381 3255 507 3332 vicibus
532 3258 647 3330 dieitur
663 3259 766 3332 luisse
791 3257 938 3332 similiter
955 3267 1151 3332 terremotus
1170 3278 1256 3330 euno

121 3361 154 3426 iu
175 3353 294 3428 eodem
312 3366 346 3429 et
362 3378 448 3430 noua
467 3360 597 3449 augusti
615 3360 700 3430 eirea
717 3355 860 3428 medium
877 3359 993 3430 noetis.

172 3451 257 3526 Item
275 3451 394 3526 deiude
411 3467 497 3526 aurio
514 3453 633 3525 domiui
646 3455 736 3525 lviii.
747 3452 830 3526 leria
841 3457 886 3526 vi.
899 3465 975 3526 unte
993 3455 1257 3549 carnisprivium

121 3549 211 3646 quod
229 3549 288 3622 luit
304 3554 376 3646 ipsa
393 3551 634 3647 ‹lieApullouie
645 3555 785 3644 virginis
805 3550 886 3641 [leb.
896 3551 935 3642 9]
956 3572 1076 3644 magna
1095 3561 1189 3624 eraut
1204 3551 1258 3623 hio

121 3650 264 3722 mnium
279 3659 311 3720 et
327 3647 461 3722 fulmina
473 3649 514 3720 de
525 3669 602 3722 sero
621 3652 706 3720 eirea
725 3649 869 3721 ultimam
887 3669 1091 3744 campanam,
1108 3652 1150 3722 ita
1212 3647 1255 3721 od

120 3769 185 3843 per
200 3767 319 3819 omues
337 3747 498 3820 ecelesias
509 3743 700 3841 pulsabatur
710 3769 832 3820 versus
850 3769 1012 3818 auroram.
1039 3746 1122 3820 ltem
1201 3768 1254 3818 em

121 3866 211 3918 auno
219 3842 340 3918 domiui
350 3845 454 3933 lviii,
464 3848 509 3918 ix.
518 3843 649 3916 kalend.
657 3845 768 3938 aprilis
780 3847 865 3918 eirea
874 3853 989 3940 etpost
999 3843 1140 3916 mediam
1150 3846 1256 3916 noetis

120 3963 247 4034 magua
256 3946 397 4016 tonitrua
405 3942 576 4016 atiulmiua
588 3941 721 4015 diversa
733 3950 829 4014 eraut
838 3953 871 4014 et
881 3963 942 4036 par
951 3941 1111 4014 eeclesias
1123 3951 1258 4036 propter

119 4041 188 4114 toa
202 4037 402 4135 pulsabatur.

180 4269 207 4328 lt
228 4270 348 4343 quique?
383 4271 414 4341 2)
434 4273 531 4344 leauug
550 4273 682 4329 uuaielrer.
