3010 4822
243 227 317 300 494
564 218 1039 282 umnnrssnrumnmoms.

161 409 231 466 1249
244 396 351 472 Rheni
367 395 511 494 partibus
525 396 733 472 deseendens
747 397 841 472 rediit
856 402 890 472 in
903 397 1111 472 Hollandiom
1127 407 1251 471 terrem
1269 417 1378 489 emm,

244 495 440 572 liberaturus
459 519 654 590 germanum
671 519 787 588 suum,
810 519 907 593 quem
932 499 1096 592 captivum
1116 495 1252 570 tenebat
1270 497 1381 569 eomi-
1486 539 1487 578 ᾗ

243 597 324 669 tissa
342 594 566 668 Flandrensis.

294 692 388 766 Cinea
404 692 492 764 idem
509 704 638 789 tompus
656 695 742 767 iilius
758 694 851 768 duois
867 695 1011 767 Bavarie
1035 697 1123 790 oepit
1144 696 1324 786 ingeniose
1347 703 1382 764 et
1486 735 1487 788 3

245 791 277 860 in
295 811 464 863 oareerem
479 789 617 866 detrusit
626 793 814 866 Zornonem
831 791 1070 864 muresoaloum
1086 811 1162 863 oum
1179 813 1289 863 uxore
1305 813 1381 880 suo,
1486 835 1487 884 p

245 886 410 961 hominem
427 889 644 961 trueulentum
670 902 703 962 et
721 891 896 962 multorum
915 890 1080 963 scelerum
1103 899 1380 985 perpeuutorem,

245 984 431 1080 inopinabili
448 986 601 1062 thesauro
621 991 654 1060 in
672 1010 766 1080 auro,
789 991 931 1080 gemmis
949 990 1117 1082 variisque
1139 986 1380 1082 suppellectili-

244 1081 307 1157 bus
325 1083 474 1157 oiusdem
491 1085 711 1159 malefactoris
727 1089 886 1176 inventia
906 1105 970 1180 que
988 1087 1095 1156 omnia
1119 1084 1207 1156 idem
1230 1083 1380 1156 nefarius

245 1203 306 1275 per
324 1185 393 1255 vim
406 1185 635 1276 oppressivum
654 1193 815 1276 oongesta
832 1187 865 1255 in
879 1185 994 1256 eastris
1015 1186 1096 1254 etin
1114 1179 1265 1254 domibus
1282 1181 1381 1254 loea-

246 1289 343 1350 verat
359 1279 535 1371 religiosis.

191 1447 198 1458 ,
295 1378 361 1450 Per
375 1376 462 1449 idem
478 1387 609 1474 tempus
626 1379 891 1477 arehiepiseopus
909 1379 1137 1470 coloniensis,
1160 1399 1218 1452 res
1238 1378 1382 1452 solerter

245 1477 404 1549 uudnans
423 1486 457 1547 et
473 1475 631 1572 providus
649 1477 843 1569 futurorum
860 1487 986 1572 portum
1004 1475 1112 1549 Rheni
1130 1478 1381 1571 septentriona-

244 1571 310 1643 lem
328 1575 362 1644 in
381 1573 499 1668 oppido
517 1597 578 1649 suo
595 1575 719 1648 Nussie
735 1585 875 1671 oeoupat
900 1586 933 1646 et
953 1573 1093 1669 predam
1109 1595 1187 1646 area
1205 1572 1381 1646 adiaoente

245 1681 354 1766 empta
370 1669 496 1744 fossato
515 1675 712 1747 intrinsecus
722 1674 808 1746 laeto
819 1695 942 1746 novam
953 1671 1072 1744 ibidem
1089 1674 1249 1746 oonstruit
1265 1673 1381 1742 mimi-⁴·

244 1771 376 1840 tionem.
409 1767 501 1842 Idem
527 1773 625 1843 etiam
650 1769 916 1866 arehiepiseopus
944 1775 1058 1864 aegaei
1083 1769 1221 1843 oonsilio
1248 1769 1381 1862 pollens

244 1875 321 1938 aute
342 1867 463 1962 aliquot
485 1889 591 1942 annos
607 1881 734 1962 portam
751 1879 785 1940 ot
800 1871 914 1940 turrim
931 1868 1094 1943 australes
1111 1865 1219 1962 oppidi
1236 1865 1381 1938 Ander-

244 1966 398 2036 naoensis
421 1967 587 2059 prevaluit
609 1966 808 2064 amplificare
832 1975 865 2038 et
887 1967 1036 2040 exaltare
1058 1966 1142 2038 faeta
1170 1962 1213 2035 lbi
1234 1965 1330 2036 firma
1348 1971 1382 2034 et

244 2059 374 2132 decenti
392 2063 646 2158 quamplurium
664 2067 850 2137 munitione.
877 2065 1033 2138 Preterea
1051 2061 1198 2137 extendit
1221 2073 1255 2134 et
1278 2059 1379 2136 nobi-

149 2175 151 2180 ’
244 2158 319 2231 liter
335 2164 425 2234 auxit
442 2171 585 2234 oestrum
596 2159 808 2253 Endinsberg
825 2161 899 2234 forti
916 2166 948 2235 in
965 2185 1005 2235 ea
1022 2172 1056 2234 et
1072 2160 1205 2234 mirifiea
1225 2169 1319 2234 turre
1337 2158 1379 2230 de

244 2279 334 2330 novo
361 2269 528 2332 exstruote
552 2283 627 2332 oum
650 2259 843 2355 quibusdem
866 2259 1000 2334 edifieiis
1024 2261 1201 2355 oportunis.
1235 2256 1379 2331 Fossato

245 2359 343 2428 etiam
358 2356 459 2429 valde
474 2356 644 2451 prolutuno
661 2359 786 2430 iaciens
803 2357 955 2452 oppidum
973 2359 1122 2429 Bonnam
1139 2359 1227 2448 oingi
1244 2353 1378 2426 indulsit

244 2451 427 2526 libertatem
444 2453 615 2549 oppidanis
633 2453 770 2528 civibus.
804 2452 901 2527 Unde
918 2455 1090 2528 ferventes
1107 2477 1166 2550 pro
1184 2473 1377 2526 oonserre-

243 2553 331 2622 tione
349 2551 456 2648 oppidi
481 2561 515 2622 et
532 2551 664 2624 obtente
687 2551 845 2624 libertatis
868 2552 980 2644 lignea
1006 2551 1254 2647 propugnacula
1277 2569 1378 2644 super

243 2647 404 2722 fossatum
433 2660 667 2743 componentes
691 2672 799 2723 novas
826 2662 936 2746 portas
964 2651 1006 2722 de
1029 2647 1189 2744 lapidibus
1213 2657 1374 2721 venustas

244 2747 323 2820 satis
341 2755 587 2820 exstrinxerant
614 2745 732 2820 Castro
749 2751 847 2820 etiam
863 2751 994 2844 antiquo
1012 2747 1053 2818 de
1069 2744 1240 2820 Hostaden
1258 2744 1372 2816 bindi-

242 2853 295 2914 tus
313 2865 435 2918 everso
454 2842 540 2915 aliud
557 2866 682 2919 novum
700 2855 843 2920 castrum
859 2867 926 2918 nou
949 2848 1052 2938 longe
1069 2843 1111 2918 ab
1128 2843 1247 2916 eodem
1265 2852 1372 2915 uasto

243 2942 374 3036 antiquo
390 2939 496 3012 ferne
518 2939 560 3012 ad
580 2941 645 3015 duo
663 2943 768 3016 stedia
792 2965 893 3039 super
915 2943 1051 3016 fluvium
1069 2939 1217 3036 Arlepbe
1244 2943 1278 3011 in
1303 2941 1373 3011 loeo

242 3040 403 3110 munitiori
427 3037 513 3109 idem
540 3038 804 3136 arehiepiscopus
832 3041 972 3114 solerter
998 3051 1031 3112 et
1054 3041 1171 3113 melius
1196 3037 1372 3125 exstrrrxit,

242 3133 327 3231 quod
346 3139 511 3232 antiquum
528 3159 649 3210 nomen
667 3137 815 3210 Hostade
832 3147 1019 3211 conservat.
1053 3135 1270 3210 Nihilominus
1280 3135 1373 3206 ‘idem

242 3232 507 3327 erobiepisoopus
524 3233 682 3307 industrio
699 3236 818 3332 plenus
837 3233 1067 3308 secedentibus
1091 3235 1373 3326 oongratnletione

242 3340 275 3401 et
291 3327 524 3402 benevolentia
540 3335 683 3425 priorum
708 3343 742 3404 et
757 3334 839 3404 oleri
856 3331 1063 3407 Coloniensis
1088 3333 1130 3404 de
1153 3332 1293 3404 oonsilio
1310 3329 1373 3400 bo-

242 3447 359 3498 norum
375 3429 480 3522 primo
496 3433 596 3522 petita
613 3437 648 3502 et
669 3427 802 3502 obtenta
825 3430 1061 3503 oontributione
1078 3430 1295 3502 ecelesiarum
1314 3447 1372 3500 suo

243 3523 406 3599 dioesesis
424 3535 568 3596 oestrum
584 3524 806 3619 Waldinberg
821 3551 896 3600 enm
915 3531 983 3602 suis
1001 3529 1173 3600 attinentiis
1195 3529 1288 3617 emit,
1311 3545 1372 3619 que

241 3625 351 3693 onmia
367 3621 461 3696 bonis
473 3622 713 3717 episcopalibus
731 3635 807 3698 sunt
818 3623 952 3697 adiecta.
981 3627 1136 3697 Preterea
1153 3627 1270 3696 iterata
1288 3644 1372 3696 oon·-

242 3718 414 3791 tributione
434 3720 514 3791 oleri
531 3731 564 3792 et
574 3721 789 3797 eeclesiarum
802 3722 1008 3796 Coloniensis
1026 3722 1189 3795 dioecesis
1206 3720 1296 3794 idem
1314 3743 1371 3790 ar-

243 3816 468 3911 ehiepiscopus
490 3823 693 3913 comparavit
715 3829 840 3913 partem
864 3825 1013 3892 eomitiae
1042 3819 1084 3892 de
1107 3817 1251 3909 Wiedeq
1277 3837 1369 3913 quatu

242 3918 404 3986 eomitiam
427 3938 501 3986 oum
518 3937 608 3989 novo
631 3928 740 3992 oestro
763 3927 797 3988 et
813 3928 921 3990 oestro
937 3916 1125 3989 Windeolre
1143 3927 1177 3988 et
1193 3916 1316 4010 prediis
1333 3935 1370 3984 ue

240 4009 335 4084 bonis
352 4010 560 4086 attinentibus
583 4015 695 4086 reliotu
719 4013 852 4086 Hemioi
876 4017 1001 4088 eomitis
1018 4014 1205 4110 Seynensis
1224 4009 1366 4086 vendidit

241 4117 276 4179 et
291 4109 482 4181 eontradidit
506 4110 751 4207 arobiepiseopo
775 4121 809 4184 et
831 4114 974 4188 eeolesie
991 4111 1191 4185 Golordensi.
1225 4111 1364 4199 Quorum

242 4215 421 4280 eastromm
440 4217 474 4278 et
483 4207 669 4304 prediorum
682 4213 913 4306 proprietatem
926 4234 971 4284 ex
981 4213 1094 4284 maiori
1109 4220 1204 4306 parts
1221 4209 1362 4281 dominus
