3014 4822
275 235 348 308 468
450 233 489 304 ο
677 227 811 290 nunnus
830 229 1008 290 cononum.

277 406 320 478 de
344 418 454 480 monte
471 405 614 480 Carmeli
637 407 947 502 solempnissimum.
963 429 1036 480 cum
1061 425 1182 497 magun
1205 401 1411 490 multitudiue

277 504 412 578 fratrum
431 516 465 578 et
481 507 689 600 reliquiarum
706 517 856 578 ornatum
874 516 906 576 et
923 505 1077 581 fulcitum.
1202 561 1208 575 .

324 603 368 676 Et
385 605 531 676 ultimum
548 615 600 676 est
615 603 751 676 lretrum
768 603 855 676 beuti
863 603 1043 695 Augustini
1060 601 1293 674 heremitarum
1311 597 1412 672 valde

161 747 165 752 -
275 706 474 796 preciosum,
501 705 673 774 continens
699 703 817 774 multus
845 711 878 772 et
904 702 1093 793 solempnes
1120 697 1295 792 reliquium,
1326 699 1412 768 inter

274 822 358 894 quos
376 811 427 872 cst
452 799 652 872 mundibulu¹
673 811 737 872 totu
762 799 849 872 beuti
865 795 1053 872 Sebastiam
1071 819 1144 868 cum
1169 793 1320 866 dentibus
1338 798 1409 866 suis

275 895 454 970 honorilice
472 897 629 978 decorato
644 908 677 970 et
693 898 833 970 recluso.

323 993 464 1089 Insuper
480 998 585 1068 eciem
602 994 685 1068 dicte
702 999 820 1068 rivitus
837 997 996 1086 gloriatur
1009 1017 1047 1066 se
1064 989 1188 1066 babere
1204 993 1263 1062 xiii
1281 991 1410 1063 sencti-

275 1093 463 1168 monialium
481 1096 679 1164 mcnesterin
697 1091 830 1186 pulchro
849 1103 883 1164 et
899 1092 1054 1164 formoso.

323 1191 467 1262 Primum
485 1200 537 1262 est
552 1187 721 1262 beatorum
739 1189 899 1263 Undecim
916 1190 1051 1262 millium
1067 1191 1246 1279 virginum,
1262 1192 1293 1260 ii.
1311 1187 1411 1262 bento

276 1287 411 1378 ecclic,
434 1290 477 1358 iii.
500 1284 598 1358 boote
622 1287 728 1360 Merie
750 1290 784 1358 iu
807 1287 979 1381 Capitolio,
1002 1290 1046 1359 iv.
1070 1281 1242 1358 beatorum
1264 1283 1410 1358 bloche-

274 1383 433 1474 beorum
462 1388 493 1456 in
521 1407 585 1480 quo
613 1383 866 1461 innumerabiles
894 1383 1047 1458 videntur
1073 1383 1231 1478 reliquieq
1259 1406 1292 1456 v.
1320 1381 1411 1456 beuti

274 1481 445 1554 Maximini
462 1486 495 1554 in
513 1504 576 1577 quo
594 1485 698 1554 eciam
717 1493 793 1556 suut
810 1493 997 1556 sanctorum
1019 1482 1156 1576 reliquie
1180 1483 1333 1574 preciose
1349 1485 1410 1554 in-

274 1577 467 1652 numerabili
492 1579 713 1669 multitudinea
735 1584 778 1650 vi.
799 1590 850 1652 est
871 1578 968 1651 bento
986 1579 1082 1650 Clare
1099 1601 1174 1650 oum
1189 1600 1410 1672 personarum

275 1682 407 1771 copioso
425 1676 639 1766 multitudine,
657 1680 711 1750 vii.
731 1687 783 1748 est
799 1675 896 1748 beate
906 1675 1012 1749 blerie
1030 1675 1070 1746 ud
1087 1687 1206 1763 orum,
1224 1679 1291 1746 viii.
1310 1674 1410 1748 beate

274 1773 421 1867 Agathe,
449 1778 493 1846 ix.
520 1773 617 1845 beate
646 1770 828 1864 Gertrudisa
855 1797 889 1846 n.
917 1773 1005 1848 beuti
1031 1771 1192 1861 lllcuriciiq
1217 1776 1262 1844 ni.
1292 1785 1409 1845 sancte

211 1961 216 1972 Ι
273 1870 379 1942 lilerio
404 1869 625 1963 Mugdelene,
652 1873 707 1944 xii.
734 1875 968 1943 monesterium
991 1870 1077 1942 beati
1101 1869 1282 1943 Bernhorrli
1307 1871 1409 1942 vulbe

273 1967 443 2057 devotum
459 1972 526 2042 xiii.
538 1979 591 2042 est
607 1969 758 2040 clausurn
774 1969 889 2040 decem
908 1969 1041 2042 millium
1059 1979 1237 2062 martyrum
1252 1971 1284 2038 in
1296 1968 1407 2063 platea

274 2068 378 2140 suncti
394 2064 555 2156 Marcelli,
579 2091 652 2139 cum
677 2068 784 2140 multis
809 2067 969 2140 clausuris
987 2071 1020 2138 in
1038 2065 1152 2162 quibus
1176 2064 1301 2138 devote
1322 2087 1408 2160 per-

273 2185 357 2236 sone
374 2164 438 2236 deo
455 2163 653 2238 lamuluutur
670 2164 721 2234 dic
738 2188 778 2236 ac
794 2175 890 2236 nocte
908 2167 940 2236 in
958 2167 1159 2258 penitenciis.

323 2261 447 2335 civius
466 2265 642 2336 eciamista
654 2285 703 2334 xx
743 2261 974 2336 nrrcchiulibus
993 2263 1143 2336 ecclesiis
1161 2259 1337 2334 decoribus
1355 2273 1409 2334 est

271 2359 391 2432 nictu.
418 2361 525 2432 Prima
542 2371 594 2430 est
610 2359 707 2431 beate
762 2362 830 2432 arie
849 2360 890 2430 nd
908 2382 1042 2431 curcum
1059 2369 1185 2456 portum
1202 2363 1236 2431 in
1253 2360 1405 2453 pesculo,

271 2461 302 2529 ii.
321 2460 425 2532 suncti
450 2455 603 2530 lobannis
629 2457 861 2548 ewangeliste„
885 2459 926 2529 iii.
952 2456 1049 2530 boote
1072 2455 1177 2528 blm-ie
1201 2457 1242 2528 ed
1266 2457 1406 2548 gradus,

272 2558 316 2628 iv.
334 2553 420 2626 beoti
438 2553 530 2649 Lupi
548 2578 581 2627 v.
601 2559 704 2628 sancti
722 2553 900 2643 cuniberti
924 2559 968 2627 vi.
988 2558 1090 2628 suncti
1108 2555 1212 2645 Pauli
1231 2559 1288 2626 vii.
1308 2553 1404 2626 beate

271 2651 376 2724 lilerio
395 2653 689 2744 indulgencierum,
712 2655 779 2724 viii.
799 2657 902 2724 suncti
919 2651 1122 2742 Christolori,
1150 2655 1195 2724 ix.
1214 2661 1404 2726 sanctornm

272 2750 505 2846 apostolorum,
533 2773 566 2820 x.
586 2753 688 2822 sancti
705 2749 873 2839 ll'lauriciia
900 2754 944 2822 xi.
964 2756 1068 2824 suncti
1085 2751 1186 2838 Petri,
1211 2754 1269 2823 xii.
1290 2761 1404 2823 sancto
1489 2817 1490 2840 2

271 2845 443 2935 Columbe,
459 2851 525 2918 xiii.
538 2851 642 2920 sancti
653 2845 835 2938 laurencii
845 2851 923 2921 xiiii.
936 2859 1050 2920 sancte
1060 2847 1209 2940 Brigittep
1226 2869 1288 2922 xv.
1300 2851 1403 2920 suncti
1489 2873 1490 2895 ¹

269 2942 411 3035 Albani,
449 2948 520 3016 xvi.
549 2949 652 3016 suncti
680 2943 809 3016 Martini
843 2949 997 3036 minorisq
1030 2949 1110 3019 xvii.
1140 2949 1244 3017 suncti
1278 2944 1399 3032 iacobi,

268 3043 360 3211 gviii.
373 3045 477 3159 sancti
488 3040 642 3136 Lisolpbi‚
658 3047 727 3114 xix.
741 3041 1006 3116 sunclilobennis
1024 3041 1162 3138 baptiste
1178 3051 1211 3116 et
1226 3065 1288 3116 xx.
1301 3045 1402 3116 suncti

297 3161 462 3331 effi&
487 3242 591 3311 eciem
617 3237 843 3333 pulcherrimis
867 3236 953 3310 benc
978 3250 1109 3310 centurn
1127 3249 1162 3311 et
1178 3239 1261 3311 ultro
1287 3241 1354 3316 (leo
1371 3249 1401 3312 et

269 3337 339 3408 suis
357 3338 479 3409 sanctis
497 3337 609 3409 dicetis
628 3347 661 3407 et
678 3341 871 3409 constructis
889 3335 1062 3408 decoratur
1081 3341 1186 3409 coium
1200 3341 1273 3432 ipsu
1286 3341 1398 3410 civiles

268 3433 445 3526 imperialis
463 3445 496 3506 et
513 3443 625 3506 sanctu
643 3436 858 3510 universitate
873 3434 1103 3528 pulcherrimo,
1121 3438 1155 3506 in
1172 3456 1235 3529 (pro
1251 3436 1397 3509 estdoc·

268 3537 393 3622 lorum,
426 3536 657 3624 magistrorum
683 3542 717 3604 et
744 3531 937 3606 clericorum
966 3531 1202 3606 venerabilium
1231 3532 1397 3608 multitudo
1486 3629 1487 3655 Χ

269 3647 308 3700 oo
330 3651 411 3702 roso.

308 3649 358 3797 1bit
381 3731 409 3800 si
427 3751 497 3803 vox
514 3753 533 3802 a
550 3727 648 3801 leude
673 3737 797 3800 luceret
819 3750 940 3800 nomen
964 3737 1053 3800 tuum
1078 3725 1337 3818 resolventibus,
1360 3751 1394 3800 cc

266 3833 395 3898 sculum
413 3837 539 3898 tuorum
558 3849 721 3899 armorum
744 3825 1000 3916 intelligentibus
1024 3825 1129 3898 bonor
1152 3835 1228 3900 tuus
1247 3839 1283 3900 et
1299 3829 1391 3900 decor
1485 3883 1486 3907 ,

265 3921 449 4014 patefieret,
473 3947 550 3996 nom
567 3923 685 3998 diceris
703 3923 848 3996 Colonia.
887 3923 1022 3996 Colonia
1040 3927 1127 3996 euim
1145 3925 1260 3998 colens
1278 3927 1388 3998 omnin.

265 4015 322 4090 Sic
344 4025 483 4096 nominis
507 4006 805 4117 intebpretetioncm
833 4019 946 4094 babes.
982 4020 1088 4094 Nicbil
1115 4026 1204 4094 enim
1231 4047 1311 4096 esse
1333 4017 1387 4094 sub
1484 4087 1485 4094 ,

265 4115 339 4192 celo
364 4118 450 4212 quorl
474 4120 515 4190 ad
539 4119 591 4191 dei
616 4121 735 4192 cultum
754 4131 787 4191 et
803 4117 968 4192 hominum
986 4117 1144 4192 bonorem
1159 4132 1194 4192 et
1209 4121 1386 4194 communi-

321 4237 349 4311 ί)
369 4239 428 4296 W.:
448 4241 560 4300 mouille.
