2982 4824
250 267 322 348 638
422 267 600 328 umonunn
620 267 810 328 inornantur
828 269 937 328 ousta
957 269 1200 328 IMPERATORUM.

250 445 441 545 prohibens,
458 472 503 521 ne
519 449 590 546 quis
609 470 684 522 eum
700 447 737 538 in
761 449 992 545 imperatorem
1019 446 1178 541 naheren
1207 443 1378 520 Alamanie

250 546 512 645 principibusque
539 548 726 640 mandavit,
760 559 793 620 ut
821 549 920 620 ulium
946 551 1178 644 imperatorem
1208 547 1379 640 eligerent.

249 647 311 733 Qui
330 643 543 719 Fredericum
560 649 624 718 iam
642 645 762 719 dictum
778 667 897 738 regem
913 643 1023 717 Sicilie
1050 645 1233 741 ducemque
1256 643 1381 718 Suesia

251 745 427 837 eligentem
445 744 521 816 dum
534 746 727 817 electionem
740 747 945 838 suscepisset
955 743 994 815 ab
1007 747 1069 834 eis,
1083 748 1229 840 protinus
1242 743 1380 816 Romam

250 845 354 934 venit,
372 853 406 915 et
422 866 440 913 a
459 865 543 938 papa
562 853 736 938 susceptus
755 839 932 914 honorilice
951 853 984 914 et
1000 844 1172 932 Romania
1200 842 1279 913 inde
1298 865 1382 937 pau-

250 963 311 1034 per
337 944 432 1014 nimis
450 945 483 1012 in
500 940 709 1012 Alamaniam
725 944 796 1032 ivit,
815 937 869 1010 ubi
883 939 925 1010 de
937 938 1055 1013 Ottone
1069 950 1180 1013 contra
1189 963 1287 1036 spem
1308 963 1382 1012 om-

250 1041 339 1110 nium
356 1035 573 1135 triumphavit.
608 1037 682 1110 Non
701 1039 801 1114 multo
818 1046 892 1132 post
909 1035 983 1110 Otto
998 1041 1030 1110 in
1045 1043 1382 1112 excommunicatione

250 1135 422 1210 defunctus
441 1145 500 1208 est.
526 1135 586 1208 Set
596 1135 747 1208 mandata
759 1136 903 1208 ecclesie
914 1157 952 1210 se
966 1147 1187 1226 servatarum,
1200 1141 1229 1209 si
1239 1141 1380 1222 viveret.¹

250 1236 432 1308 iuramento
456 1233 616 1325 firmatim
643 1232 917 1307 absolutionema
943 1238 1103 1308 sententia
1123 1237 1239 1329 petivit
1256 1246 1290 1306 et
1307 1257 1382 1306 ossa

250 1354 309 1404 sua
328 1331 369 1404 ad
387 1331 491 1428 pedes
509 1354 594 1427 pape
612 1335 733 1428 portari
751 1335 920 1428 precepit,
939 1345 973 1404 ut
991 1337 1038 1405 sic
1056 1333 1173 1405 saltem
1195 1333 1381 1405 communi-

251 1439 342 1501 caret
359 1430 501 1502 ecclesie
519 1441 678 1521 mortuusa
697 1455 715 1500 a
734 1453 797 1525 qua
816 1428 1030 1504 aberraverat
1054 1441 1129 1502 ante
1147 1433 1259 1505 vivus.
1302 1429 1384 1502 Nam

250 1527 326 1600 licet
345 1539 498 1624 peccator
515 1527 624 1618 nent,
642 1539 752 1600 tamen
769 1531 801 1599 in
814 1527 876 1600 hnc
891 1533 1022 1622 signnm
1042 1529 1204 1602 fidelitatis
1231 1527 1381 1601 omnihus

250 1625 292 1696 de
310 1648 348 1700 se
365 1626 461 1699 dedit.
495 1624 591 1697 Unde
615 1626 729 1698 dicitnr
757 1625 855 1723 quod5
880 1637 1052 1724 postquam
1080 1631 1383 1701 excommunicatus

250 1745 311 1818 per
327 1726 538 1821 apostolicam
556 1727 751 1808 sententiam
778 1723 858 1815 fuit„
885 1745 1019 1821 semper
1042 1736 1157 1821 postea
1182 1725 1276 1798 solus
1299 1729 1383 1798 etin

251 1833 337 1894 terra
356 1822 504 1896 comedit.
531 1820 715 1897 Delimctus
734 1833 842 1895 autem
861 1845 947 1894 anno
968 1835 1082 1919 quarto
1094 1833 1266 1919 postquam
1279 1824 1382 1895 luerat

251 1931 438 2011 coronatus,
457 1939 544 1990 anno
563 1919 682 1993 domini
700 1926 867 1995 m.co.xv.¹
891 1921 1005 2012 [1218
1023 1925 1086 1994 mai
1106 1920 1180 2013 19].

300 2017 369 2090 Sed
387 2018 642 2114 pretereundum
660 2041 739 2093 csse
757 2041 822 2092 non
839 2029 936 2115 puto,
955 2021 1029 2116 quid
1053 2024 1125 2114 ipse
1157 2017 1231 2092 Otto
1262 2023 1295 2092 in
1318 2021 1385 2091 im-

251 2119 332 2211 perii
349 2119 438 2188 initio
461 2126 574 2189 contm
591 2115 784 2213 Phylippum
810 2139 927 2211 regem
944 2117 1082 2191 Francie
1110 2121 1314 2212 attemptavit
1343 2141 1386 2189 ex

250 2215 369 2288 frivola
392 2214 493 2288 vuldo
518 2237 628 2288 causa.
681 2215 764 2286 Cum
793 2219 879 2288 enim
905 2219 1035 2290 iuvenis
1065 2225 1157 2289 esset
1180 2225 1213 2287 et
1242 2219 1384 2287 incuria

251 2311 382 2385 Ricardi
400 2316 530 2406 cognati
548 2316 599 2386 sui
616 2317 707 2405 regis
724 2312 848 2406 Anglie
866 2315 966 2406 iuretq
984 2313 1111 2404 accidit,
1129 2325 1164 2385 ut
1176 2317 1210 2385 in
1221 2317 1385 2409 provintia

251 2409 452 2483 Normandie
468 2433 531 2483 rex
552 2408 731 2507 Phylippus
761 2411 855 2483 simul
883 2435 957 2483 cum
981 2411 1123 2484 Ricardo
1147 2433 1232 2503 rege
1261 2409 1387 2506 Anglie

251 2509 412 2600 militaret,
432 2511 475 2580 ita
494 2507 579 2604 qnod
597 2511 630 2580 in
647 2511 798 2580 comitatu
815 2513 907 2602 regis
925 2509 1050 2602 Anglie
1068 2507 1143 2581 Otto
1161 2519 1255 2583 esset
1272 2507 1387 2581 domi-

252 2606 356 2679 cellus
374 2611 485 2702 utique
502 2605 646 2679 nondum
665 2607 770 2679 miles,
797 2607 887 2679 Dixit
905 2619 1012 2680 autem
1024 2607 1185 2680 Ricardus
1202 2611 1278 2700 regi
1291 2607 1387 2703 Pny-

250 2705 358 2800 lippo:
386 2705 476 2796 Quid
496 2709 623 2777 videtu
642 2707 730 2776 oodtr
754 2709 795 2777 de
815 2707 930 2776 Ottonc
946 2716 1086 2796 capituto
1113 2705 1207 2776 mco?
1236 2703 1298 2777 Cui
1328 2727 1388 2777 rex

251 2806 310 2874 ait:
341 2805 456 2892 Utique
476 2807 558 2875 sotio
574 2805 662 2874 donc.
695 2803 741 2876 At
758 2801 919 2875 Ricardns
937 2807 1086 2898 gnaviter
1110 2803 1202 2893 ulit,
1228 2825 1271 2874 eo
1300 2801 1385 2898 quod

250 2901 339 2972 lente
357 2910 390 2971 et
407 2900 566 2973 derisorie
584 2903 676 2995 quasi
694 2901 912 2996 responderit„
930 2913 1026 2997 atque
1054 2923 1128 2974 cum
1145 2905 1269 2996 impetu
1300 2925 1387 2998 quo-

251 2995 325 3068 dam
344 2996 439 3070 dixit:
465 3001 580 3070 Adduo
605 3000 678 3070 Otto
695 3003 874 3089 imperator
900 3001 1063 3071 Romanus
1090 3003 1159 3071 crit.
1202 3000 1298 3072 llrnc
1324 3021 1386 3071 rex

252 3093 429 3191 Phylippus
457 3095 630 3170 subridens
663 3108 696 3169 et
725 3099 853 3169 luxurie
878 3097 1020 3193 loquens
1048 3096 1145 3169 dixit:
1175 3099 1253 3168 Cum
1283 3099 1387 3184 licerit

251 3197 430 3284 imperator
447 3197 533 3266 dodo
550 3197 601 3266 illi
618 3197 794 3285 derelicta,
815 3197 960 3268 Parisios
984 3205 1017 3268 al
1034 3199 1218 3268 carnotum.
1260 3197 1384 3270 Ricar-

308 3374 336 3436 l]
354 3370 465 3426 lllerher
504 3369 622 3428 ewiescn
636 3372 707 3428 steht
718 3387 759 3428 am
775 3377 870 3428 nntern
883 3371 949 3428 rond
963 3387 1016 3428 von
1026 3371 1168 3429 darsellten
1182 3371 1264 3444 hand,
1278 3373 1380 3430 welclre

252 3439 303 3496 den
320 3447 380 3522 text
397 3387 516 3498 schrieR:
546 3445 676 3525 Tempore
702 3443 808 3500 Ottonis
827 3443 854 3498 in
873 3442 1009 3500 territorio
1028 3441 1183 3500 caturcensi
1209 3443 1318 3514 duruit,
1343 3442 1385 3516 qut

252 3529 358 3568 cronica
378 3513 410 3568 ab
430 3512 506 3569 initio
526 3515 614 3570 mundr
635 3515 771 3586 usquead
791 3522 894 3587 tempus
913 3531 989 3570 suum
1010 3514 1180 3588 composuit,
1200 3531 1254 3588 quo
1275 3515 1303 3573 in
1318 3522 1385 3572 tem-

252 3599 318 3668 pore
337 3591 429 3640 contra
449 3585 611 3655 dlbigenscs
631 3587 789 3641 Francorum
809 3593 866 3642 erat
884 3585 1024 3641 exercitus.
1062 3586 1177 3642 Parisios
1204 3586 1284 3642 etiarn
1313 3585 1384 3643 multi

252 3657 353 3712 inventi
371 3663 434 3712 sunt
452 3657 608 3712 sacerdotes
627 3664 655 3712 et
673 3657 762 3712 clerici
781 3657 981 3714 consentientes
1007 3656 1091 3714 errori
1110 3657 1235 3714 Almerici
1260 3658 1295 3714 de
1314 3659 1385 3728 dro-

252 3725 307 3781 cesi
327 3726 485 3782 carnotensi
505 3727 618 3783 oriundi.
657 3725 776 3794 Quorum
795 3727 874 3800 aliqui
894 3731 956 3783 sunl
974 3727 1038 3798 igne
1057 3729 1180 3798 cremati,
1207 3727 1252 3785 alil
1272 3729 1384 3786 cameris

253 3796 401 3870 municipali.
437 3797 501 3854 Post
519 3797 594 3854 cuius
615 3805 726 3855 mortem
747 3799 851 3871 quidam
872 3799 940 3855 illius
968 3799 1089 3855 doctrina
1108 3799 1199 3856 iniecti
1219 3799 1385 3859 asserebant.

252 3869 325 3941 quod
344 3875 463 3942 potestas
483 3869 565 3942 patris
585 3871 688 3926 duravit
706 3870 830 3942 quamdiu
848 3869 934 3940 uiguit
951 3869 994 3926 lex
1013 3869 1108 3940 llloysi.
1144 3871 1179 3926 lit
1203 3872 1265 3943 quia
1286 3873 1382 3928 dictust

253 3947 302 4010 est,
321 3941 398 3997 novis
418 3941 668 4014 superuenientibus
688 3949 775 3998 vetera
794 3940 960 4015 prohicietis,
978 3941 1025 3998 illo
1052 3943 1079 3998 in
1099 3948 1220 4014 tempore
1249 3943 1381 4010 dicebant,

252 4019 415 4068 sumomonte
435 4012 498 4068 novi
517 4012 666 4068 testamenti
686 4022 711 4068 et
736 4013 786 4068 alia
805 4013 831 4069 in
851 4012 946 4086 quibus
966 4013 1038 4068 sulus
1058 4016 1099 4068 cst
1117 4011 1195 4069 linem
1214 4013 1331 4085 hahere,
1361 4019 1385 4067 et

252 4082 362 4154 spiritus
381 4084 465 4138 sancti
484 4090 588 4156 tempus
608 4084 750 4156 incepisse,
769 4087 796 4139 et
814 4097 1079 4157 unumquemcunque
1099 4085 1277 4156 pergratiam
1296 4083 1379 4141 sancti

253 4153 361 4234 spiritus
389 4153 499 4211 interius
528 4157 705 4228 purificantem
735 4155 830 4211 salvari
858 4155 917 4212 sine
945 4155 1135 4223 confessione,
1167 4155 1329 4212 eucharistia
1357 4157 1383 4210 et

253 4225 406 4281 huiusmodi
434 4226 559 4283 exteriori
587 4233 647 4284 actu
685 4244 748 4282 osse
767 4227 870 4283 salvari.
907 4227 1084 4298 caritatisque
1109 4227 1231 4284 virtutem
1259 4226 1383 4284 dicebant

253 4301 349 4351 tantam
370 4311 439 4366 essa
459 4303 485 4350 ut
505 4297 527 4350 si
546 4303 636 4372 stupra
656 4245 742 4372 alique
767 4304 875 4372 peccato
899 4298 992 4354 llerent
1018 4305 1066 4356 etc.
1094 4298 1182 4355 omnia
1209 4297 1380 4355 dimittentur.
