2900 4820
186 215 258 292 262
486 208 1007 270 mtumsuuuwuuuuaosusrs.

102 405 173 469 tote
187 392 265 466 mati
282 397 359 464 sunt
374 409 394 460 a
410 388 493 460 meri
509 408 614 480 usque
633 384 929 477 adAlamanuiam„
946 399 1157 482 preterquam
1166 387 1315 484 Auno-3

186 493 251 578 nis„
274 484 330 560 ubi
345 488 436 580 ipsos
454 507 538 580 papa
557 484 712 558 Clemens
730 495 845 558 sextus
870 483 1023 556 defendit.
1049 486 1128 557 Post
1144 483 1207 558 bec
1223 490 1316 560 tortis

188 584 382 682 quibusdam
397 586 431 655 in
447 582 570 672 Berua,
587 585 621 654 in
638 585 791 656 comitatu
807 581 959 674 Froburg
977 594 1010 655 et
1027 581 1114 672 alibi
1133 594 1167 654 et
1182 595 1316 679 reperto

186 689 220 756 in
243 683 420 773 Zovingen
436 701 599 770 ‚verteuo7
627 683 842 776 extinctisque
865 680 974 754 Iudeis
1001 685 1034 752 in
1061 679 1207 775 pluribus
1234 683 1317 756 loeis

189 785 373 877 scriptoque
391 778 433 850 de
449 778 512 852 boc
529 775 717 850 consulibus
728 778 935 868 BasiliensiS,
953 777 1184 870 Friburgensis
1199 788 1232 851 et
1242 780 1317 852 Ar-

188 880 394 976 gentinensis
407 879 586 964 civitatum
597 873 838 970 maioribusque
849 876 891 948 ad
902 875 1129 949 defensionem
1139 876 1317 952 nitentibus

185 977 374 1065 ludeorum,
392 997 432 1046 ac
448 973 640 1070 quibusdam
658 977 762 1046 eciam
779 972 939 1048 nobilibus
950 974 1082 1048 Basilee
1099 997 1159 1070 pro
1177 975 1317 1070 quadam

186 1077 302 1150 iniuria
318 1073 428 1146 ludeis
451 1072 539 1144 illata
564 1071 605 1142 ad
627 1072 765 1162 longum
787 1081 917 1165 tempus
940 1071 1097 1146 bannitis:
1122 1095 1202 1144 ecce
1225 1077 1319 1148 irruit

187 1173 327 1272 'populus
346 1192 421 1243 cum
436 1167 580 1242 baneriis
599 1167 640 1240 ad
657 1170 818 1263 palacium
836 1170 1017 1244 consulum.
1041 1167 1166 1258 Quibus
1183 1175 1319 1262 barride„

187 1281 221 1343 et
244 1278 403 1366 querente
424 1270 602 1358 magistro:
631 1271 712 1354 quid
734 1269 870 1340 uellent?
897 1268 1155 1361 responderunt:
1177 1289 1212 1338 se
1231 1273 1319 1340 nolle

188 1371 282 1442 ubire
298 1369 363 1438 uiti
379 1369 523 1436 bannitis
539 1369 692 1454 renerum
711 1388 772 1459 pro
790 1363 905 1458 quibus
916 1367 1001 1437 illico
1013 1377 1065 1438 est
1076 1370 1318 1458 transmissum,

188 1462 376 1538 consulibus
394 1485 460 1536 non
484 1459 677 1536 audentibus
697 1463 824 1554 egredi„
849 1484 1020 1558 quousque
1037 1473 1211 1536 venerunt.
1238 1463 1320 1537 Ad-

188 1567 327 1657 iecitque
357 1561 514 1657 populus:
549 1581 584 1632 se
612 1563 699 1631 code
726 1564 815 1650 quod
840 1563 922 1632 inibi
947 1566 1088 1652 amplius
1113 1573 1323 1636 remunerent

185 1664 296 1734 dtttlct'.v
315 1658 357 1732 Et
373 1663 513 1732 iuratum
530 1669 584 1732 est
598 1680 659 1754 per
682 1657 838 1732 eonsules
856 1669 889 1730 et
905 1661 1072 1754 poputum
1097 1659 1183 1754 quod
1199 1664 1235 1732 in
1251 1659 1320 1732 du-

189 1762 294 1833 centis
312 1761 407 1830 annis
424 1754 501 1828 inibi
518 1778 683 1850 nunquam
700 1756 886 1848 residerent
897 1756 998 1830 Iudei.
1018 1755 1320 1852 conveneruntque

185 1856 312 1952 pluries
339 1856 448 1928 nuncii
474 1854 630 1926 meliores
658 1853 838 1926 earundem
867 1859 961 1926 trium
990 1857 1174 1943 civitatum,
1202 1853 1319 1950 quibus

190 1951 278 2028 cordi
291 1954 518 2025 eratretenoio
528 1949 717 2040 luteorum,
735 1951 796 2026 sed
810 1953 920 2047 populi
937 1955 1113 2024 timuerunt
1130 1952 1319 2024 clamorem.

190 2049 237 2122 Ca
262 2054 284 2122 ti
301 2060 377 2124 sunt
394 2058 504 2123 autem
521 2049 664 2143 undique
680 2051 714 2120 in
730 2049 874 2145 partibus
892 2049 955 2120 illis
972 2046 1073 2120 Iudai.

235 2074 378 2220 bbdictus
397 2156 577 2220 astantem
600 2150 757 2220 terminus
776 2149 808 2218 in
824 2145 969 2218 Benvelt
984 2146 1135 2236 Alsacie,
1159 2143 1213 2220 ubi
1231 2168 1319 2218 con-

187 2257 353 2319 venerunt
376 2247 564 2339 episcopus
588 2242 707 2316 domini
732 2254 765 2315 et
780 2242 924 2316 barones
950 2255 983 2314 et
1007 2246 1116 2316 nuncii
1140 2246 1318 2317 civitatum.

183 2341 320 2416 Nunciis
344 2350 454 2416 autem
470 2339 770 2434 Argentinensibus
789 2339 986 2413 dicentibus:
1009 2362 1044 2411 se
1064 2345 1115 2412 nil
1132 2345 1213 2412 muti
1231 2347 1319 2414 scire

186 2446 227 2514 de
243 2443 353 2514 Iudeis
368 2443 444 2530 suis,
462 2442 624 2533 quesitum
642 2449 694 2512 est
710 2434 750 2510 ab
770 2441 834 2512 eis:
853 2459 913 2510 cur
929 2457 1010 2510 urite
1027 2443 1068 2510 de
1086 2460 1197 2510 eorum
1209 2445 1319 2529 puteis

183 2543 252 2612 mul
264 2539 412 2627 sublate?
429 2534 544 2612 Omnis
563 2539 647 2608 enim
666 2535 805 2630 populus
824 2533 985 2608 clamabat
1002 2547 1114 2608 contra
1132 2559 1201 2612 eos.
1222 2537 1318 2610 Con-

185 2644 352 2709 venerunt
369 2645 478 2706 autem
490 2637 679 2728 episcopus„
698 2633 965 2707 dominiAlsacie
979 2637 1172 2708 etciuitates
1190 2639 1318 2730 imperii

182 2734 228 2830 *de
251 2756 318 2806 non
340 2729 499 2804 habendis
515 2729 636 2804 Iudeis.
662 2730 705 2802 Et
722 2734 770 2804 sic
785 2730 883 2803 modo
900 2735 933 2802 in
953 2753 1017 2803 uno
1040 2732 1127 2822 loco,
1150 2743 1267 2826 postea
1285 2738 1319 2806 in

185 2831 262 2922 atto,
287 2839 363 2904 sunt
379 2831 523 2902 mematt'.
549 2826 682 2900 Alieubi
699 2839 808 2901 autem
829 2839 906 2903 sunt
923 2831 1071 2923 expulsi;
1092 2852 1173 2924 quos
1192 2832 1317 2923 vulgus

187 2925 453 3024 apprehendens,
471 2924 532 3000 hos
551 2929 723 3017 cremavit
741 2928 867 3021 aliquos
885 2927 1058 3016 interiecit
1076 2927 1159 3000 alios
1170 2931 1203 3000 in
1215 2931 1317 3022 palu-

186 3025 279 3100 dibus
305 3023 486 3098 suffocavit.
512 3021 683 3098 Nitebattu
706 3034 815 3097 autem
838 3025 956 3096 Petrus
974 3022 1135 3098 Suarber
1157 3030 1318 3118 magister

180 3121 394 3198 'scalmorum
405 3133 439 3196 et
455 3123 552 3220 aliqui
569 3121 622 3194 alii
633 3121 902 3213 Argentinenses
922 3121 1027 3194 adhuc
1044 3121 1225 3196 defendere
1243 3145 1318 3216 coe,

180 3220 333 3306 ¹diceutes
363 3221 500 3315 populo:
529 3225 559 3292 ei
580 3224 749 3308 episcopus
770 3227 803 3289 et
827 3221 966 3290 barones
987 3223 1021 3289 iu
1041 3221 1104 3292 doc
1124 3226 1171 3291 eie
1189 3242 1317 3310 prauu-

179 3323 311 3410 pluerat,
334 3322 400 3389 nisi
420 3327 453 3389 ct
470 3323 504 3390 in
524 3321 602 3388 aliis
617 3320 814 3408 prevaleant
830 3339 897 3388 cort
917 3322 1088 3406 quiescent.
1120 3318 1188 3390 Sed
1205 3319 1317 3391 nichi-

178 3418 325 3500 lominus
349 3415 487 3489 inualuit
509 3415 603 3508 vulgi
627 3415 759 3490 clamor.
804 3414 945 3488 Cremuti
970 3426 1046 3488 sunt
1069 3419 1167 3508 igitur
1190 3415 1317 3514 absque

185 3516 368 3604 sentencia,
393 3512 434 3583 ad
457 3513 635 3586 clamorem
658 3515 781 3608 populiq
805 3536 921 3588 ornnes
945 3511 1037 3584 ludei
1054 3513 1257 3587 Basilienses
1283 3519 1317 3587 in

178 3635 249 3695 ¹una
272 3613 379 3685 insula
402 3612 502 3702 Item,
528 3616 562 3682 in
586 3609 682 3682 domo
706 3632 795 3686 nova
820 3616 869 3684 eis
892 3612 991 3702 facta,
1013 3611 1097 3682 feria
1122 3623 1217 3684 sexta
1241 3624 1317 3706 post

184 3709 312 3803 Hylarii
335 3730 421 3782 anno
445 3708 565 3780 domini
589 3709 783 3780 mmccxlix.
812 3711 891 3802 [iun.
915 3709 977 3798 16]
1005 3719 1038 3780 et
1061 3713 1209 3804 sequenti
1233 3709 1315 3781 feria

185 3817 280 3880 sexta
292 3803 456 3896 Frittrrgt,
475 3806 646 3878 duodecim
664 3804 837 3880 dicioribus
854 3809 1003 3897 retentis,
1020 3818 1056 3878 ut
1065 3829 1125 3902 per
1135 3807 1209 3880 illos
1229 3829 1316 3901 pos-

185 3915 259 3978 sent
276 3926 391 3976 eorum
401 3901 573 3976 debitores
591 3913 709 3975 artare.
782 3909 785 3920 ’
1151 3969 1153 3974 .

231 4001 327 4098 Spire
351 4013 460 4074 autem
478 4013 511 4073 et
526 3999 718 4075 Wormacie
735 4001 827 4074 ludei
852 4007 884 4074 in
908 4027 973 4076 una
995 4001 1102 4074 domo.
1116 4005 1313 4096 cougregati

175 4099 440 4176 veombusserunt
456 4121 495 4173 se
511 4103 627 4193 ipsos.¹
671 4099 714 4172 tu
729 4104 856 4174 inventi
873 4111 950 4176 sunt
966 4104 1074 4174 omma
1091 4103 1186 4194 quasi
1204 4103 1315 4172 male-

238 4223 268 4298 t)
287 4225 316 4283 lc
331 4225 362 4283 Α.
377 4224 450 4284 steht
468 4229 531 4285 stru
550 4223 639 4284 dieses
658 4231 759 4286 satae:
779 4224 855 4304 spire
875 4232 961 4288 auten
979 4223 1052 4287 ltdei
1065 4222 1092 4284 ic
1111 4221 1238 4286 domibus
1256 4221 1313 4282 suis
