2900 4820
424 291 588 350 numinis
607 289 945 350 nonwnneonatmsts.
1173 291 1245 370 275

120 465 268 558 Qualiter
288 471 432 542 Clemens
450 491 545 561 pepo
561 477 671 550 scotos
686 477 843 561 perpetuo
863 467 1167 542 cannamomum
1187 471 1246 540 ta·-
1262 495 1332 552 taso

207 570 333 648 ‚otram
353 573 389 642 tm
410 589 499 641 omma
519 573 798 660 mammaeam.

165 719 249 792 Cum
266 731 375 794 autem
387 719 544 796 Clemens
561 729 646 817 papa
663 733 780 796 sextus
799 743 921 794 annum
938 721 1244 818 quinquagesimum

116 829 277 913 perpetuo
296 829 454 892 statueret
470 817 637 912 lubricum,
655 841 752 915 quem
763 819 951 894 Bonilacius
968 829 1107 894 ocums
1125 827 1246 892 cenw-

115 919 248 992 simum¹
263 927 432 1008 statuerat,
461 921 553 1012 quasi
580 939 704 992 nomm
731 917 894 991 inchoans.
915 920 1103 1007 timorosus,
1131 914 1245 990 dicens

115 1016 188 1108 ipse
212 1012 381 1104 Clemens,
409 1019 716 1110 quinquagesimum
740 1019 848 1108 magis
871 1013 1017 1091 Levitico
1045 1016 1242 1086 convenire:

112 1133 195 1184 ecce
218 1111 392 1185 inchoante
417 1112 536 1184 eodem
560 1137 646 1186 anno
670 1125 704 1187 et
725 1137 786 1209 per
808 1123 910 1186 totum
938 1113 1244 1206 quinquagesimum

111 1217 202 1280 tanta
219 1210 359 1282 Romam
384 1209 650 1284 Christicolarum
677 1213 810 1286 canduit
836 1207 1018 1302 multitudo,
1045 1209 1150 1308 qualis
1177 1230 1244 1280 nou

112 1305 179 1378 illic
196 1303 237 1379 ab
255 1306 338 1380 urbe
355 1308 483 1381 condita
501 1307 694 1382 confluebat.

112 1495 265 1586 Qualiter
280 1517 375 1588 popo
394 1500 536 1570 inhibuit
555 1517 745 1589 processum
763 1499 1004 1589 tapettaromm
1018 1517 1083 1590 pm
1102 1517 1244 1572 ceruar-

211 1616 282 1667 sum
303 1599 419 1668 lloroli
438 1599 658 1670 aomanorum
678 1601 774 1688 repis.
947 1621 951 1628 ·

160 1745 351 1846 Requisims
363 1761 472 1824 autem
485 1771 569 1846 papa
581 1773 641 1846 per
651 1747 808 1824 Kumlum
824 1769 943 1844 regem
952 1749 1138 1826 Romanum
1155 1773 1239 1848 pro·

108 1871 244 1920 cessum
268 1847 374 1940 dedit,
398 1871 461 1944 quo
478 1847 718 1942 flagellatorum
743 1860 869 1922 sectum
893 1848 1080 1942 detestans,
1105 1871 1164 1924 eos
1182 1855 1239 1922 in-

106 1943 213 2018 hiberi
236 1951 373 2044 precipit
390 1957 423 2019 ct
439 1947 615 2040 religiosos
641 1949 690 2020 eis
708 1947 862 2020 faventes
881 1969 941 2042 per
965 1948 1139 2045 episcopos
1157 1971 1242 2044 oup-

106 2047 219 2136 uvam,
243 2047 484 2137 castigaciones
507 2056 619 2118 tumen
636 2045 782 2118 occultas
799 2047 833 2116 in
849 2041 1003 2141 hospiciis
1023 2043 1111 2120 bona
1128 2049 1243 2120 inten-

107 2144 206 2214 cione
224 2147 426 2237 permittens.
460 2143 626 2216 Pretendit
650 2165 778 2238 quoque
795 2145 828 2213 in
850 2165 1024 2238 processu,
1048 2142 1135 2240 quod
1159 2145 1243 2218 sicut

107 2261 229 2311 manus
247 2243 281 2312 in
297 2263 415 2311 necem
432 2239 620 2330 iudeorum
644 2263 726 2335 quos
751 2241 856 2334 pietas
876 2239 1059 2314 Gluistiana
1084 2239 1242 2331 defendit,

107 2335 278 2430 laxarunt,
296 2338 402 2411 simile
420 2336 462 2409 de
480 2341 529 2412 eis
548 2347 660 2410 contra
678 2335 798 2434 probos
817 2337 899 2440 alios
918 2341 960 2414 sit
977 2337 1175 2411 temendum.

112 2527 165 2597 lte
182 2528 327 2614 quodam
341 2527 413 2610 filio
429 2533 507 2599 moto
518 2527 643 2600 llorolo
660 2530 733 2618 rupi
749 2547 791 2598 ce
806 2545 894 2598 aooo
910 2543 1014 2598 rmore
1027 2529 1062 2600 im
1074 2509 1242 2598 Botrmi'o.

160 2675 267 2750 Natus
291 2689 343 2752 est
368 2689 478 2752 autem
500 2677 626 2753 eisdem
650 2677 766 2752 diebus
792 2677 1096 2771 [iun.17]liarolo
1118 2679 1192 2773 regi
1209 2681 1243 2752 in

105 2773 268 2848 Bobenia
287 2799 332 2850 ex
347 2799 437 2852 nova
461 2799 566 2850 uxore
591 2775 689 2866 lilius,
716 2775 944 2850 Wenueslaus
969 2799 1015 2850 ex
1031 2799 1158 2874 proavo
1175 2797 1243 2851 uo·

105 2876 262 2948 minmus.
293 2877 356 2962 Qui
373 2897 437 2948 rex
451 2874 587 2948 Iohanni
610 2874 700 2946 fratri
718 2897 779 2948 suo
804 2873 1061 2948 marchionatum
1078 2875 1243 2966 Manavia,

104 2979 155 3043 ut¹
176 2971 237 3044 iuri
256 2993 317 3044 suo
334 2975 368 3044 in
383 2971 540 3044 bohemia
558 2971 706 3060 cederet,
725 2975 922 3065 assignavit¹
944 2971 1241 3064 [leuauerant

103 3071 269 3157 Quamvis
292 3080 403 3142 autem
420 3071 589 3142 modicum*
604 3091 721 3164 paoem
738 3068 925 3162 Germanis,
950 3093 1105 3163 magnam
1128 3081 1240 3143 mmen

2 3248 3 3252 Ἴ
104 3178 263 3261 procurat
277 3167 445 3258 Bohemin
463 3188 578 3240 omnes
597 3165 820 3240 indifferenter
836 3167 1052 3265 decapitando
1068 3179 1240 3262 raptorem
1277 3235 1299 3242 .,
1422 3235 1423 3240 ,

105 3263 197 3335 unde
225 3263 302 3338 inibi
328 3275 444 3360 potens
471 3275 536 3358 est,
564 3261 716 3360 plebique
744 3277 907 3362 acceptus.
945 3267 1008 3354 Qut
1037 3277 1071 3339 et
1097 3267 1239 3359 Prugam

105 3362 338 3456 magnificavit
353 3366 386 3434 in
404 3360 513 3460 duplo.
587 3393 590 3400 ⁴

105 3563 209 3621 babere
222 3582 236 3619 a
249 3564 355 3620 Fraude
373 3569 448 3638 putre
460 3565 502 3622 vel
514 3565 569 3622 lilio
588 3581 637 3640 pro
657 3567 797 3638 sesamum
816 3567 923 3624 milibus
941 3565 1114 3638 florenorum,
1132 3567 1238 3634 taudem

104 3635 198 3706 Angla
219 3653 268 3708 pro
287 3636 449 3694 liberucioue
468 3655 515 3694 sua
535 3637 602 3694 duas
616 3635 649 3694 dc
668 3637 724 3694 suis
744 3637 941 3698 municionibus
961 3639 1117 3711 assignavit,
1135 3657 1185 3714 pro
1204 3657 1238 3698 eo

105 3707 231 3780 improbe
250 3707 398 3764 decollavit.
429 3709 477 3764 liic
495 3709 628 3765 lohannes
648 3727 717 3766 uuuo
738 3712 808 3768 dom.
823 3710 941 3768 mcccli.
955 3711 988 3766 de
1007 3726 1099 3767 meuse
1117 3710 1237 3769 ianuario

106 3777 208 3834 cunam
233 3777 377 3834 Romanam
403 3779 533 3836 accedens
559 3780 701 3836 duodecim
727 3782 874 3838 cardinales
903 3781 1056 3855 procuravit
1079 3780 1239 3856 promoveri.

106 3847 215 3918 Augias
233 3865 307 3920 vero,
325 3865 406 3921 super
423 3851 598 3924 promocione
618 3852 695 3908 unius
715 3853 800 3910 solius
819 3853 940 3909 scribens
959 3871 1036 3979 pape.
1055 3871 1109 3910 uon
1129 3860 1172 3909 est
1190 3868 1241 3909 un⁴

106 3920 190 3990 ditus,
214 3926 325 3992 propter
347 3922 421 3994 quod
446 3939 540 3979 omnes
567 3921 594 3979 in
613 3939 700 3994 regno
720 3941 770 3982 suo
790 3943 838 3997 per
860 3941 987 3998 pupuma
1010 3923 1153 3982 'benedciu
1173 3939 1241 3995 uua-

106 4009 214 4062 cunque
237 3998 378 4063 promotos
404 3993 504 4066 expulit
527 3995 576 4049 sub
603 4011 670 4066 pena
696 3993 908 4066 submersionis,
934 4013 967 4050 ne
986 3996 1046 4067 quis
1065 3993 1129 4052 inibi
1149 3993 1240 4050 literas

105 4061 274 4134 apostolicus
287 4079 458 4192 quascunaue
468 4071 495 4121 et
504 4065 685 4140 cuiuscunque
698 4068 800 4124 tenens
814 4073 969 4139 exspuatur,
980 4067 1134 4123 inhibendo.
1157 4065 1241 4122 Fran-

105 4149 157 4188 cus
177 4139 275 4204 uutem,
292 4135 388 4192 hmeus
426 4153 544 4194 euxore
563 4155 628 4210 suu,
647 4139 716 4196 duos
734 4145 806 4198 terra
825 4145 964 4209 magnates
983 4138 1116 4210 decapitat
1133 4143 1242 4211 propter

105 4203 274 4278 colloquium
294 4207 411 4264 habitum
431 4209 611 4266 cumeudem.

160 4309 190 4382 i)
210 4317 239 4368 ut
258 4314 311 4369 und
331 4311 478 4386 assignavit
497 4331 544 4372 aus
563 4316 595 4374 A.
616 4319 734 4389 argium.

977 4421 1033 4482 ta*
