2982 4824
494 247 646 306 moruus
666 247 862 307 mononem.
1172 253 1238 325 ool

115 423 247 518 mentis,
265 421 350 501 sedit
366 443 471 498 annos
488 433 571 498 ooto.
598 421 680 496 Gum
697 424 814 498 limeis
832 434 865 497 et
880 423 1104 500 Romandiolis
1122 447 1243 519 magna

115 525 218 620 prelia
236 525 405 598 eommisit

164 621 286 696 1363.¹
321 622 430 694 Pisani
456 625 489 694 in
515 622 619 717 prelio
641 625 725 719 eapti
750 620 792 694 ad
817 621 1040 718 speetaoulum
1065 619 1243 696 Florentini

114 715 225 818 populi
248 718 462 816 quadraginta
486 729 623 816 quatuor
639 718 786 794 curribus
803 742 865 817 per
886 718 1002 792 urbem
1026 718 1242 793 devehuntur.

165 817 272 891 1365.
298 817 437 892 Carolus
452 821 630 914 imperator
646 822 678 891 in
694 817 819 892 ltaliam
836 819 1015 891 revertitur
1031 827 1065 890 et
1080 841 1154 890 oum
1171 818 1244 891 Ur-

115 918 201 992 bano
218 914 377 1011 aliquibus
394 914 494 989 rebus
511 915 655 989 archana
678 919 865 1013 eompositis
884 927 976 990 trans
994 918 1086 1012 alpes
1103 915 1242 988 reduxit.

164 1015 289 1089 1366.2
320 1013 475 1088 Nioolaus
501 1014 705 1106 Aeniaiulus‚
732 1037 836 1111 eques
859 1013 1067 1088 Florentinus
1090 1023 1124 1085 et
1146 1017 1244 1106 regni
1362 1053 1364 1058 ·

52 1173 60 1186 .
114 1115 237 1212 Apulia
254 1111 475 1232 nobilissimus
493 1111 706 1206 gubernator,
729 1110 869 1210 Neapoli
891 1115 1037 1204 monne,
1061 1115 1156 1185 etatis
1181 1133 1242 1184 suo

115 1221 700 1402 afflguinqlllggneffiodfflssima
724 1308 843 1382 Christi
870 1249 988 1383 mulier
1016 1311 1108 1382 etin
1135 1331 1243 1402 regno
1385 1403 1390 1414 Ι

113 1412 227 1486 Suetie
243 1407 368 1526 lleritie
393 1409 559 1504 priooepm
584 1404 723 1480 Romam
748 1429 895 1505 peregre
919 1406 1077 1503 prolaeta,
1101 1406 1242 1481 inltalia

113 1518 487 1681 mgrgoggrmssomdus
504 1605 635 1678 Brunus
652 1603 826 1678 historiens
844 1604 949 1678 Aretii
966 1607 1120 1678 nascitur.

163 1703 271 1778 1370.
298 1701 437 1776 Carolus
454 1704 631 1799 impemtor
646 1706 710 1775 iam
720 1712 816 1775 etate
833 1704 942 1798 gravi,
966 1706 1097 1798 proprie
1114 1724 1242 1776 eonsu-

112 1806 187 1878 lens
205 1804 316 1898 quieti,
333 1800 535 1873 Vineislaum
554 1799 654 1873 lilium
665 1823 760 1876 suum
773 1811 851 1874 natu
868 1799 1078 1894 grandiorem
1090 1821 1241 1873 oesarem

113 1904 190 1976 laoit
205 1911 241 1971 et
257 1918 488 1973 suceessorem
511 1896 571 1973 sibi
593 1901 626 1970 in
649 1901 786 1996 imperio
809 1899 923 1992 deligit
950 1896 1062 1990 [1376
1079 1901 1145 1970 iun.
1164 1899 1240 1991 10].

162 1996 269 2072 1371.
302 1993 485 2089 Gregorius
513 1995 705 2072 undeoimus
733 1999 792 2071 luit
812 1997 1037 2094 Equitanieus‚
1065 1995 1149 2070 sedit
1175 2021 1242 2070 an-

110 2120 174 2174 nos
191 2100 243 2170 ud
273 2094 350 2192 lpse
374 2096 494 2169 scisma
512 2098 659 2186 meavit
673 2095 762 2167 unde
781 2095 887 2169 laetus
909 2095 968 2167 fuit
986 2096 1064 2167 exul
1082 2117 1101 2166 a
1119 2095 1242 2168 llarolo

110 2198 215 2271 toreio
231 2185 454 2290 imperatore?

121 2307 124 2314 '
160 2292 268 2366 1372.
294 2290 415 2364 Paulus
433 2300 603 2383 geometra
614 2289 787 2364 llorentie
803 2288 941 2363 habetur
957 2290 1107 2382 insignis.

162 2389 269 2464 1374.
294 2383 491 2464 lraneisous
508 2389 684 2464 Petrareha
702 2392 834 2483 egregii
850 2389 990 2462 nominis
1006 2397 1104 2482 poeta
1120 2388 1154 2458 in
1171 2388 1242 2460 Pa-

108 2492 213 2563 tavini
231 2489 304 2582 agri
320 2507 420 2583 pagoq
439 2490 492 2583 qui
511 2486 669 2583 Arquada
688 2486 814 2579 dieitur,
831 2483 908 2559 obiit
926 2485 996 2577 [iul.
1017 2483 1091 2575 16].

159 2585 266 2661 1375.
292 2587 487 2682 Prineipium
501 2583 591 2677 belli,
608 2583 695 2681 quod
706 2584 883 2658 Florentini
901 2604 1044 2678 gessere
1061 2603 1136 2656 oum
1149 2579 1240 2655 Gre-

106 2689 204 2780 gorio
221 2683 382 2781 pontiliee.
414 2682 579 2758 lohannes
596 2683 776 2756 Boooaoius
793 2687 847 2756 vir
867 2685 976 2756 ameni
993 2682 1118 2774 ingenii
1136 2689 1170 2752 et
1184 2680 1240 2753 la-

106 2789 173 2857 tina
192 2785 361 2879 patriaque
379 2781 531 2856 faeundia
547 2785 581 2854 in
599 2779 772 2855 scribendo
789 2779 943 2873 salebris,
964 2783 1069 2853 evita
1086 2781 1243 2872 migravit

108 2882 200 2975 [dee.
217 2881 282 2972 21]
302 2882 396 2954 etatis
414 2901 501 2953 anno
519 2881 598 2955 lxii.
1054 2907 1057 2912 ·

156 2977 265 3052 1376.
292 2977 475 3072 Gregorius
492 2971 639 3074 pontifex
652 2976 857 3051 intollerabili
872 2981 989 3052 vesiee
1006 2977 1120 3050 dolore
1134 2976 1241 3050 Rome

107 3081 230 3152 interiit
247 3079 374 3150 nimiter
388 3075 549 3150 kalendas
566 3077 677 3172 aprilis
698 3079 805 3168 [marn
824 3076 900 3167 26].
987 3073 988 3080 ’

155 3174 312 3249 Urbanus
330 3183 447 3250 sextus
465 3173 569 3248 dimus
585 3171 817 3263 Seatabellius,
842 3172 927 3248 sedit
944 3191 1048 3245 annos
1065 3174 1113 3262 xi
1139 3193 1241 3244 men-

100 3269 1006 3444 35⁵lllrltldlttltllffllllllltll
1013 3266 1240 3442 tldtltl

100 3395 257 3568 Urffius
275 3479 390 3542 natura
416 3424 578 3564 ilquiems
596 3391 843 3540 ululantum
859 3469 894 3540 in
910 3475 1036 3562 patres,
1061 3486 1125 3574 serr
1143 3426 1239 3541 simul

98 3567 288 3640 cardinales
305 3565 444 3638 Lueerie
460 3571 494 3639 in
519 3587 657 3638 eareere
678 3566 813 3639 reclusit
830 3577 863 3638 et
879 3585 945 3639 non
963 3563 1064 3636 multo
1081 3572 1156 3658 post
1171 3586 1240 3635 ne-

99 3668 171 3738 eari
180 3669 284 3740 iussit.
308 3665 437 3755 l'atresa
456 3663 606 3738 dolentes
619 3658 804 3760 pontilieem
816 3673 1044 3743 *contumaeem
1056 3660 1239 3753 delegisse,

97 3763 143 3835 ab
161 3785 203 3836 eo
219 3783 397 3837 recessere
408 3772 441 3835 et
452 3760 577 3834 Fundis
595 3772 762 3858 conuentu
779 3761 866 3834 laeto
878 3761 1084 3833 Clementem
1101 3757 1241 3850 elegere

97 3863 202 3957 [sept.
219 3861 297 3953 20].
334 3857 607 3956 Sioqueduobus
631 3863 810 3954 assumptis
833 3855 1169 3955 pontilieihusdiviso
1188 3865 1241 3928 est

94 3959 250 4034 Romana
266 3959 421 4051 eoelesiaa
443 3969 476 4030 at
493 3960 684 4054 prinoipium
701 3955 813 4029 habuit
831 3959 964 4047 scisma,
991 3953 1077 4050 quod
1091 3975 1155 4049 per
1171 3974 1239 4025 no-

150 4135 181 4206 l)
200 4137 268 4192 naelr
282 4135 309 4192 6.
323 4135 420 4193 Villani
432 4137 476 4208 xl,
490 4137 525 4194 97
540 4137 559 4192 i.
576 4137 619 4195 ilal
640 4136 698 4194 dies
717 4137 813 4193 tredan
832 4134 902 4192 1364
918 4133 963 4191 iul.
977 4132 1083 4190 29vor.
1118 4131 1150 4202 2)
1168 4132 1236 4189 naelr

89 4207 224 4266 liuratori
244 4207 341 4264 Annali
367 4207 437 4264 1365
456 4223 518 4266 nov.
555 4209 586 4277 3)
605 4206 671 4264 1371
693 4207 744 4265 iau.
764 4209 781 4265 5
801 4238 832 4249 -
854 4205 926 4265 1376
944 4209 1018 4264 mira
1035 4203 1080 4263 26.
1116 4204 1147 4278 4)
1166 4203 1237 4263 1376
1260 4241 1271 4250 .,

89 4297 150 4354 apr.
173 4279 209 4337 16
228 4309 259 4320 -
282 4277 353 4336 1360
371 4285 424 4337 oct.
444 4279 485 4337 15.
523 4283 553 4349 5)
572 4295 605 4338 so
624 4279 668 4337 dle
685 4279 727 4336 hs.
