2904 4822
267 219 270 226 ’
359 223 532 285 armanum
547 225 592 284 or
605 221 868 284 nmssmnovm.
1140 222 1190 299 57

58 501 224 589 Quonam
235 509 326 574 uenit
340 507 474 592 quidum
484 509 519 574 in
530 487 712 575 morediano
718 507 1064 593 brandenburgensem
1077 506 1188 574 dicens

144 621 181 672 aa
203 603 438 690 marchionem,
461 612 494 674 ct
513 607 680 674 adiutorio
704 605 809 672 cidem
833 603 975 672 adnibito
998 621 1061 690 por
1078 621 1187 692 reycm

147 701 328 788 duratam
345 704 607 788 aqscdomob'u
624 705 665 770 da
682 703 851 770 conomcr'a
868 708 901 770 ct
914 700 1036 770 ciuibm
1043 701 1187 787 Macen-

145 797 328 868 tinann'das
344 806 377 867 ct
390 801 535 886 imorum
551 802 711 887 mbeopo.
828 861 832 866 .

95 963 221 1036 diense
235 986 322 1036 vero
332 969 463 1058 augusti
480 967 556 1037 anni
566 963 700 1060 predicti
719 963 848 1059 quidam
860 966 1002 1037 venitin
1012 959 1189 1038 marchiam
1206 978 1273 1034 tata

51 1060 424 1154 amonemurgensem,
442 1063 558 1150 dicans⁸
572 1085 611 1138 so
629 1084 708 1146 asse
724 1059 945 1144 marchionem
951 1059 1188 1142 Brandenbur-

53 1181 206 1252 gerasam
225 1162 282 1254 qui
298 1169 376 1230 anta
393 1163 524 1252 triginta
541 1183 646 1234 annos
664 1157 1003 1248 dicebaturmortuum
1019 1180 1078 1252 pro
1095 1161 1187 1232 ouius

52 1261 146 1328 ctiam
156 1267 267 1328 morte
277 1253 445 1329 dicebatur
455 1257 695 1330 marchionatus
706 1279 843 1347 vacare,
860 1279 958 1350 quem
968 1258 1066 1328 ctiam
1072 1253 1188 1328 Luda-

53 1360 155 1426 wious
166 1353 425 1426 contuderatlilio
437 1359 734 1450 suoprimogonito-q
745 1358 799 1449 qui
810 1377 848 1428 so
859 1357 956 1426 etiam
966 1351 1188 1428 marchionem

51 1447 236 1546 appellabat
252 1462 288 1548 et
304 1454 375 1524 eius
393 1457 641 1546 possessionem
656 1450 1013 1545 babebat-Pcroipians
1030 1451 1116 1546 quod
1133 1453 1188 1526 illo

89 1554 97 1566 '
115 1559 271 1622 mortuus
289 1547 362 1620 dica
384 1562 457 1622 atur
473 1573 512 1624 se
529 1550 697 1624 dominum
712 1561 800 1622 terre
818 1559 998 1638 assereret,
1022 1549 1188 1642 adipsum

61 1645 236 1734 estimabat,
256 1645 423 1720 etviribus
434 1647 549 1742 quibus
560 1651 804 1743 poteratipsum
814 1643 1019 1741 impediebat.
1037 1645 1187 1720 Veniens

50 1755 156 1820 autem
174 1748 210 1814 in
227 1741 410 1816 biarchiam
427 1749 461 1816 in
477 1745 630 1841 oppidum
640 1745 860 1817 Frankenfiut
874 1742 1035 1824 obsessus
1053 1741 1113 1814 furit
1127 1767 1188 1839 per

49 1859 164 1932 rogem
171 1839 334 1912 Karolum
345 1852 379 1912 et
391 1843 481 1914 illum
493 1849 546 1938 qui
558 1842 619 1916 sibi
629 1839 877 1915 adversabatur.
894 1841 1101 1914 Etinsultum
1113 1861 1187 1912 cum

50 1938 437 2033 magnoimpetulaoiens
444 1940 635 2036 inoppidum
643 1940 835 2033 modorum,
848 1959 1004 2030 magnum
1011 1936 1187 2032 dampnum

50 2047 79 2106 et
94 2038 372 2127 lesionemregis
388 2042 513 2132 recapit
530 2041 708 2127 exoratus,
725 2037 866 2130 etaliqui
883 2035 925 2106 de
936 2039 1005 2107 suis
1016 2039 1100 2128 oapti
1112 2048 1187 2108 sunt

49 2135 228 2228 insaporet
239 2138 367 2204 mortui.
386 2134 731 2224 Underexdirertons
742 2130 1186 2218 inBohomiamcumbonore

50 2241 170 2320 tamen,
189 2233 268 2324 quia
285 2236 443 2303 maiorem
459 2243 584 2326 partem
601 2231 748 2304 biarchis
765 2229 825 2304 sibi
843 2228 1033 2320 subiugavit
1047 2233 1080 2299 in
1091 2229 1187 2303 bravi

50 2337 208 2422 ternpore,
220 2330 297 2421 qrriu
310 2328 390 2402 alias
397 2351 557 2425 pmspere
568 2327 629 2404 sibi
639 2332 740 2402 cessit
750 2325 879 2398 ibidem.
945 2325 1074 2397 Eodem
1084 2331 1189 2415 eciam

49 2435 198 2519 tempore
216 2429 366 2496 canonici
383 2425 670 2518 Mogamtineusem
694 2427 848 2498 lavantes
866 2427 1020 2517 episcopo
1038 2423 1187 2517 deposito

48 2520 599 2695 ufarranneinim
616 2521 1188 2709 nonantulanus

47 2736 89 2786 eo
106 2715 194 2810 quod
212 2719 276 2809 ipsi
291 2729 489 2812 receperant
506 2645 676 2813 provibeum
698 2737 758 2810 per
784 2739 902 2812 papam
920 2715 1125 2788 Clementem
1141 2719 1185 2790 vi

47 2811 149 2884 brevi
166 2823 280 2884 autem
296 2816 471 2886 intervallo
488 2817 635 2888 canonici
652 2815 835 2906 magunum
851 2835 911 2907 pro
932 2812 1087 2909 eligendo
1104 2836 1187 2908 prs-

46 2913 154 3002 posito
163 2909 358 3001 btaguncia
374 2912 451 2984 licet
467 2923 605 2986 vacarat
621 2915 725 3000 curie,
741 2910 783 2982 ad
793 2915 936 2984 invicem
947 2909 1187 3001 discordabant

49 3007 205 3080 volentes
212 3029 252 3079 se
259 3019 370 3079 mutuo
376 3008 538 3082 occidere.
548 3011 685 3102 Propter
691 3008 777 3103 quod
787 3012 880 3081 cives
888 3005 1187 3098 Magrmtiniiusrd-

47 3113 170 3193 untes,
188 3109 366 3200 canomoos
379 3109 432 3198 qui
446 3116 542 3178 erant
552 3105 595 3177 do
608 3117 700 3200 purte
713 3109 859 3199 episcopi
865 3104 1004 3197 depositi
1016 3115 1186 3196 oeperunt

47 3211 82 3270 et
98 3222 161 3272 eos
178 3200 322 3273 turribus
333 3206 472 3274 civitatis
483 3207 708 3296 manciparunt
724 3203 889 3290 oustodia3
905 3199 1038 3272 tandem
1048 3201 1187 3274 relaxati

46 3296 89 3366 ad
101 3297 445 3392 tempusEpisoopus
462 3303 616 3393 provisus
628 3323 647 3371 a
657 3322 742 3394 pape
750 3298 921 3384 Clemente
931 3300 1018 3390 cepit
1033 3298 1186 3392 oppidum

47 3392 332 3486 Asmauenbnffl
355 3407 389 3468 et
411 3401 445 3468 in
467 3397 522 3468 illo
545 3398 671 3491 aliquos
694 3400 870 3492 canonicos
894 3405 992 3467 antea
1009 3418 1070 3488 per
1093 3400 1217 3474 cives'

47 3489 327 3582 llugumtinenses
345 3504 467 3586 captos.
490 3494 534 3566 Et
551 3497 600 3567 sio
615 3493 1039 3587 eoolesiablagumtinousis
1057 3501 1186 3586 magam

48 3586 315 3660 tribulacionibus
333 3589 522 3661 sublucebat
538 3615 557 3662 a
575 3589 701 3664 duobus
718 3596 898 3686 provisisa
917 3589 1011 3678 sede,
1029 3594 1188 3685 antiquior

47 3683 226 3756 Heinrious
253 3688 421 3758 nomine-a
438 3701 523 3780 pepe
539 3684 694 3758 lobarme-
706 3691 786 3761 xxii.
814 3685 987 3784 promsuse·
1006 3683 1066 3771 scd
1082 3689 1188 3762 iunior

47 3786 185 3852 nomine
207 3780 371 3854 Gerlacns
393 3783 435 3862 de
458 3783 605 3858 Nassow
628 3804 649 3854 a
671 3797 755 3878 papa
774 3783 944 3858 Clemente
972 3785 1016 3854 vi.
1041 3781 1101 3854 Cui
1125 3810 1188 3860 rex
1295 3787 1297 3794 ’

47 3869 348 3968 Karolaslavebat
364 3881 440 3952 licet
450 3881 594 3953 nondum
603 3879 739 3982 baberet
748 3885 981 3976 possessiones
994 3889 1187 3974 castrorum,

47 3997 569 4170 nnn
587 4077 1177 4172 n

656 4155 658 4160 .
1176 4119 1188 4167 t

47 4171 133 4244 beet
149 4181 242 4244 ardea
259 4170 320 4244 sibi
335 4175 542 4246 rostit'usent

935 4292 976 4347 5*
