3014 4822
417 238 637 298 nnmtsssu
656 238 888 318 annuntsoms
1146 239 1217 316 485

87 436 194 510 nsque
212 418 313 507 parus
331 435 392 509 per
406 415 528 510 aliquot
542 415 615 490 dies
628 415 704 488 hine
714 417 803 508 inde,
819 415 950 490 tandem
961 419 993 488 in
1004 415 1058 487 die
1070 415 1219 489 Oswuldi
1235 423 1304 484 itio

87 517 183 606 [ang.
202 514 243 602 5]
262 516 437 604 eongnossi
454 523 543 603 sunt,
566 515 689 588 scilieet
705 518 801 588 notus
818 517 968 606 augusti,
995 523 1028 585 ei
1046 513 1218 588 maratus

85 611 178 684 dtu:
188 613 397 704 impomtotis
414 614 525 684 vietus
540 611 678 704 adfingit,
695 615 877 708 plusquam
890 611 1136 708 quadringentis
1151 616 1218 683 mi-

84 707 195 784 litilms
222 707 266 780 de
290 731 349 780 suo
373 719 467 802 pono
492 732 530 782 es
554 713 683 798 tivatim
707 733 843 806 quorum
867 711 986 782 multos
1011 709 1221 782 Coloniensis

85 806 354 900 mveliepisoopos
381 828 494 880 seeum
517 731 652 880 diduxit
676 812 835 902 captivos.
868 809 1123 899 Argonunensis
1141 810 1220 902 epi-

85 921 209 998 seoptm
230 906 263 974 in
281 901 386 974 nodiiu
402 903 443 974 ab
460 903 579 978 eodem
595 905 757 999 tn'umpho
780 903 919 998 quedam
943 913 1051 978 oasim
1068 907 1219 998 impera-

86 1005 165 1074 ioris
183 1000 308 1074 danen
328 1011 362 1074 et
383 1006 513 1076 ovett't
545 999 718 1076 Counadus
742 1002 827 1076 lilius
854 1001 990 1096 depositi
1012 1005 1218 1096 imperatoris

86 1099 185 1192 paulo
207 1109 380 1196 postquam
404 1101 511 1173 vietus
536 1109 588 1172 est
612 1099 706 1172 duxit
726 1103 760 1174 in
782 1103 976 1194 eoniugem¹
1003 1099 1102 1173 liliam
1125 1098 1218 1174 duois

85 1197 232 1269 liuvane
251 1201 352 1291 [sept
370 1197 437 1286 1].'

133 1293 257 1366 diense
281 1297 428 1366 ianuario
445 1293 668 1370 Theudoricus
691 1317 805 1370 eomes
828 1295 871 1368 do
891 1295 1062 1369 Hosteden
1085 1296 1219 1368 invenis

86 1395 232 1465 motitur.
259 1389 320 1465 Cui
337 1389 484 1464 suoeedit
500 1392 690 1468 tedonem
699 1395 850 1467 eiusdem
866 1405 1014 1490 patmus,
1032 1395 1218 1487 propositus

87 1500 203 1564 sanote
232 1489 340 1560 llario
364 1488 406 1559 da
432 1489 606 1581 gradihus,
634 1495 689 1586 qui
710 1491 845 1564 tandem
869 1491 981 1564 divino
1006 1501 1086 1562 nutu
1109 1497 1217 1562 motus

87 1587 192 1682 psidie
208 1589 271 1660 eal.
292 1589 367 1658 maii
383 1590 569 1660 eomitaium
585 1589 628 1662 de
643 1588 815 1664 llosteden
839 1600 873 1663 et
888 1587 997 1660 nobile
1014 1597 1157 1660 anstrum
1175 1588 1218 1659 de

86 1687 157 1757 nro
171 1707 251 1761 eun
270 1681 420 1756 omnilms
437 1688 612 1760 attinentiis
629 1687 763 1760 eontulit
785 1697 818 1758 et
840 1685 953 1758 obtulit
976 1695 1090 1758 sonmo
1106 1685 1217 1774 Petro,

84 1781 405 1952 ntsstoetliepisoopus
420 1781 628 1858 Coloniensis
649 1806 690 1856 ea
707 1787 740 1855 in
757 1793 951 1880 perpetuum
968 1781 1136 1879 possideat
1151 1779 1218 1853 ob·-

84 1901 124 1954 so
195 1932 205 1950 .

133 1977 296 2051 Domus
314 2001 400 2074 papa
418 1977 460 2050 de
475 2001 609 2054 camera
626 2004 687 2054 sua
705 1983 791 2054 misit
798 1980 919 2052 tleoem
932 1981 1019 2052 milia
1032 1983 1219 2049 marearum

82 2095 175 2148 novo
192 2079 266 2168 nega
283 2075 503 2167 assignandas
520 2089 597 2150 ante
608 2079 777 2152 vintoniam
790 2076 931 2150 habitem
942 2076 1029 2170 apud
1041 2073 1216 2146 Frenolte-

83 2185 171 2246 vort.
206 2171 289 2244 ltsm
306 2184 380 2267 tuost
403 2175 574 2248 viatorium
596 2179 682 2248 misit
704 2174 888 2270 quindecim
911 2175 998 2246 milia
1018 2193 1214 2262 manoomm,

83 2269 254 2365 mevapud
270 2269 428 2342 leodium
445 2269 594 2367 deposite
612 2283 687 2346 suut
710 2275 873 2368 aliquanto
893 2281 1059 2365 tenpore,
1086 2279 1121 2340 ut
1138 2269 1215 2340 inde

82 2369 361 2538 rexffltiones
373 2367 499 2442 laeonet
515 2369 712 2468 prinoipibus
736 2382 769 2444 et
785 2369 937 2443 militibus
960 2379 994 2440 et
1011 2371 1100 2442 vires
1118 2369 1213 2458 regni

82 2469 148 2538 sui-
248 2475 308 2538 ret.

133 2563 262 2635 Εοάοη]
281 2587 369 2639 anno
384 2565 529 2660 hyemali
545 2577 694 2663 tempore
712 2568 794 2638 ultra
813 2567 943 2639 solitum
953 2564 1091 2638 Rhenus
1106 2562 1215 2658 pluri·

82 2683 175 2732 mm
192 2660 383 2736 exundavit.

135 2758 233 2830 (lires
250 2759 336 2832 idem
352 2771 484 2856 temnant
502 2765 582 2853 [ian.
594 2761 658 2852 26]
678 2761 746 2834 dux
756 2762 892 2834 Austtie
909 2783 984 2832 oum
1001 2781 1085 2852 nege
1097 2757 1216 2830 Bobe-

82 2860 151 2930 utie
175 2856 358 2930 disnieavit:
387 2860 430 2930 ibi
454 2864 559 2932 victer
582 2862 730 2934 existens
757 2862 885 2932 oiroitet
911 2856 1070 2931 dueentos
1096 2858 1215 2930 milites

82 2957 274 3049 captivavit.
309 2953 399 3027 ldem
420 2957 488 3030 dux
512 2960 598 3028 eirea
623 2977 774 3030 mensem
797 2960 918 3028 iunium
941 2977 1145 3048 oongnessus
1162 2963 1216 3026 est

82 3074 161 3123 eum
177 3073 263 3144 rege
281 3053 452 3146 liungmie
476 3051 618 3126 inbelle
643 3056 827 3148 mmpesti.
861 3053 943 3126 Cum
967 3051 1107 3147 quodam
1130 3073 1220 3142 noge·

81 3149 210 3221 Roscio
225 3151 438 3243 singtdatiter
459 3156 492 3224 in
514 3153 618 3246 prelio
635 3151 792 3224 dimioans
813 3154 920 3244 ipsum
944 3151 1104 3220 interiecit
1123 3158 1156 3218 et
1173 3146 1214 3216 eb

83 3245 205 3318 emam
223 3249 359 3321 mortale
382 3250 503 3322 vulnus
527 3253 652 3344 aceepit
675 3245 923 3342 supervivendo
947 3243 1074 3318 duobus
1098 3241 1221 3316 diebus?

86 3339 210 3434 [tion.
224 3345 306 3436 1513
324 3350 489 3420 oxemttm
506 3357 616 3417 manen
637 3368 718 3418 suus
737 3344 955 3439 triumphavit
981 3341 1096 3416 Filiam
1106 3341 1214 3413 fratris

83 3441 230 3514 delmati
245 3441 337 3515 dueis
353 3441 440 3514 filius
457 3446 549 3534 mgis
565 3442 723 3514 Boionio
741 3440 833 3514 dmtt
848 3445 881 3514 in
898 3463 1048 3514 uxorem.

132 3536 228 3611 Finis
243 3543 355 3612 astaus
374 3549 510 3614 stamme
527 3551 700 3614 autumnus
717 3541 889 3633 pluviosus
907 3541 965 3612 luit
981 3550 1016 3612 et
1029 3550 1214 3634 tempesta-

82 3640 282 3806 ilebshnurine
299 3638 416 3712 multas
428 3643 632 3712 navesoinea
644 3638 815 3729 Angliam,
833 3635 1018 3710 Flandtiam
1036 3647 1070 3708 et
1079 3637 1215 3710 Daeiam

169 3747 274 3809 orditi.
565 3789 571 3796 -

132 3833 263 3906 Eodem
282 3855 370 3907 anno
388 3835 541 3926 [uetiti]
561 3831 726 3906 Rubentis
738 3831 930 3906 leodiensis
942 3838 1117 3930 episeopus
1127 3834 1214 3908 obiit.
1274 3907 1280 3921 ,

132 3933 237 4003 Anno
253 3933 449 4007 moonlsvii.
467 3955 531 4004 rex
541 3933 704 4006 Hennieus
716 3932 843 4004 eleotus
853 3930 1068 4026 proficiscitur
1081 3935 1113 4004 in
1121 3933 1215 4003 Sue·
1229 3931 1300 3990 ¹²4⁷

83 4033 189 4120 viam,
206 4027 261 4100 uli
277 4029 538 4124 opeSusvomm
553 4028 680 4102 obsidet
690 4029 842 4126 oppidum
855 4029 961 4102 Ulme.
986 4031 1094 4124 Aque
1106 4041 1219 4102 mmen

84 4131 194 4200 inacte
219 4127 344 4202 resedit
364 4139 398 4201 et
420 4132 453 4200 in
469 4127 575 4202 reditu
599 4127 684 4224 apud
702 4126 943 4220 Wardinberg²
966 4137 1108 4201 oestrum
1132 4149 1216 4228 pro-

146 4249 176 4320 i)
195 4249 382 4313 Efisabetbam.
419 4249 451 4322 2)
470 4251 514 4309 die
532 4251 682 4324 wartberg
698 4250 741 4310 tei
759 4250 897 4312 Eiseoatlt.
