2960 4832
384 235 559 296 flttttttlctts
574 237 618 295 llll
631 237 896 298 umssmtttovtttt.
1139 246 1209 319 105

74 417 182 480 motus
207 416 285 480 ante
308 429 472 504 vesperas
496 409 644 482 similiter
663 421 837 484 venemnt
857 409 940 484 Item
958 421 1091 508 quondm
1108 417 1212 488 maior
1226 430 1298 487 loss

72 529 169 600 quam
188 505 256 578 duo
272 505 492 600 precedentes
508 507 584 578 dum
602 529 747 603 vespere
764 507 984 604 pulsabantur.
1008 511 1051 582 Et
1066 515 1098 583 in
1116 523 1212 586 noete

71 601 291 697 subsequenti
308 627 328 675 a
345 609 449 698 primo
466 627 604 700 sompno
620 629 726 701 usque
737 605 778 678 ad
788 606 931 679 medium
943 609 1091 682 eiusdem
1101 613 1212 682 noetis

69 711 159 772 mota
178 713 234 774 est
248 711 338 773 terra
355 705 481 793 sexies,
499 702 560 774 sed
570 707 693 798 primus
704 707 808 776 maior
823 708 1093 780 internootumos
1105 719 1212 780 motus

68 809 171 869 terre.
189 797 236 870 Et
251 801 399 894 proxima
418 799 470 871 die
488 804 638 895 sequenti
653 801 719 872 duo
729 812 836 874 motus
847 805 1005 897 septimus
1015 815 1091 898 post
1106 808 1213 876 meri-

68 895 181 985 dem,
212 897 296 968 alius
320 907 396 990 post
420 919 595 1066 vesppras.
622 897 936 993 superponens
963 905 1131 974 muniones
1157 903 1212 974 illa

68 993 268 1088 sollempnis
286 997 402 1067 civitas
417 993 495 1068 Bas'
511 998 611 1068 'ensis
636 1017 698 1090 pue
723 1019 797 1068 oum
815 996 1057 1072 constantiensi
1075 997 1212 1093 dyocesi

67 1089 219 1162 eontinet
235 1087 399 1164 subversa
417 1094 588 1187 estprimo
604 1103 769 1186 perterre
786 1104 918 1166 motum.
936 1097 1078 1176 Primum
1105 1097 1211 1190 aliqua

68 1210 149 1282 pars
161 1198 198 1258 et
209 1189 350 1260 eoelesia
363 1187 567 1262 kathedralis
574 1189 689 1262 oecidit
699 1213 800 1284 super
810 1193 928 1265 soolas.
942 1191 1039 1264 Unde
1049 1191 1212 1282 hommes,

67 1309 115 1356 ex
133 1289 300 1358 continuis
316 1285 469 1376 motibus,
492 1291 545 1382 qui
569 1291 602 1359 in
620 1285 716 1359 diota¹
736 1287 880 1382 prediola
898 1299 1074 1381 venerunt,
1097 1291 1212 1380 terim

66 1384 187 1478 plures
199 1384 404 1457 exieramtad
415 1406 549 1479 campos
560 1395 774 1478 expectantes
784 1387 833 1456 rei
850 1397 1125 1482 eventuumque
1138 1397 1214 1482 post

68 1503 265 1574 vesperam,
288 1480 331 1552 Et
347 1491 424 1553 turm
444 1484 531 1574 ignis
549 1485 655 1576 erupit
670 1482 719 1576 vdo
743 1487 941 1556 monasterio
959 1489 1061 1557 saneti
1078 1484 1212 1574 Albani„

67 1578 157 1673 quod
181 1581 217 1648 in
241 1577 295 1650 die
318 1578 482 1651 oeoideret
504 1589 538 1650 et
557 1579 599 1650 de
617 1580 688 1652 aliis
707 1577 855 1653 domibus
873 1603 936 1676 que
953 1593 1153 1658 corruerant.
1170 1582 1213 1653 Et

68 1677 135 1747 boo
150 1677 199 1746 illi
216 1674 370 1748 videntes
388 1680 440 1770 qui
458 1677 612 1768 lingerent
628 1676 785 1748 volebant
799 1680 867 1751 suis
880 1701 1087 1768 succurrereq
1104 1682 1212 1750 intra-

69 1783 198 1866 verunt
213 1769 402 1846 laborantes
419 1784 485 1845 tam
503 1777 781 1866 eireatuieionem
792 1797 888 1868 quam
907 1797 1007 1870 super
1023 1775 1124 1849 rebus
1141 1799 1210 1847 ex-

68 1869 255 1965 portandis,
272 1880 307 1940 et
323 1873 465 1942 maxime
483 1892 583 1966 super
600 1869 782 1946 hominibus
799 1869 976 1944 liberandis
994 1872 1046 1968 lpui
1064 1871 1212 1968 inprime

69 1978 160 2039 motu
179 1979 270 2058 terre
281 1965 386 2040 obruti
404 1977 488 2040 sunt.
506 1967 548 2039 Et
559 1971 608 2040 sio
617 1989 691 2040 eum
708 1967 897 2040 laborarent
905 1991 1010 2065 usque
1022 1969 1062 2041 ad
1073 1975 1211 2066 primum

68 2086 248 2160 sompnum
271 2067 364 2136 venit
386 2068 502 2136 iterum
524 2075 613 2136 terre
637 2076 744 2138 motus
768 2065 977 2161 pregrandia
1005 2079 1038 2139 et
1061 2067 1211 2140 homines

89 2163 184 2234 lures
191 2165 359 2256 oppressit
368 2185 464 2258 quam
471 2165 608 2258 primus,
619 2173 653 2234 et
663 2162 780 2238 domus
788 2167 840 2258 qui
847 2176 1077 2237 remanserant
1084 2164 1210 2237 deiecit.

68 2187 109 2332 Et
121 2263 171 2331 sio
183 2281 302 2332 omnes
314 2260 456 2332 ecelesia
468 2263 616 2355 exeeptis
628 2264 731 2333 saneti
741 2259 894 2332 lobannis
905 2259 1044 2355 baptiste
1062 2273 1095 2335 et
1109 2265 1212 2335 saneti

68 2357 247 2446 Dominiei,
259 2379 323 2451 que
333 2367 444 2429 tamen
455 2361 561 2433 seissa
572 2369 635 2449 est,
647 2369 840 2431 eormemnt
850 2379 914 2429 una
927 2382 1000 2429 cum
1010 2358 1082 2431 xlvi
1095 2362 1211 2432 eastris

70 2454 231 2548 dyocesis
242 2454 576 2536 tautumBasiliensis.
587 2454 630 2526 Et
640 2454 725 2550 (prod
736 2465 931 2528 tememotus
943 2454 1212 2546 deieoitBasilee,

69 2561 188 2647 postea
200 2554 288 2644 ignis
297 2555 509 2647 consumpsit,
521 2551 725 2646 diepredieto
733 2576 807 2624 oum
815 2552 930 2624 deoem
938 2551 1053 2626 diebus
1061 2575 1211 2648 serpren-

69 2647 155 2721 tibus
173 2655 298 2744 usque²
329 2685 334 2692 ·
512 2649 643 2722 duravit
659 2660 873 2722 terremotus
890 2672 950 2744 per
969 2653 1079 2745 spaeia
1101 2661 1211 2724 tamen

68 2746 278 2843 interpollate
295 2745 449 2819 horarum
467 2757 500 2818 et
515 2750 668 2820 noctium.

73 2937 123 3004 lle
139 2937 288 3024 quodem
297 2937 452 3006 societate
462 2953 599 3024 mtomtm
612 2937 804 3024 capitonem
820 2934 886 3019 suit
900 2954 1007 3005 eomes
1017 2935 1057 3005 de
1067 2936 1213 3007 Laodow

171 3051 217 3103 ee
240 3035 355 3122 qotbtcs
377 3035 471 3129 malti
492 3037 594 3104 occisi
625 3043 658 3103 et
678 3035 848 3123 epiecopus
865 3034 1073 3122 Anqustensis
1089 3042 1211 3123 coptam

120 3182 205 3254 ltem
222 3181 369 3277 predioto
386 3204 501 3255 mense
527 3193 562 3254 et
584 3205 670 3264 anno
688 3185 744 3256 lvi.
764 3184 907 3255 soeietas
923 3181 1212 3274 Theutunicorum

71 3304 135 3375 que
153 3279 329 3351 fuerantin
346 3275 540 3369 Loubardim
558 3290 592 3351 et
601 3277 732 3352 iverant
739 3283 773 3350 in
780 3279 947 3374 Apuliam,
965 3277 1212 3379 indereversn,

71 3388 147 3472 post
164 3377 266 3448 multo
284 3401 347 3470 que
365 3375 484 3448 ibidem
501 3377 649 3449 fenerant
666 3377 819 3472 dampna,
843 3377 992 3450 eondueti
1009 3399 1070 3472 per
1086 3379 1212 3473 aliquos

71 3471 312 3567 longobardos
340 3485 505 3546 venemnt
527 3495 650 3548 versus
667 3473 902 3565 Mediolanum,
927 3487 960 3547 et
976 3475 1065 3547 illam
1081 3477 1212 3551 moles-

72 3571 186 3644 tabant
196 3569 239 3641 de
250 3593 417 3645 eonsensu
428 3571 764 3665 imperatorisllaroli,
776 3575 827 3644 oui
837 3568 996 3645 nonbene
1008 3571 1211 3646 obedierunt.

71 3669 196 3742 Eorum
214 3679 325 3740 autem
342 3680 439 3762 eaput
460 3669 518 3742 luit
542 3669 670 3763 quidam
694 3691 807 3744 eomes
824 3668 867 3740 de
883 3668 1033 3742 bondow
1055 3669 1211 3764 dyooesis

72 3767 347 3840 Constantiensis.
381 3765 450 3837 Sed
477 3771 651 3862 episeopus
679 3766 906 3860 Augustensis
933 3766 1213 3861 lilarquardus'et

71 3862 217 3936 marehio
234 3861 471 3935 Montislerrati
494 3874 587 3935 erant
611 3865 771 3936 cumillis
796 3864 838 3935 de
862 3867 1019 3936 sooietate
1047 3887 1092 3937 ex
1118 3875 1212 3960 parte

72 3963 278 4057 imperatoris
290 3984 363 4032 eum
375 3961 483 4033 multis
496 3965 639 4034 armatis.
657 3963 738 4034 Pars
751 3971 859 4033 autem
878 3964 1042 4034 sooietatis
1061 3984 1125 4033 una
1137 3985 1212 4035 oum

110 4089 139 4159 l)
154 4089 198 4145 die
212 4089 293 4146 sollte
308 4107 337 4145 es
350 4089 423 4147 wobl
439 4091 555 4146 boissen.
591 4092 622 4160 2)
638 4091 683 4146 die
697 4092 756 4148 bier
770 4093 804 4148 im
826 4091 941 4161 original
963 4091 1121 4148 bebndliebe
1135 4093 1213 4150 ldelre

75 4161 118 4216 bat
137 4161 198 4216 eine
222 4161 293 4216 baad
308 4161 356 4216 des
376 4157 568 4218 seebszelmten
588 4162 774 4222 iahrbunderts
796 4161 843 4219 mit
862 4169 916 4219 tres
931 4179 1037 4220 menses
1052 4165 1212 4239 ausgeittiit3

77 4231 138 4289 eber
150 4231 288 4300 viellelobt
303 4232 369 4290 fehlt
383 4249 432 4304 gar
446 4232 540 4292 niebls.
782 4251 787 4258 ’
1144 4236 1148 4244 ’
