3014 4822
266 223 340 301 478
595 223 747 282 manuus
766 221 817 282 sn
835 221 1069 281 rumunnense.

185 411 251 468 tem
317 401 443 474 Eodem
465 423 554 474 anno
574 423 607 474 v.
626 399 667 473 id.
686 403 752 474 iulii
770 416 844 497 post
867 401 1097 497 crepusculum
1114 403 1345 498 vespmtinum
1361 401 1402 472 ad

268 505 364 572 unius
382 499 463 570 bore
482 504 619 594 spatium
637 500 743 592 ligure
762 505 861 592 ignea
879 501 920 572 ad
938 500 1070 573 modam
1087 500 1241 572 draconis
1259 505 1334 572 visa
1352 511 1404 572 est

267 603 301 670 in
319 607 397 669 aere
415 598 553 669 volitare
577 596 618 669 ab
640 610 712 670 ortu
729 603 762 670 in
779 621 949 689 occasum,
972 597 1099 670 babens
1123 609 1221 694 caput
1243 619 1403 690 magnum

269 707 302 768 et
325 694 531 790 splendidum
555 708 588 768 et
610 717 730 792 corpus
753 697 931 790 oblongum
957 708 990 768 et
1013 717 1169 788 massam
1196 718 1272 768 cum
1297 695 1402 767 cauda

268 794 382 885 gracili
399 804 434 864 et
449 792 565 884 rubea,
589 797 682 867 ouius
699 795 869 888 longitudo
886 793 1060 866 videbatur
1076 793 1116 865 ad
1134 795 1170 866 xl
1187 792 1316 865 cubitos
1334 815 1403 867 ex-

268 891 366 962 tendi.
403 891 476 962 Hec
498 889 604 983 figura
629 890 781 965 draconis
799 893 935 966 Cclcnie
954 897 1027 965 visa
1045 904 1098 966 est
1113 891 1267 964 Rhenum
1286 903 1403 964 trans-

267 990 397 1078 volare,
421 988 492 1059 aliis
516 1000 626 1061 autem
643 993 676 1060 in
694 989 900 1085 Westphalia
919 991 976 1063 vel
1000 990 1081 1062 alias
1099 988 1321 1062 existentibus
1338 1011 1403 1083 ap-

268 1091 374 1180 peruit
400 1087 581 1159 secundum
608 1087 737 1159 illoram
766 1091 862 1161 situm
888 1091 1036 1180 regionis
1064 1099 1098 1160 ot
1123 1089 1253 1176 locum,
1285 1085 1402 1158 eadem

267 1183 371 1257 lorma
392 1195 616 1278 permanente.
657 1185 731 1257 Non
750 1187 883 1258 multum
901 1195 976 1282 post
994 1189 1150 1280 temporis
1168 1188 1321 1280 apperuit
1337 1205 1403 1256 non

268 1285 401 1355 minoris
420 1286 604 1375 quantitatis
621 1283 725 1354 lorme
743 1287 843 1375 ignea
861 1283 901 1355 ab
919 1306 1041 1356 occasu
1059 1283 1138 1356 solis
1156 1285 1316 1354 inertum
1334 1303 1402 1354 vc·-

268 1381 354 1455 lens¹
376 1383 461 1452 circa
481 1381 711 1476 crepusculum
727 1386 845 1471 nomia,
864 1403 928 1478 que
946 1385 1008 1454 cito
1025 1380 1192 1475 disparuit.
1484 1378 1485 1468 J

316 1477 394 1574 Ipso
418 1499 504 1550 anuo
528 1483 664 1552 meritur
682 1501 765 1574 pape
787 1478 969 1572 Gregorius
993 1482 1078 1552 circa
1101 1477 1246 1550 modium
1269 1479 1403 1570 augusti

270 1580 363 1669 [ang.
382 1575 457 1666 21].
494 1576 537 1648 Et
560 1581 693 1649 vacavit
715 1575 815 1649 sedes
840 1579 1017 1672 apostolica
1041 1599 1147 1672 usque
1170 1575 1402 1663 novembrem,

268 1672 485 1746 cardinalibus
512 1697 578 1746 non
596 1673 782 1747 valentibus
807 1675 1020 1766 concordare,
1043 1676 1120 1746 lieet
1141 1674 1260 1746 inclusi
1286 1683 1403 1747 essent

268 1783 302 1845 ct
330 1776 422 1867 quasi
452 1775 486 1844 in
515 1775 668 1865 angustia
698 1777 793 1867 positi
824 1778 992 1846 carcerati.
1040 1771 1188 1845 Tandem
1224 1773 1402 1864 elegorum

270 1869 436 1960 [00126]
464 1869 666 1942 Ganlredum
694 1869 911 1962 minionem
945 1875 1077 1943 nadone
1101 1869 1402 1954 Mediolanensem

268 1971 322 2061 qui
339 1966 443 2040 dictus
462 1979 513 2042 est
531 1967 740 2042 Caelestinus
758 1967 814 2040 lv.
834 1981 868 2042 et
885 1968 970 2042 sedit
989 1967 1105 2040 diebus
1123 1966 1286 2040 nudemur.
1324 1968 1403 2040 Post

268 2064 331 2137 bec
342 2087 384 2136 eo
402 2077 529 2140 mortuo
545 2063 898 2157 [bnov.10]vacavit
915 2067 1015 2140 sedes
1033 2088 1093 2160 per
1110 2087 1232 2136 annum
1249 2076 1285 2136 et
1303 2087 1401 2136 mon·

269 2185 325 2236 ses
342 2175 428 2254 octo„
453 2163 670 2237 cardinalibus
689 2165 745 2236 vel
768 2163 1029 2237 discordantibus
1047 2165 1102 2236 vel
1127 2163 1255 2255 eligere
1278 2163 1402 2235 nolen-

268 2259 365 2351 tibus,
389 2265 452 2336 nisi
472 2265 552 2358 ipsis
575 2261 793 2334 redderentur
811 2261 877 2334 duo
901 2262 1085 2334 cardinales
1104 2259 1178 2332 Otto
1199 2271 1232 2332 at
1248 2259 1401 2344 lacobus,

268 2380 350 2451 quos
368 2362 579 2454 imperatore
596 2360 763 2451 legatione
780 2360 958 2431 redeuntes
977 2364 1106 2454 capitet
1122 2362 1224 2430 tenuit
1241 2362 1400 2453 captiuos.

316 2455 443 2529 Eodem
467 2479 554 2530 anno
579 2457 786 2530 Coloniensis
810 2469 843 2529 et
862 2456 1126 2548 Magantinensis
1150 2455 1399 2550 archicpiscopi

269 2557 395 2627 aninros
407 2565 519 2627 mutuo
536 2553 722 2630 lirmantes²
733 2566 767 2626 ct
776 2553 991 2649 apertioribus
1005 2552 1182 2627 obstaculis
1195 2556 1400 2648 imperatoria

268 2675 308 2723 ac
325 2657 394 2725 suis
407 2652 593 2742 obviantes
612 2658 793 2726 exercitum
811 2657 1029 2724 moveruntin
1041 2663 1162 2724 terram
1180 2655 1321 2745 imperii„
1339 2671 1400 2746 qao
1485 2707 1486 2746 ζ

268 2749 383 2822 dieitur
408 2749 616 2822 Wederawe
645 2771 744 2824 secus
771 2749 908 2842 Mognm
935 2749 1084 2838 fluvium,
1114 2759 1149 2820 et
1174 2746 1217 2819 ibi
1245 2750 1399 2844 plurimes
1485 2749 1486 2802 ἱ

267 2848 440 2942 opulentas
458 2849 555 2922 villas
578 2849 795 2920 incenderunt
813 2857 847 2920 et
870 2857 1096 2922 vastaverunt.
1132 2847 1283 2934 Qaedem
1305 2849 1397 2918 etiam

267 2943 394 3018 famosa
418 2954 451 3016 ct
474 2949 590 3037 gravia
618 2949 752 3019 crimina
775 2949 963 3039 imperatori
989 2949 1196 3039 imponentes
1221 2943 1398 3016 denuntia·-

267 3053 389 3114 verunt
399 3047 505 3138 ipsum
521 3055 654 3138 propter
670 3042 853 3114 huiusmodi
871 3046 1004 3114 cunina
1022 3041 1150 3136 publice
1166 3044 1397 3116 excommnu-

269 3149 386 3213 cotum.
417 3141 513 3212 lianc
530 3142 687 3234 siquidem
706 3163 765 3236 prc
784 3162 822 3214 se
839 3137 1077 3236 protendebant
1093 3144 1267 3230 rationem„
1285 3138 1396 3234 qubus

269 3241 375 3311 minus
400 3237 638 3312 attendentibus
662 3243 780 3334 ipsam,
808 3237 893 3332 quod
921 3237 1003 3310 sede
1028 3237 1177 3309 Romana
1203 3241 1347 3311 vacante
1369 3245 1397 3306 et

269 3333 430 3406 electione
447 3357 605 3430 papeper
621 3341 851 3431 imperatorem
868 3334 1020 3429 impedite
1038 3339 1099 3430 ipsi
1113 3347 1268 3430 tanqtram
1286 3335 1395 3406 lidelcs

269 3440 303 3502 ot
321 3443 471 3525 potentes
497 3433 552 3504 lilii
571 3438 663 3506 matri
682 3455 754 3523 sue,
780 3432 922 3504 ecclesie
942 3433 1092 3504 Romane
1116 3433 1280 3522 desolate,
1305 3454 1395 3505 mm·

269 3539 467 3622 paterentur.
503 3529 601 3601 Unde
624 3553 662 3604 se
686 3530 861 3602 discrimini
890 3540 1001 3601 contra
1027 3533 1259 3624 imperatorem
1288 3533 1394 3602 merito

269 3624 460 3699 submittere
477 3625 640 3700 debebant
655 3632 788 3700 iniurias
807 3628 950 3698 ecclesie
970 3626 1211 3722 prosequendo.

183 3733 253 3789 1242
317 3723 418 3796 Anno
440 3725 561 3818 domini
586 3727 756 3798 mccxlii.
775 3725 963 3818 imperiales
986 3729 1019 3794 in
1042 3723 1187 3798 dioecesi
1205 3721 1389 3794 Coloniensi

266 3825 299 3892 in
316 3832 443 3916 partem
464 3845 558 3896 suam
583 3833 754 3896 traxerunt
773 3821 988 3893 Wilhclmum
1008 3826 1159 3894 comitem
1178 3821 1389 3894 Iuliocenseu

268 3941 327 4012 per
343 3925 525 4014 pecuniam.
551 3921 613 4008 Qui
631 3930 834 4013 congregata
851 3920 961 3992 mibtia
979 3917 1137 4014 quasdam
1150 3919 1246 3992 villas
1262 3922 1389 4012 episce-

267 4026 362 4110 patus
387 4017 594 4092 Coloniensis
618 4021 764 4092 vastavit
789 4021 982 4112 pertingens
1010 4037 1115 4114 usque
1138 4017 1264 4089 Boane.
1303 4009 1388 4086 Unde

322 4165 351 4234 1)
370 4167 547 4226 devolantis.
584 4167 615 4236 2)
635 4166 696 4236 Vpl.
711 4153 754 4222 die
772 4165 1006 4240 versprecbungen
1021 4163 1171 4236 Sieglrieds
1186 4181 1240 4222 ron
1253 4163 1333 4220 lleinn
1350 4159 1386 4212 liu

267 4236 374 4296 Kourad
394 4253 446 4294 von
466 4240 533 4297 eota
553 4242 578 4296 d.
598 4241 623 4296 d.
645 4239 710 4297 tuta
732 4245 799 4312 sept.
819 4236 1128 4308 recalescamus,
1148 4235 1208 4293 131.
