2904 4822
246 223 295 298 23
575 219 1104 280 unumrcusnsomssuuuovnus.

166 403 235 460 tate
248 405 283 466 et
298 393 543 470 civitatensibus
561 393 722 486 deuenit.
740 405 775 470 ut
791 394 947 492 deinceps
964 397 1073 470 nutus
1084 417 1263 491 processus
1275 419 1382 493 apos-

249 493 364 566 tolicos
375 492 479 568 iactos
495 515 556 589 per
565 517 684 590 papam
692 493 871 568 iohannem
881 498 961 568 xxii.
976 505 1087 568 contra
1107 494 1290 589 predictum
1309 493 1382 569 Lu-

249 589 414 664 dewioum
430 591 638 682 observaret,
657 591 717 666 sub
735 614 820 687 pena
837 591 1042 666 ablacionum
1058 596 1201 666 omnium
1218 617 1283 689 quc
1295 616 1382 688 pos-

250 699 326 761 sent
340 687 383 760 de
401 694 472 764 suis
488 687 657 764 boneficiis
674 695 859 786 percipere,
876 703 911 764 et
926 695 1062 786 insuper
1078 701 1113 763 ut
1123 687 1164 764 ab
1174 691 1239 764 iib's
1257 693 1382 787 expel-

247 785 532 981 bbbebbbdddsdffis
550 787 705 862 darentur
720 789 907 864 volentibus
925 787 1095 865 celebrare
1106 799 1218 864 conua
1234 811 1382 885 proces-

247 1113 298 1183 De
315 1116 467 1205 captione
483 1115 616 1184 Nicolui
632 1117 777 1204 episcopt
796 1115 1056 1185 constantiensis.

296 1246 379 1320 item
396 1245 514 1318 eodem
531 1269 617 1318 anno
634 1251 676 1319 iii.
693 1269 800 1320 nonas
818 1251 892 1318 maii
911 1250 991 1339 [mai
1009 1251 1048 1340 5]
1068 1260 1181 1343 captus
1199 1259 1252 1322 est
1269 1247 1381 1319 domi-

247 1369 311 1419 nus
328 1344 483 1418 Nicolaus
508 1349 681 1440 episcopus
700 1345 960 1420 Constantiensis
979 1368 1040 1441 per
1062 1346 1242 1418 Iohannem
1265 1357 1300 1418 et
1323 1343 1379 1416 H.¹

248 1445 379 1532 milites.
398 1454 430 1514 et
439 1439 617 1515 Iohannem
630 1445 784 1515 clericum
795 1442 836 1513 de
847 1441 999 1536 Tangen,
1013 1454 1046 1515 et
1051 1442 1298 1540 perlohannem
1305 1443 1382 1514 ele-

246 1545 350 1614 ricum
367 1539 408 1612 de
426 1539 623 1614 Goecicbein
640 1544 672 1612 in
690 1542 768 1615 viiia
786 1539 868 1616 dicta
887 1540 1083 1614 Glatvelden
1102 1565 1174 1614 cum
1192 1565 1254 1616 sua
1271 1543 1383 1613 eomi-

247 1643 327 1730 tiva.
346 1649 378 1709 et
395 1637 510 1712 duobus
531 1638 572 1710 ed
590 1649 733 1712 casuum
751 1638 870 1712 dietum
887 1637 1020 1712 Hewon
1037 1639 1091 1711 die
1109 1641 1224 1730 altera,
1242 1649 1277 1711 et
1293 1637 1337 1710 ibi
1348 1642 1381 1710 in

247 1734 457 1832 compedibus
481 1737 633 1810 detentus
656 1759 717 1834 per
737 1759 788 1810 xv
812 1742 1010 1833 septimanas
1035 1749 1069 1810 et
1090 1742 1123 1809 iii
1146 1739 1231 1828 dies,
1256 1737 1383 1810 seilicet

247 1859 352 1932 usque
371 1834 412 1908 ad
428 1839 483 1908 xii.
502 1833 566 1908 kal.
586 1833 781 1931 septembris
801 1838 893 1929 [aug.
912 1835 988 1927 21].
1012 1837 1084 1925 Quo
1108 1839 1213 1908 eciam
1230 1845 1382 1930 tempore

250 1944 413 2006 venerunt
428 1934 556 2006 locuste
573 1935 725 2006 volantes
736 1955 797 2029 per
807 1955 884 2006 aera
896 1943 929 2004 et
939 1931 1307 2029 vastabantubiounque
1317 1955 1382 2004 rc-

248 2029 398 2106 sidebant
414 2030 537 2104 bueus
556 2053 638 2126 quos
655 2030 872 2127 reponebant.
891 2030 933 2103 Et
949 2035 982 2102 in
999 2043 1087 2105 tanta
1098 2029 1301 2104 multitudine
1318 2053 1382 2102 re-

247 2129 395 2202 siderunt
411 2133 496 2200 eirca
514 2129 666 2223 oppidum
683 2129 868 2201 Wintertur
885 2127 1052 2202 Constant.
1071 2128 1180 2225 dyoc,
1208 2128 1295 2223 quod
1312 2151 1381 2224 po-

246 2227 342 2322 pulus
357 2227 414 2398 {Phe
430 2227 718 2322 processionaliter
734 2250 808 2300 cum
824 2228 969 2322 reliquiis
979 2225 1090 2306 ibatut
1106 2227 1189 2302 deus
1200 2249 1261 2302 eos
1272 2225 1314 2299 ub
1326 2227 1380 2298 ibe

247 2335 341 2419 peste
371 2327 520 2397 ‘ereren

248 2605 298 2673 De
310 2609 536 2692 persecutione
552 2623 675 2692 mupnc
692 2609 727 2674 in
744 2605 861 2675 ledeos
883 2611 916 2674 et
930 2623 1033 2674 caneo
1045 2605 1283 2691 peraecnttomb
1299 2613 1334 2674 et
1348 2609 1383 2674 in

347 2703 462 2788 petbus
479 2702 662 2772 ciuitatibus
671 2705 724 2772 oet
731 2705 820 2772 loeis.
831 2704 909 2772 Item
920 2705 1060 2790 qaedam
1070 2704 1141 2771 otiu
1151 2703 1383 2791 derepeAnp-

347 2802 391 2870 lte
407 2801 602 2888 Lndeauico‚2
626 2821 704 2889 repe
726 2802 879 2872 Bobenia
902 2810 935 2870 et
950 2801 1157 2888 principibus
1180 2801 1383 2888 electoribus,

348 2909 380 2970 et
394 2902 435 2968 de
452 2901 660 2968 ordinatione
676 2902 883 2986 quorundam
899 2901 1129 2969 cardinalium.

297 3033 446 3110 Predioto
464 3037 569 3107 eciam
586 3055 672 3104 anno
689 3053 806 3105 mense
823 3037 958 3104 ianuarii
970 3055 1053 3106 seva
1064 3035 1250 3128 persecutio
1268 3045 1383 3104 contra

248 3134 553 3208 Iudeosinsurrexit
565 3135 597 3202 in
605 3130 741 3226 dyocesi
752 3131 989 3224 Argentinensi
1002 3141 1033 3201 ei
1042 3129 1230 3221 Basiliensi.
1240 3140 1277 3200 ut
1287 3135 1382 3225 quasi

248 3257 364 3306 omnes
383 3236 435 3327 qui
453 3241 547 3302 erant
564 3239 657 3300 extra
675 3228 838 3323 predictas
863 3233 1012 3302 civitates
1030 3227 1113 3300 infra
1131 3237 1205 3299 octo
1223 3228 1294 3300 dies
1313 3251 1382 3300 ne-

249 3340 412 3420 carennr.
430 3351 496 3400 non
513 3326 554 3399 ob
573 3326 658 3398 aliud
681 3330 744 3398 nisi
768 3326 853 3421 quod
871 3331 920 3399 eis
937 3324 1022 3397 bona
1040 3326 1230 3421 temporalia
1248 3326 1384 3398 auferre

249 3426 405 3502 volebant
421 3430 587 3498 occisores
606 3447 729 3495 eorum.
747 3423 868 3498 Similis
886 3435 995 3496 autem
1008 3427 1194 3520 persecutio
1212 3433 1245 3494 et
1262 3421 1383 3495 eodem

249 3549 335 3597 anno
351 3524 461 3598 iudeis
485 3522 600 3595 accidit
621 3544 683 3616 per
699 3523 868 3594 Austriam
892 3531 924 3593 et
940 3522 1080 3594 Stiriam.
1104 3521 1178 3593 Fuit
1195 3530 1306 3592 autem
1325 3525 1383 3593 in-

249 3636 342 3720 cepta
359 3626 463 3718 primo
475 3644 561 3694 anno
573 3621 692 3692 domini
704 3625 945 3704 mcccxxnvi.
957 3623 990 3690 in
1001 3620 1125 3691 diocesi
1135 3617 1383 3714 Herbipolensi,

249 3731 283 3793 et
299 3719 375 3793 inde
391 3725 426 3792 in
441 3720 686 3812 bieguntinensi
705 3729 737 3791 et
754 3719 824 3790 aliis
837 3717 957 3788 ibidem
973 3718 1064 3790 loeis.
1083 3716 1126 3790 Et
1141 3727 1208 3788 tam
1217 3716 1382 3790 multilu-

249 3818 386 3892 deorum
402 3819 485 3892 inira
503 3819 678 3910 trigonium
696 3827 772 3888 sunt
788 3820 934 3906 extincti,
959 3814 1044 3910 quod
1060 3813 1152 3888 Iudei
1169 3818 1224 3909 qui
1239 3837 1382 3888 remen-

249 3929 360 3992 serani
375 3915 572 4006 fatebantur.
596 3935 635 3985 se
657 3936 823 4008 nunquam
846 3918 879 3985 in
896 3913 1094 3985 Alamannia
1116 3923 1240 3986 tantam
1257 3935 1382 4010 perse·

249 4021 412 4089 cntionem
429 4018 634 4089 sustinuisse.
651 4008 694 4082 Et
710 4016 860 4107 quaemus
878 4014 911 4084 in
928 4034 1012 4084 nece
1029 4010 1148 4082 domini
1166 4015 1271 4084 nostri
1287 4011 1381 4108 plura

248 4113 310 4188 biis
320 4117 570 4210 promeruerint.
582 4123 691 4183 tamen
702 4133 836 4184 causam
847 4113 939 4183 istius
956 4112 1194 4204 persecutionis
1210 4110 1308 4182 ubam
1321 4113 1383 4182 nisi

287 4263 316 4334 1)
330 4261 499 4320 budewieum
513 4261 558 4316 bat
572 4261 669 4318 iidiier.
706 4261 738 4330 2)
752 4259 885 4316 Eduardo
905 4258 983 4316 solite
998 4275 1027 4312 cs
1042 4257 1143 4315 beiseu.
