3036 4822
271 210 344 283 330
533 208 701 266 onnonon
718 209 913 268 nomnen
931 210 1131 268 enansnn

271 383 417 456 remedio
440 387 548 456 anime
575 385 669 476 [sue]
695 395 728 456 et
750 396 922 479 parentum
949 407 1083 458 suornm
1107 385 1274 458 additare
1301 383 1396 456 beate

271 483 448 573 genetricis
472 481 525 552 dei
549 491 769 554 oonstruotum
793 487 826 554 in
849 481 943 573 urbeff
967 505 1031 578 qno
1054 482 1203 556 Nemetis
1228 481 1285 554 vel
1302 481 1395 576 Spita

272 589 420 666 vovetur„
443 591 566 678 anneta·
584 584 742 674 menoipia
767 604 840 653 eum
858 603 973 653 eornm
990 577 1309 675 pmereaeionhue,
1333 601 1395 672 que

270 679 303 747 in
320 675 437 748 eaden
454 679 586 750 oivitete
602 675 754 768 habebat
773 690 806 750 et
822 687 1000 768 monetam,
1019 701 1082 772 que
1098 687 1164 750 tota
1175 681 1253 750 suo²
1270 699 1396 750 sueon-

270 771 338 844 huit
353 777 552 868 proprietati,
569 778 647 846 itenn
662 776 871 848 medietatem
888 775 1033 866 thelonii
1050 778 1128 848 item
1138 773 1395 862 tenariossatis,

270 874 347 942 item
363 871 517 944 denarios
541 875 634 966 picis„
658 876 736 944 item
759 873 913 946 denarios
931 876 1013 965 vini,
1036 882 1248 966 ooteramqne
1264 893 1396 944 omnem

270 979 465 1062 potestatem
482 971 672 1064 temporalis
689 971 917 1044 iurisdietionis
934 974 1017 1043 intra
1035 969 1176 1042 eandem
1189 972 1356 1042 eivitatem
1365 977 1397 1038 et

270 1075 378 1158 extra
402 1088 466 1160 qne
483 1066 671 1161 parentibus
688 1072 757 1142 suis
775 1079 809 1140 et
826 1067 887 1142 eibi
904 1091 948 1140 ex
965 1069 1072 1161 regali
1093 1067 1265 1139 antioona
1281 1077 1316 1138 et
1332 1065 1397 1138 do-

269 1166 402 1236 natione
423 1167 457 1236 in
480 1167 712 1280 proprietatem
733 1164 914 1256 suooubuit
937 1165 1066 1282 prefato
1088 1161 1296 1282 Reginboido
1321 1166 1398 1258 epi·

268 1282 371 1431 {id
377 1271 585 1431 „titiis
597 1262 1398 1433 titttittttttttttttttttr

270 1453 471 1528 droconivi.
486 1455 574 1548 [946
585 1467 675 1530 mire
687 1457 750 1548 13]
764 1469 929 1550 regnante
938 1479 1022 1551 rege
1033 1457 1153 1532 Ottone
1162 1477 1250 1530 anno
1266 1457 1397 1551 prirno.³

318 1553 515 1628 Gadeiridus
538 1557 630 1626 xviii.
656 1555 799 1628 ecclesie
818 1555 993 1628 Nemetine
1019 1558 1193 1650 episeopus
1218 1553 1345 1628 resedit
1366 1557 1398 1626 in

269 1675 309 1724 ea
328 1675 450 1724 annum
467 1674 567 1724 unum
584 1650 646 1726 sub
664 1657 758 1728 annis
776 1653 861 1726 dom.
880 1657 1002 1726 ineern.
1021 1653 1227 1726 neminie

319 1749 464 1843 otgerus
480 1773 583 1824 xvnn
602 1751 745 1824 eodesio
763 1751 938 1824 Nomotine
965 1755 1140 1846 episeopus
1164 1749 1290 1824 resedit
1306 1753 1340 1822 in
1358 1773 1398 1822 ea

268 1846 370 1920 tritus
387 1847 566 1922 mensibus.
601 1847 675 1920 Otto
693 1851 816 1943 primus
832 1849 1055 1922 Romanorum
1073 1852 1249 1944 imperator
1265 1858 1399 1942 propter

269 1945 416 2018 divimnn
428 1967 575 2018 amorem
588 1957 621 2018 et
630 1950 879 2020 venerationem
890 1945 987 2018 beate
995 1945 1102 2020 Mario
1112 1947 1252 2038 viginis
1269 1945 1399 2040 pretato

270 2041 396 2134 Otgsro
419 2045 574 2137 episeopo
598 2047 763 2118 oonoessit
787 2047 1009 2133 emunietenr,
1036 2055 1072 2116 nt
1093 2044 1172 2116 nulli
1193 2046 1244 2114 rei
1268 2039 1398 2138 pnbiioe

269 2139 561 2230 administratores,
579 2145 653 2216 sive
671 2139 741 2214 dux
756 2145 831 2214 sive
848 2141 950 2214 index
966 2151 1022 2212 aut
1038 2141 1101 2213 alie
1118 2161 1261 2235 persona
1278 2141 1398 2214 onius-

268 2260 397 2333 ounqoe
414 2242 584 2332 potestatis
602 2241 734 2330 existo,
756 2242 819 2313 nisi
835 2240 929 2312 solue
946 2239 1122 2333 episeopus
1139 2237 1198 2312 vel
1213 2237 1404 2312 advooatne

269 2345 465 2430 potestatem
486 2336 606 2410 habeat
628 2358 688 2431 pro
712 2359 905 2432 woonnqne
928 2339 1063 2428 negotio
1080 2337 1137 2408 vol
1156 2357 1194 2408 re
1217 2358 1323 2430 parva
1342 2333 1400 2408 vel

269 2456 390 2527 mogon
416 2435 569 2530 plaeitum
593 2444 709 2506 tenere
733 2435 790 2506 vel
814 2433 976 2529 publicum
1001 2431 1153 2505 iudioium
1176 2433 1290 2506 faeere
1314 2432 1399 2504 inira

270 2535 375 2604 autin
392 2536 525 2605 eirouitu
552 2543 646 2605 extra
673 2535 838 2605 eivitatmn
855 2531 1047 2618 Nemetera3
1074 2531 1184 2604 nuilus
1212 2533 1311 2602 etiarn
1339 2551 1401 2624 per

269 2630 386 2720 regale
413 2629 556 2702 bennum
584 2633 754 2726 quiequam
782 2633 922 2722 exigere
950 2639 1005 2700 aut
1038 2627 1157 2724 aliquid
1183 2627 1226 2699 de
1251 2638 1401 2716 moneta,

269 2724 413 2800 thelonio
430 2729 487 2801 vel
504 2751 549 2800 ex
569 2729 659 2800 nulle
683 2728 745 2800 elia
762 2749 801 2798 ro
817 2730 851 2798 in
874 2726 990 2800 iisoutn
1013 2729 1109 2819 regni
1132 2725 1317 2800 nemone
1346 2733 1401 2796 aut

268 2823 419 2898 homines
437 2828 530 2898 istius
549 2827 693 2898 ecclesie
716 2836 782 2896 tam
798 2827 1093 2918 ingeniosorum
1118 2844 1238 2897 servos
1262 2815 1401 2896 induete⁶

270 2925 498 3015 oonstringere
515 2924 582 2996 nilo
605 2943 750 3017 unqutm
765 2931 913 3018 tempore
936 2931 1117 3016 presumat,
1140 2919 1202 2993 sed
1219 2917 1280 2994 sud
1298 2941 1400 2992 erna-

269 3021 376 3092 nitatis
394 3023 528 3093 tuitione
546 3024 654 3116 quieto
667 3019 782 3092 ordine
792 3023 912 3093 vivere
922 3043 962 3090 ae
972 3018 1122 3094 residere
1139 3020 1401 3113 pomtuatenno

270 3113 391 3190 donnni
407 3117 635 3192 dwoodxiiii!

294 3261 298 3266 -
318 3213 510 3290 Baiderioos
526 3237 584 3289 xx.
603 3217 747 3290 eoelesie
765 3216 940 3290 Nemetino
965 3218 1142 3309 episeopus
1165 3212 1291 3288 resedit
1307 3214 1342 3284 in
1359 3233 1400 3284 ao

270 3311 438 3385 mensibus
449 3312 586 3388 duobus.
614 3313 688 3387 Otto
705 3314 873 3388 soemdus
890 3317 1067 3407 imperator
1077 3311 1302 3384 Romanorum
1312 3308 1401 3382 bona

270 3412 303 3480 in
319 3407 543 3500 Steirweilen
567 3412 718 3484 Minfeldt
742 3422 776 3484 et
791 3409 1036 3500 Freokentettt„
1059 3431 1120 3504 per
1144 3406 1310 3503 quendem
1326 3406 1403 3480 Gu-

269 3527 391 3580 nonem
407 3511 560 3580 oomitem
573 3511 714 3582 eoelesie
724 3509 900 3582 Nemetine
913 3506 1042 3598 eade,
1060 3507 1102 3578 ad
1116 3507 1306 3578 instoriam
1314 3504 1402 3578 Bal·

270 3603 370 3676 derici
388 3609 544 3700 episeopo
561 3607 603 3677 de
620 3629 710 3679 novo
727 3607 874 3696 donarit,
899 3601 1026 3677 tradidit
1044 3627 1084 3676 ao
1106 3601 1264 3698 imperiali
1289 3605 1402 3676 innis-

270 3709 355 3774 state
377 3702 584 3776 oonfirmavit
607 3729 636 3776 a.
660 3703 692 3775 d.
716 3703 953 3776 doeoodxxxii.
980 3701 1070 3794 [982
1093 3723 1169 3793 aug.
1188 3699 1280 3790 18].Β
1317 3699 1402 3772 Item

270 3799 416 3891 profatu
427 3798 502 3874 Otto
517 3804 696 3896 inperator
705 3804 913 3892 emuniens,
931 3822 992 3894 por
1002 3809 1128 3893 penem
1138 3819 1236 3875 suum
1246 3795 1404 3871 onoma

279 4001 405 4069 ι·1)ιο
425 4000 469 4057 die
487 4001 555 4074 nrt,
572 4001 633 4058 Iton
647 4003 702 4060 und
714 4003 759 4060 W.
796 3999 1004 4060 mearatoribns.
1041 4001 1071 4068 Β)
1091 3995 1270 4056 ruesonmir
1288 4014 1340 4054 aue
1356 3998 1402 4054 sni

270 4071 402 4154 porrigin-
438 4073 471 4140 3)
495 4073 616 4144 nemina
634 4074 688 4132 ΠΒ.
706 4073 731 4143 i,
749 4019 794 4130 ΗΡ.
828 4074 859 4140 d)
883 4073 949 4156 Eoo.
966 4071 1108 4133 deeootri¹
1142 4073 1175 4138 ⁵)
1202 4086 1235 4126 eo
1258 4067 1306 4125 die
1331 4070 1403 4137 ιὰ,

269 4143 371 4200 noete
395 4143 457 4200 Eoo.
475 4145 536 4200 aad
554 4145 600 4202 W.
635 4146 724 4213 diro·
743 4144 787 4200 die
812 4145 886 4213 urle„
910 4143 1067 4200 notatae
1085 4141 1202 4200 nndW.
1239 4139 1270 4208 i)
1290 4139 1355 4198 ors
1375 4157 1402 4198 r.

270 4213 323 4270 969
343 4219 394 4270 oet.
413 4215 438 4270 4.
458 4215 579 4284 Remiing
597 4216 693 4286 ΗΒΑ,
714 4216 755 4273 15.
791 4217 823 4283 8)
842 4215 964 4286 Radius
982 4214 1007 4285 1,
1026 4213 1068 4270 te.
1165 4248 1167 4256 ι
