2904 4822
342 184 854 245 rmnurcusonnmssnuuorau.
1129 191 1178 265 59

60 361 197 452 „spiritus
209 361 430 447 sancti,cuius
443 359 597 452 indignus
609 382 730 434 servus
743 360 838 433 miles
849 364 1033 452 existimus,
1044 383 1179 436 necnon
1197 376 1265 434 terr

59 455 345 546 „adreverentiam
363 456 569 531 ethonorem
580 469 693 530 sancte
704 459 853 530 Romane
871 462 983 532 matris
994 459 1136 534 ecclesie
1147 471 1181 532 et

59 554 1180 650 „donimamussummiponuficissutumprosperumetaugmcntun

58 652 442 743 η11111111111111
454 653 651 726 sacreltalie
663 658 809 726 ettocius
821 653 1091 727 fideichristiane.
1109 653 1181 728 Nos

58 750 260 842 „candidatus
273 754 405 844 spiritus
417 755 519 823 sancti
532 752 626 824 miles
637 751 806 842 Nicolaum
824 774 967 825 severus
978 753 1180 843 &clemens

55 847 222 938 „liberator
229 846 333 936 urbis,
341 847 801 939 zelamrialic,amat0rurtis
810 859 844 920 et
853 848 999 922 1111111111
1007 862 1182 943 augustus,

56 946 220 1036 „volentes
238 956 274 1016 et
290 944 517 1019 desiderantes
534 947 654 1019 donum
678 950 808 1040 spiritus
820 951 923 1020 sancti
940 957 974 1018 et
989 946 1182 1021 liberatores

55 1047 274 1137 „antiquorum
285 1043 507 1116 Romanomm
525 1048 705 1140 principum
722 1055 876 1138 quantum
893 1068 913 1116 a
930 1043 1025 1119 nobis
1041 1047 1182 1141 permit-

56 1141 1184 1238 ν,11111111111111111111111111111111111ε11111111111111111111

55 1249 275 1332 „assumptum
292 1237 473 1314 tribunatus
491 1239 631 1311 officium
641 1242 811 1313 Romanus
828 1241 968 1334 populus
985 1241 1028 1312 de
1046 1241 1182 1316 consilio

55 1341 212 1429 „omnium
236 1345 272 1407 et
294 1338 498 1428 singidonum
522 1337 661 1409 iudicum
687 1342 869 1430 sapientum
892 1349 927 1409 et
947 1339 1182 1411 advocatorum

55 1433 156 1525 „ubis
174 1439 386 1526 recognovit
406 1458 444 1506 se
455 1433 561 1506 adhuc
576 1435 664 1506 illam
680 1434 805 1507 habere
822 1439 1046 1508 auctoritatem
1062 1447 1181 1530 potes·

54 1544 235 1627 „talemque
246 1543 344 1626 atque
365 1531 617 1606 iurisdictionem
628 1537 661 1604 in
672 1543 738 1605 toto
755 1531 836 1605 orba
852 1542 1013 1606 terrarum
1024 1556 1105 1628 quos
1116 1532 1182 1605 ha-

54 1629 135 1721 „buit
152 1655 172 1702 a
190 1633 364 1725 principio,
381 1641 414 1701 et
431 1653 559 1704 summo
577 1641 756 1722 augmento
773 1628 863 1704 urbis
881 1632 1007 1725 prefate
1025 1642 1059 1702 ct
1074 1634 1183 1703 omnia

54 1728 244 1820 „privilegia
253 1727 338 1799 facta
349 1726 600 1821 inprciudicium
611 1731 808 1800 auctoritatis
817 1733 1025 1822 etpotestatis
1037 1739 1070 1800 et
1079 1731 1183 1800 inris-

54 1825 218 1914 „dictionis
243 1822 428 1898 huiusmodi
455 1824 496 1896 ad
520 1848 559 1899 se
580 1829 755 1898 revocavit
777 1847 951 1921 expresse.
982 1826 1052 1900 Nos
1075 1830 1184 1920 itaque

54 1925 297 2014 „auctoritatem
314 1932 510 2016 potestatem
527 1934 560 1995 et
575 1923 829 1996 iurisdictionem
846 1926 1024 2017 antiquam,
1042 1935 1076 1995 et
1091 1921 1185 1995 arbi·

54 2023 201 2112 „uariam
228 2030 426 2114 potestatem
453 2018 547 2092 nobis
574 2042 768 2094 concessam
792 2043 811 2091 a
834 2022 955 2115 populo
978 2021 1128 2093 Romano
1150 2025 1184 2092 in

53 2117 1185 2213 ᾖ111111111111111οι1111111111111110111111111111111111111,

54 2226 104 2305 „ut
119 2226 212 2310 patet
229 2237 292 2309 per
309 2215 507 2310 apostolicas
524 2214 630 2290 bullas
648 2219 734 2306 eius,
752 2239 795 2287 ne
806 2215 980 2288 videamur
996 2215 1039 2286 de
1056 2215 1186 2287 donoet

52 2317 184 2405 „gracia
203 2316 309 2386 sancti
326 2317 458 2407 spiritus
470 2337 510 2385 ao
524 2317 609 2386 sacri
625 2313 766 2385 Romani
776 2313 887 2407 populi
897 2313 1050 2384 favorum
1065 2315 1187 2403 ingrati

53 2410 274 2501 „omnimode
291 2420 326 2481 et
340 2415 412 2482 iure
429 2434 469 2482 ac
484 2410 588 2482 forma
606 2409 722 2504 quibus
739 2410 857 2482 melius
874 2431 1051 2504 possumus
1069 2420 1104 2480 ot
1120 2409 1186 2480 de·-

52 2507 201 2600 „bemus
225 2507 435 2580 decernimus
453 2516 487 2579 et
508 2507 713 2580 declaramus
731 2531 772 2580 ac
787 2511 1057 2603 prommciamus:
1080 2510 1186 2603 ipsam

53 2606 412 2696 „sanctamRomanam
422 2603 538 2676 urbem
556 2617 652 2700 caput
668 2604 756 2678 orbis
775 2616 808 2676 et
817 2605 1064 2678 fundumentum
1081 2607 1186 2677 tocius

52 2703 144 2794 „tter
162 2703 356 2792 christiane,
381 2727 421 2775 ac
437 2723 553 2775 omnes
570 2715 604 2774 et
622 2702 771 2795 singulas
789 2706 938 2775 civitates
955 2700 1049 2774 Italia
1064 2701 1187 2776 liberas

53 2823 148 2890 „esse
167 2823 359 2874 censemus.
376 2799 420 2872 Et
430 2823 475 2872 ex
485 2823 574 2873 nuno
590 2823 707 2874 omnes
717 2800 863 2894 prefatos
881 2801 1021 2894 populos
1037 2824 1078 2872 ac
1094 2803 1187 2872 cives

51 2898 507 2990 ἦ11111111111111111111
531 2897 736 2970 declaramus
762 2908 796 2968 et
818 2902 1070 2992 pronunciamus
1095 2900 1188 2969 cives

52 3019 148 3088 „esse
166 2997 340 3069 Romanos
366 3019 407 3067 ac
422 2997 572 3068 Romana
594 2994 744 3067 libertate
767 2995 920 3068 volumus
945 3017 1004 3066 eos
1028 2992 1187 3086 gaudere.

51 3094 151 3187 „trem
163 3093 285 3166 eodem
297 3097 489 3165 auctoritate
507 3103 541 3164 et
557 3097 669 3185 gracia
680 3092 734 3163 dei
746 3095 876 3186 spiritus
889 3095 991 3164 sancti
1003 3092 1188 3164 acRomani

52 3193 182 3287 „populi
207 3190 384 3286 supradicti
407 3190 542 3264 dicimus
566 3191 756 3285 profitemur
779 3213 819 3262 ac
836 3193 940 3261 eciam
964 3187 1187 3261 declaramus:

51 3289 260 3380 „Romanum
271 3292 443 3384 imperium
453 3289 648 3360 electionem
659 3289 913 3360 iurisdictionem
925 3295 958 3358 et
969 3283 1190 3358 monarchiam

52 3392 178 3473 „tocius
197 3390 283 3459 sacri
300 3389 427 3480 imperii
444 3386 485 3458 ed
502 3391 608 3478 ipsam
626 3387 745 3458 almam
761 3383 878 3457 mbem
895 3395 928 3456 et
945 3388 1017 3456 eius
1034 3383 1189 3479 populum

51 3506 204 3574 „necnon
214 3483 257 3555 ad
268 3482 590 3556 universamltaliem
601 3488 779 3577 pertinere
797 3493 831 3554 et
841 3481 978 3554 easdem
994 3482 1067 3553 fore
1083 3481 1189 3573 legit·

53 3586 149 3672 „time
173 3581 379 3671 devolutam„
403 3581 510 3652 multis
534 3579 712 3654 rationibus
737 3583 845 3654 causis
870 3602 951 3676 quas
976 3601 1037 3652 suo
1060 3579 1133 3650 loco
1157 3587 1190 3650 et

52 3690 222 3774 „tempore
253 3679 414 3750 declarari
438 3679 605 3750 iaciemus.
638 3677 765 3751 Dentes
789 3687 823 3749 et
845 3677 1048 3776 prefigentes
1071 3669 1190 3747 in'lriis

53 3775 362 3872 „scriptisomnibus
371 3787 405 3847 et
415 3776 694 3870 singulisprelatis
708 3773 956 3870 imperatoribus
971 3773 1189 3846 electiselec-

54 3873 200 3964 „tortum
222 3871 359 3966 regibus
385 3871 520 3946 ducibus
538 3873 735 3968 principibus
756 3871 928 3946 connitibas
949 3867 1189 3944 marchionibus

56 3974 205 4067 „populis
216 3968 485 4044 universitatibus
496 3981 531 4041 et
539 3969 785 4066 quibuscunque
795 3971 869 4046 aliis
883 3973 918 4042 ia
928 3970 1039 4062 specie
1050 3975 1083 4038 et
1093 3987 1193 4041 com-

62 4073 188 4160 „munt
211 4073 435 4164 cuiuscunque
473 4072 622 4142 rovincie
645 4079 749 4142 status
773 4067 964 4145 conditionis
982 4067 1135 4154 existant,
1159 4074 1193 4139 et

65 4167 313 4256 „contradicere
329 4166 430 4240 volen
446 4171 452 4183 '
476 4188 516 4239 us
534 4170 645 4278 souin
662 4169 823 4240 electione
838 4165 965 4261 prelata
981 4187 1022 4236 aar
1036 4167 1110 4260 ipso
1124 4167 1192 4238 iur-
