3010 4822
460 217 634 279 llElNlilCUS
655 215 907 276 nuuuoutsusts
1184 219 1255 296 515

122 393 302 466 ludewico
329 397 450 484 movit,
480 417 577 490 quom
605 404 681 468 onte
709 393 818 468 lrctris
842 397 1034 490 captionem.
1073 393 1256 468 Prediotum
1272 412 1342 474 1322

123 504 233 564 sutem
250 489 372 564 bellum
389 491 615 565 ‘consumatum
634 503 686 564 est
706 504 782 564 onte
801 491 980 564 adventum
999 492 1146 564 eiusdem
1164 492 1256 566 ducis

122 589 293 684 Leupcldi,
312 594 365 686 qui
383 601 517 682 gentem
535 613 691 682 maguum
709 590 751 661 de
762 591 886 663 Suesia
904 602 937 664 et
954 590 995 661 de
1012 590 1130 667 Rheno
1147 592 1256 664 colle·

122 699 231 780 gerat,
249 699 282 758 et
299 691 330 759 in
350 691 465 760 itinere
483 700 554 760 eret
572 687 613 758 ad
631 685 895 761 subveniendum
912 689 1013 761 fratri.

171 787 273 858 Antio
292 785 418 857 decimo
435 790 531 878 regni
550 789 601 858 sui
613 783 812 858 Ludewicus
830 784 959 858 obsedit
977 798 1120 860 cestrum
1137 786 1257 861 ducum
1273 797 1343 856 1324

123 884 260 956 Austrie
278 883 397 955 dictum
408 884 577 975 Purguwe
595 907 669 956 cum
686 907 806 976 magua
824 887 979 978 putentisq
998 886 1117 958 volens
1134 885 1257 958 Fride-

122 984 226 1054 ricum
254 981 483 1054 adversarium
510 1005 606 1054 suum
634 992 763 1078 coptum
791 983 918 1077 capituli
946 987 1108 1056 sententia
1138 981 1258 1074 ibidem

122 1080 289 1174 plectere,
313 1079 374 1152 sed
398 1102 458 1175 per
480 1078 683 1174 Leupoldum
707 1078 825 1152 ducem
849 1080 1028 1177 predictum
1052 1081 1185 1174 fugatus
1207 1091 1259 1156 est

123 1176 210 1248 inde.

174 1275 274 1346 Auno
292 1275 464 1348 undecimo
480 1274 678 1348 ludewicus
700 1277 791 1350 solus
810 1277 955 1348 exclusis
972 1277 1123 1351 omnihus
1142 1281 1344 1352 consi-1325

122 1374 224 1444 licriis
243 1377 311 1446 suis
329 1374 457 1446 occulte
479 1378 630 1446 tractavit
652 1385 686 1445 et
702 1374 929 1446 confederuvit
953 1397 992 1447 se
1016 1399 1089 1448 cum
1113 1375 1258 1472 predicto

122 1470 291 1542 Friderico
319 1483 432 1566 capt03
459 1477 502 1545 itu
526 1469 612 1568 quod
637 1470 724 1544 idem
750 1470 936 1544 Fridericus
962 1475 1172 1546 renunciaret
1198 1478 1259 1546 iuri

124 1569 294 1642 electionis
322 1591 384 1641 sue
411 1580 445 1640 et
469 1569 647 1642 Ludewico
676 1569 813 1642 deberet
839 1574 998 1642 assistere
1024 1575 1121 1643 etiem
1146 1583 1258 1644 contro

122 1667 243 1740 iratres
268 1689 356 1740 suos.
408 1667 450 1738 Et
473 1672 665 1740 iuraverunt
687 1667 783 1740 omho
807 1678 961 1742 tractatus
980 1668 1171 1750 huiusmodi
1195 1692 1259 1742 oc-

124 1764 230 1836 cultos
251 1763 433 1838 observare
461 1787 561 1861 super
585 1777 790 1838 sacramento
814 1763 1029 1857 eucharistie,
1053 1768 1140 1864 quod
1164 1766 1259 1840 umbo

87 1944 92 1955 ¹
124 1862 244 1934 eudem
261 1862 340 1935 hora
364 1873 561 1958 receperunt
584 1867 684 1936 misso
710 1887 821 1936 corum
839 1866 919 1958 ipsis
937 1863 1113 1939 celebrato.
1148 1865 1191 1938 Et
1212 1871 1262 1940 sic

123 1957 326 2033 Fridericum
354 1961 537 2034 avinculis
565 1960 685 2032 dimisit
712 1964 796 2058 [upr.
821 1960 897 2052 23].
935 1964 1013 2037 Post
1036 1963 1259 2038 dimissionem

124 2080 191 2132 non
210 2059 309 2130 multo
333 2071 480 2154 tempore
503 2082 542 2134 se
566 2081 684 2152 regem
708 2063 791 2132 sicut
814 2069 890 2132 onte
915 2064 1044 2156 scripsit
1061 2061 1260 2152 Fridericus„

124 2168 159 2228 et
183 2160 354 2228 immemor
377 2159 483 2248 gretie
509 2156 569 2229 sihi
595 2158 680 2228 lecte
707 2179 746 2231 se
771 2169 882 2230 contre
904 2156 1118 2232 Ludewicum
1145 2166 1261 2234 iterato

125 2257 243 2326 erexit.
279 2253 375 2328 Unde
392 2253 557 2329 lohannes
580 2277 645 2326 rex
660 2253 818 2327 Bohemie
843 2266 964 2326 terrem
982 2280 1089 2347 suom,
1107 2257 1262 2332 videlicet

125 2353 296 2438 Austrium
315 2373 389 2427 cum
408 2374 528 2444 magno
539 2356 682 2448 potentia
695 2355 838 2444 introvit,
856 2363 889 2424 et
906 2350 967 2426 sibi
984 2359 1102 2448 gravio
1120 2354 1260 2451 dampna

124 2451 158 2520 in
177 2452 306 2540 cestris,
330 2449 559 2523 munitionibus
583 2461 616 2522 et
638 2452 709 2524 aliis
733 2451 861 2523 intulit¹
897 2447 940 2522 Et
963 2452 1090 2524 modico
1114 2465 1261 2549 tempore

125 2551 350 2642 supervivens
369 2570 455 2620 anno
473 2547 593 2620 domini
611 2551 828 2622 mcccxxix.
847 2547 925 2622 obiit
944 2547 988 2640 [i
1007 2549 1103 2622 1330
1119 2555 1183 2624 iun.
1196 2549 1259 2642 13]

125 2668 172 2716 ex
188 2667 334 2736 uenenoq
352 2649 424 2740 quio
443 2669 578 2718 vermes
597 2645 851 2721 innumerabiles
870 2657 1005 2720 excute
1023 2651 1125 2743 ipsius
1144 2671 1261 2724 erum-

124 2741 255 2838 pehont
290 2744 379 2814 Ante
402 2754 540 2815 mortem
564 2747 666 2838 ipsius
689 2740 821 2816 biennio
844 2744 901 2816 vel
929 2749 1015 2817 circu
1039 2756 1185 2818 mortuus
1210 2757 1262 2820 est

124 2839 313 2936 Leupoldus
334 2837 377 2931 [l
396 2839 491 2912 1326
510 2838 574 2912 leh.
593 2841 668 2931 28].

175 2937 226 3008 Eo
240 2949 388 3034 tempore
400 2941 433 3010 in
444 2939 563 3012 Tuscia
577 2937 766 3012 Custrueius
778 2938 928 3013 dominus
939 2938 1092 3013 Lucanus
1104 2965 1260 3036 magnum

123 3033 249 3106 bellum
273 3035 383 3107 habuit
406 3049 480 3108 cum
502 3035 700 3109 Florentinis
718 3039 750 3108 in
768 3037 978 3132 Altopusso„2
1003 3042 1036 3110 in
1060 3061 1123 3134 quo
1147 3041 1260 3135 plures

125 3155 241 3204 corum
260 3137 357 3228 oepit,
376 3143 409 3206 et
426 3156 547 3226 magne
566 3145 697 3227 snoges
715 3133 881 3206 hominum
899 3135 982 3207 lucto
1002 3145 1054 3208 est
1073 3139 1173 3231 [sept.
1184 3136 1260 3227 23].

176 3231 277 3302 Anno
299 3233 397 3322 regni
420 3234 470 3302 sui
495 3229 688 3304 duodecimo
714 3254 788 3302 cum
811 3232 1005 3326 colloquium
1029 3230 1166 3306 haberet
1188 3257 1263 3306 eum
1278 3236 1347 3296 1327

125 3327 273 3423 predicto
290 3327 469 3419 Fridericm
494 3331 558 3400 iem
581 3328 716 3402 dimisso
740 3328 846 3400 odhuc
863 3333 1019 3420 vivente,
1044 3335 1077 3402 in
1100 3329 1262 3427 lspruhhu

126 3436 161 3498 et
178 3431 211 3496 in
229 3423 346 3496 eodem
365 3425 524 3521 colloquio
541 3448 608 3498 non
629 3427 764 3499 multum
788 3449 826 3499 se
850 3429 955 3500 amice
973 3425 1013 3498 uh
1039 3431 1181 3502 invicem
1199 3453 1262 3502 se·-

126 3533 293 3620 pururent,
311 3522 398 3594 idem
415 3522 614 3596 Ludewicus
637 3527 813 3617 ingressus
832 3535 884 3598 est
900 3527 1006 3620 alpes,
1031 3537 1152 3599 terrum
1169 3527 1262 3600 ducis

126 3620 309 3710 lloriuthie7
327 3624 492 3694 civitatem
503 3620 737 3713 interulam,
755 3620 808 3693 uhi
822 3621 863 3693 ud
877 3645 953 3694 eum
969 3625 1170 3720 sollempnes
1185 3647 1262 3696 um-

126 3717 299 3790 hssotores
327 3721 485 3790 miserunt
512 3728 659 3792 rectores
683 3719 895 3808 monartio„
919 3719 1074 3793 videlicet
1095 3721 1262 3794 Gclectius

126 3814 170 3886 de
182 3813 436 3889 vicecomitibus
455 3815 605 3888 dominus
624 3815 981 3910 tunclllediolunensist
1000 3818 1150 3892 dominus
1162 3819 1262 3890 Canis

183 3956 213 4024 1)
232 3957 324 4012 wodor
342 3957 386 4012 het
404 3957 547 4028 Friedrich,
570 3959 622 4014 wie
641 3957 691 4012 wir
716 3959 810 4014 hesser
828 3959 939 4028 missen,
964 3959 1020 4015 sich
1040 3959 1264 4030 vertrrgswidrig

127 4028 206 4082 einen
222 4027 379 4083 liiimischen
400 4028 485 4098 konig
503 4029 690 4100 gescliriehen,
710 4032 778 4086 noch
798 4032 884 4101 kdnig
896 4033 996 4088 lohenu
1017 4029 1062 4087 ihn
1082 4031 1191 4086 deslmlh
1212 4033 1263 4087 he-

126 4099 232 4169 kriegt3
250 4099 326 4154 diese
341 4099 415 4154 stelle
435 4099 470 4154 ist
488 4099 613 4156 indessec
633 4099 802 4172 cirthensem,
821 4103 872 4158 wie
892 4101 1054 4172 nuclrtheilig
1072 4103 1120 4157 dos
1139 4103 1264 4171 geheim-

126 4171 215 4300 initu„
235 4171 289 4298 dei
301 4170 516 4240 gescntossenen
528 4179 650 4242 vertrige
671 4175 712 4230 liic
726 4175 858 4230 Friedrich
878 4191 942 4232 wer.
974 4175 1005 4243 2)
1024 4174 1181 4246 Altopuscio
1201 4181 1263 4234 ‹lst-
1346 4205 1349 4210 ·

136 4259 160 4298 rc
198 4259 251 4298 rou
291 4259 363 4298 uuor.
1256 4262 1264 4274 ·’

992 4360 1051 4418 33*
