2900 4820
352 237 516 294 numinis
535 229 876 294 nonwmtnunoonsts.
1103 237 1179 314 229

72 411 170 484 solum¹
188 412 359 504 sigillavit7
384 409 444 484 sed
461 414 566 483 eciam
584 433 696 483 coram
719 408 895 482 tabellione
913 412 1016 482 misso
1033 433 1094 506 per
1109 435 1177 506 pa-

71 535 140 604 pam,
156 533 192 582 se
208 521 418 582 servaturum
436 533 500 582 nec
509 521 743 584 revocaturum
754 513 872 582 iuravit
885 505 997 600 [1343
1009 520 1090 606 sept.
1101 509 1176 602 18].

71 609 181 704 licque
197 631 281 704 papa
300 618 335 680 ei
351 609 526 700 collegium
545 606 745 680 mirabuntur
762 607 909 680 dicentes
927 611 1014 680 inter
1034 631 1087 680 se:
1116 610 1180 681 late

70 707 241 790 disidencia
258 717 308 778 est
316 711 502 797 perpteeus.
528 707 660 803 illisque
678 717 816 801 quatuor
826 709 914 778 iuxta
928 703 1065 778 formam
1077 729 1180 779 man-

70 803 310 877 intimantibus
331 803 443 896 [1344
461 809 524 877 ian.
538 805 601 896 16]
626 829 666 876 ao
682 828 742 900 pro
759 805 902 876 articulis
920 807 1126 877 iniunctionis
1144 813 1179 877 ei

69 905 230 996 penitencie
249 903 370 974 domini
393 924 478 997 pape
502 901 707 994 instantibus,
736 925 799 973 neo
822 903 894 974 sine
919 903 1061 973 ardentis
1087 899 1178 974 abire

70 999 246 1092 colonobus,
271 1001 405 1072 tandem
427 1023 511 1096 popa
530 1023 603 1073 oum
627 1002 763 1074 oonsilio
781 999 911 1094 collegii
929 1001 992 1072 illis
1010 1000 1177 1088 articulos,

68 1119 132 1192 quos
147 1103 327 1194 prinoipem
350 1099 462 1170 fecere
486 1101 609 1190 votuit„
634 1103 687 1193 qui
710 1121 776 1172 non
799 1095 979 1190 tangebant
999 1119 1178 1191 personam

67 1201 135 1286 eius,
151 1197 210 1270 sed
221 1199 492 1292 statumimperii,
510 1200 704 1290 assignavit.
739 1194 863 1284 Quibus
880 1199 1017 1291 principi
1031 1218 1180 1289 presen-

67 1297 215 1390 tatis‚ipse
228 1315 345 1366 eorum
359 1299 485 1389 copiam
496 1298 663 1368 universis
673 1291 884 1388 principibus
894 1297 1070 1389 presertim
1081 1293 1180 1366 elec-

67 1391 169 1464 mribus
186 1402 220 1465 et
238 1397 371 1485 magnis
389 1391 572 1466 civitatibus
598 1393 786 1482 destinavit
814 1413 930 1464 omnes
958 1395 1122 1486 principes
1146 1401 1180 1465 et

67 1493 196 1563 cintates
208 1501 244 1562 et
257 1489 352 1584 opida
371 1493 474 1564 tocius
487 1491 684 1564 Alamannia
699 1489 744 1562 ad
759 1490 997 1584 parlamentum
1014 1488 1178 1584 publicum

67 1610 150 1681 super
164 1585 351 1661 huiusmodi
368 1588 454 1660 iacto
465 1592 498 1662 in
509 1588 729 1660 Frankeniurt
746 1587 971 1660 convocando.
1007 1587 1179 1660 Electores

66 1696 157 1757 autem
173 1689 341 1781 principes
359 1697 392 1757 et
408 1686 598 1759 inferiorum
617 1691 762 1783 parcium
780 1695 954 1779 magnates
971 1695 1046 1758 octo
1063 1683 1179 1758 diebus

66 1793 126 1854 ante
139 1783 324 1856 huiusmodi
335 1787 505 1856 terminum
519 1785 654 1858 Colonia
666 1793 906 1874 convenerunt
924 1782 1108 1856 huiusmodi
1118 1805 1180 1856 ar-

66 1881 153 1954 ticulis
171 1903 210 1954 se
228 1902 399 1976 opponere
418 1883 624 1955 concorditer
641 1884 889 1956 decernentes.²

112 1977 392 2054 Convenientibus
410 1991 519 2052 autern
537 1984 570 2052 in
587 1980 806 2054 Franltenlort
821 1983 1014 2075 principum
1033 2002 1179 2071 magna-

65 2085 118 2147 tum
140 2088 171 2148 et
192 2081 363 2150 civitatum
389 2078 624 2174 opidorumque
652 2078 868 2174 imperialium
897 2081 1025 2152 nunoiis
1055 2079 1181 2150 seilicet

64 2173 113 2244 sub
128 2197 212 2247 anno
231 2173 354 2246 domini
371 2179 573 2248 mcccxliiii.
586 2176 627 2247 de
639 2199 756 2250 mense
767 2174 958 2271 septemhrt
975 2186 1010 2247 et
1020 2185 1180 2270 querente

64 2275 191 2367 pn'noipe
216 2271 261 2343 (le
285 2272 468 2346 civitatibus
485 2275 649 2369 Aquensi,
667 2276 922 2366 Augustinensi7
945 2272 1179 2365 Uberlingensi

64 2379 90 2438 et
104 2371 185 2444 aliis:
202 2375 235 2441 si
252 2373 423 2442 adessent?
442 2371 586 2444 etdicto:
604 2377 694 2461 quod
708 2377 764 2463 sic,
782 2384 815 2444 et
832 2369 1087 2444 cursoultantibus
1101 2392 1182 2442 orn-

63 2465 156 2558 nitus,
179 2472 343 2560 magister
359 2469 518 2541 Wilrerus
542 2472 759 2543 cancellarius
784 2473 928 2565 episcopi
946 2469 1180 2556 treverensis,

64 2567 160 2636 iussus
176 2589 241 2662 per
256 2571 449 2663 principem
468 2571 516 2639 sio
533 2571 668 2663 incepit:
701 2571 858 2639 Graciose
878 2567 1035 2638 dorninci
1056 2571 1182 2638 domini

63 2667 160 2754 turoi,
175 2668 350 2754 principes
370 2669 532 2756 electores
554 2668 666 2737 etalii
683 2669 797 2750 fideles
813 2670 951 2756 imperii,
968 2669 1099 2756 pridem
1114 2667 1183 2736 Co-

64 2763 138 2832 tonic
156 2767 367 2854 concrepuit,
393 2773 594 2836 recementes
613 2768 772 2836 articulos
798 2765 1050 2850 reformocionir
1072 2773 1182 2853 resne

63 2879 132 2946 prot
142 2881 239 2950 papa
250 2865 391 2950 requirit
399 2870 432 2932 et
439 2867 472 2931 io
484 2865 599 2951 quibos
616 2866 756 2934 intencio
767 2865 946 2952 apostolice
955 2865 1042 2933 sedet
1052 2864 1181 2952 resedit,

63 2963 259 3030 cmcorditcr
269 2963 487 3050 decreverunt,
503 2963 578 3032 illos
588 2965 746 3032 articulos
757 2965 791 3030 in
797 2965 979 3050 perniciem
990 2965 1183 3032 etdestruc-

63 3057 169 3126 tionem
186 3061 319 3147 imperti
336 3079 404 3128 esse
421 3069 599 3150 conceptos,
618 3069 651 3129 et
665 3061 755 3148 quod
768 3079 829 3128 nec
839 3079 895 3130 cos
910 3079 970 3132 nec
988 3061 1053 3148 ipsi
1068 3063 1184 3128 oirtote

64 3157 228 3226 iuramenti
245 3159 382 3245 irnperio
394 3161 526 3245 prestiti
543 3177 688 3228 annuere
707 3159 853 3248 odientia,
871 3166 903 3228 ct
917 3157 1007 3245 qnod
1021 3159 1086 3244 ipsi
1095 3175 1184 3224 non·

64 3255 172 3324 cieret
195 3257 323 3325 litteras
349 3258 494 3344 diripere
521 3258 621 3325 uelint
640 3275 731 3345 pope
752 3264 784 3326 ct
808 3258 963 3344 cottepto,
993 3260 1031 3323 rt
1048 3255 1091 3322 ab
1119 3252 1184 3322 tiis

65 3353 216 3422 mntem.
252 3351 394 3442 Quodsi
409 3357 537 3442 notteot,
556 3357 622 3423 inm
640 3356 742 3424 otium
755 3356 924 3424 terminum
941 3355 976 3422 in
986 3352 1071 3422 lteris
1085 3369 1184 3441 snper

65 3447 172 3519 lenum
193 3454 244 3520 od
262 3458 335 3522 octo
354 3453 424 3522 dies
443 3459 633 3542 statuerunt,
662 3453 718 3521 nbi
738 3453 899 3522 robisenm
919 3451 1103 3522 deliberare
1121 3470 1185 3520 oo-

64 3547 134 3634 tunt,
162 3551 306 3636 quatiet
327 3553 362 3619 in
384 3559 529 3620 eoenmm
551 3553 648 3620 telem
675 3551 861 3620 huiusmodi
887 3549 1057 3620 conatibus
1079 3551 1183 3619 rcer's-

65 3651 148 3714 ianr.
198 3647 271 3735 Quo
290 3647 375 3719 dioto
391 3669 453 3742 per
470 3648 558 3719 illum
577 3648 720 3742 quesivit
742 3651 814 3742 ipse
832 3647 1046 3718 cancellarius
1065 3667 1083 3715 a
1101 3644 1183 3716 Μο-

65 3745 190 3830 gontino
206 3754 363 3838 presente
381 3756 414 3816 et
430 3768 449 3816 a
466 3746 588 3838 legatis
605 3746 742 3817 eliorum
760 3749 956 3840 principum:
973 3747 1004 3816 ei
1020 3749 1067 3814 ito
1080 3745 1183 3814 esset?

64 3836 185 3934 illisque
200 3841 491 3936 respondentibus:
516 3849 564 3914 ito
582 3863 658 3932 este,
677 3842 757 3918 dixit
779 3847 932 3938 princeps
950 3843 1076 3914 nunciis
1094 3843 1184 3913 civi-

65 3945 169 4009 tatmn:
209 3942 267 4010 Vos
288 3945 426 4014 medicos
451 3946 616 4014 decretum
643 3950 677 4013 ct
704 3945 874 4014 consitium
898 3943 1102 4031 principum
1128 3959 1185 4009 vos

112 4045 139 4114 l)
164 4049 252 4104 solum
273 4051 338 4106 leblt
362 4051 388 4108 in
409 4052 446 4120 B„
471 4053 507 4108 ist
526 4067 573 4107 ans
593 4053 622 4106 Α.
643 4057 762 4120 ergiozt.
808 4052 839 4120 2)
864 4049 912 4106 Die
930 4049 1070 4105 bedenken
1095 4063 1185 4116 gagen

65 4115 130 4194 nese
143 4120 246 4189 notet,
263 4122 365 4180 welche
377 4123 429 4180 wie
444 4124 488 4180 die
499 4142 525 4178 v,
542 4123 611 4178 1343
625 4121 668 4178 bei
684 4121 885 4194 Olenseblager,
899 4119 1081 4192 Stoatsgescb.
1096 4135 1118 4173 s.
1131 4119 1186 4174 226

66 4183 164 4320 ἓξὲξ
176 4191 392 4324 iperiffflp‘ipfind'
410 4193 454 4252 bei
473 4212 498 4252 r.
512 4193 626 4272 wacon,
644 4193 674 4250 ll.
688 4193 802 4268 ludwig
817 4193 871 4250 und
885 4193 914 4250 li.
930 4193 1031 4252 lohaoo
1045 4207 1097 4250 roo
1113 4190 1186 4254 eot-
