3012 4820
270 269 342 344 626
438 265 614 324 lllMOllTTAE
633 265 825 324 stottttttttbt
843 265 950 324 costa
969 265 1212 325 IMPERATORUM.

272 441 462 514 Emanuelis
479 442 612 532 inducti,
630 452 686 514 aut
701 443 840 537 pecunia
850 439 1055 514 anclrorum
1068 442 1223 535 corrupti,
1238 438 1400 512 duxerant

272 544 452 614 exercitum
483 563 543 635 per
569 544 659 614 viam
686 543 863 635 pessimam
891 550 926 612 ct
950 545 1170 636 penuriosam.
1223 539 1268 612 Ut
1294 547 1400 610 auum

270 650 436 712 venerunt
463 639 504 711 ad
531 640 735 734 periculosos
759 661 899 734 passus„
927 637 981 710 ubi
1016 637 1134 710 ancbi
1169 641 1316 711 maxime
1343 659 1400 710 eos

270 743 407 810 necare¹
426 749 589 833 poterant,
613 747 709 809 nocte
734 736 889 828 digerunt
912 735 1064 810 infideles
1088 737 1201 810 duces.
1236 735 1401 808 Corradus

271 846 381 908 autem
399 839 575 931 imperator
591 837 763 927 ignorans,
781 857 845 930 quo
862 836 991 908 iretvel
1003 857 1067 930 quo
1078 837 1307 932 pertransiret,
1318 855 1402 906 con-

271 933 344 1008 silio
361 955 495 1008 suorum
512 956 573 1029 per
592 936 680 1007 viam
698 955 762 1028 qua
778 943 942 1006 venerant
957 931 1068 1004 redire
1085 933 1254 1028 disposuit

343 1031 539 1106 Frederious
566 1033 689 1126 primus
713 1051 819 1126 napos
843 1032 901 1103 luit
926 1029 1062 1104 Corradi
1086 1034 1312 1127 imperatoris,
1341 1053 1403 1126 qno

270 1140 398 1202 mortuo
414 1133 570 1222 regnavit
586 1131 681 1201 annis
700 1151 776 1218 sex,
794 1139 965 1224 postquam
984 1140 1159 1202 coronabis
1186 1151 1247 1225 per
1274 1129 1403 1202 Adria-

269 1249 348 1300 nom
365 1250 483 1323 papam
509 1230 604 1300 annis
629 1229 889 1322 trigintascptem
912 1231 1083 1323 imperium
1110 1233 1213 1300 tenuit
1242 1231 1405 1323 usquein

269 1348 390 1397 annum
408 1325 529 1398 domini
545 1327 683 1398 mcxci.
709 1347 773 1420 quo
796 1337 944 1420 tempore
970 1325 1149 1422 Phylippus
1177 1348 1240 1397 rex
1264 1325 1405 1397 Mende

269 1434 303 1494 et
319 1422 499 1497 Riccardus
517 1445 580 1496 rex
597 1421 722 1515 Anglie
748 1423 1055 1499 transfretaverunt.
1107 1423 1296 1496 Fridericus
1322 1445 1405 1498 vero

268 1519 321 1594 hic
346 1525 450 1616 primo
475 1543 561 1594 anno
584 1524 681 1614 regni
708 1525 758 1594 sui
783 1521 845 1593 bac
870 1525 1045 1596 occasione
1072 1521 1301 1596 lombardiam
1331 1543 1405 1594 cum

160 1623 164 1634 '
268 1623 416 1692 exercitu
437 1623 541 1709 venit,
559 1623 633 1714 quia
651 1621 787 1692 comites
816 1619 858 1691 de
883 1619 1048 1712 taneto,
1075 1624 1129 1790 qni
1158 1630 1255 1692 erant
1277 1621 1405 1715 imperii

267 1716 412 1812 palatini,
430 1739 568 1812 quorum
585 1720 727 1812 potentia
744 1728 815 1789 erat
831 1721 1001 1812 potissime
1024 1721 1057 1791 in
1095 1722 1212 1814 yocesi
1235 1719 1405 1813 Papiensi,

268 1817 301 1886 in
319 1837 381 1910 qua
400 1827 433 1888 et
449 1815 630 1888 lamellum
650 1813 863 1890 fortissimum
880 1827 1024 1888 castrum
1038 1827 1121 1906 erat,
1139 1841 1158 1887 a
1176 1837 1242 1912 quo
1320 1825 1403 1888 trata

267 1923 332 1984 tcta
351 1912 434 1984 dicta
453 1924 505 1986 est
520 1911 678 2001 Lamelia,
697 1935 798 2007 super
814 1914 995 2009 Papienses
1012 1918 1045 1984 vi
1070 1913 1247 1986 dominium
1267 1935 1289 1985 o
1312 1917 1406 1986 tine-

266 2007 357 2101 bant,
373 2015 416 2082 ita
434 2009 519 2107 quod
537 2009 580 2081 de
597 2008 759 2106 quolibet,
784 2015 838 2106 qui
860 2023 1054 2086 nasceretur
1076 2015 1108 2084 in
1135 2011 1239 2100 urbe,
1264 2033 1405 2085 censum

267 2106 476 2181 denariorum
487 2106 658 2182 duodecim
668 2107 926 2203 extorquebant3
940 2133 1022 2204 quos
1032 2120 1065 2180 et
1081 2110 1189 2184 multis
1201 2110 1275 2183 aliis
1286 2113 1406 2182 servi-

267 2203 386 2282 tutibus
411 2205 646 2302 opprimebant.
696 2205 847 2294 Quodam
869 2210 968 2299 igitur
999 2229 1122 2300 magno
1150 2209 1236 2280 lesto
1264 2212 1405 2280 comites

268 2325 386 2379 omnes
405 2307 517 2398 magni
535 2315 568 2376 et
585 2305 692 2399 parvi,
713 2303 790 2376 dum
805 2307 938 2399 Papiam
955 2307 1068 2378 Testari
1086 2308 1281 2397 venissent,
1301 2308 1406 2399 portis

268 2400 433 2477 acivibus
450 2402 612 2476 obseratis
631 2413 790 2496 ceperunt
806 2425 941 2495 omnem
966 2425 1031 2476 uno
1051 2402 1220 2476 dumtaxat
1245 2415 1406 2498 excepto,

268 2503 371 2595 quiin
391 2501 626 2596 equodumine
652 2503 790 2574 nansito
808 2501 909 2573 Ticini
931 2505 1048 2574 evasit.
1089 2499 1202 2596 ltaque
1229 2499 1405 2574 comitibus

270 2601 319 2672 sic
335 2597 485 2671 omnibus
503 2601 674 2693 captivatis
691 2607 835 2672 castrum
852 2598 1016 2672 obsedere
1033 2598 1214 2672 tanetum
1225 2609 1405 2694 etcaptum

267 2699 397 2792 penitus
415 2694 592 2768 diruerunt.
644 2695 717 2768 llec
733 2700 841 2769 omnia
859 2707 1000 2770 vacante
1026 2701 1163 2792 imperio
1186 2707 1287 2790 gesta
1316 2707 1403 2770 sunt

267 2793 315 2866 At
331 2792 600 2868 Mediolanenses
618 2793 736 2888 aliique
754 2792 948 2887 lombardi,
965 2818 1009 2868 ne
1027 2795 1235 2890 Papiensium
1254 2805 1405 2890 potestas

267 2894 300 2962 in
319 2911 432 2962 eorum
449 2891 661 2986 preiudicium
676 2903 845 2964 cresceret
861 2897 1082 2984 extimentes„
1107 2915 1265 2986 guerram
1290 2903 1404 2966 contm

268 3009 341 3078 eos,
357 2988 513 3064 lavantes
532 2993 638 3062 comiti
666 2993 720 3084 qui
743 2989 917 3084 effugerat„
942 3001 1202 3064 commoverunt
1254 2991 1406 3062 Ticinum
1482 3029 1483 3042 κ

267 3089 366 3179 igitur
382 3086 519 3160 iluvium
530 3097 752 3180 transeuntes
765 3089 864 3160 multa
875 3099 983 3163 castra
994 3089 1185 3184 burgosque
1195 3091 1230 3160 in
1240 3099 1403 3176 conante

268 3207 332 3280 que
355 3183 512 3258 lamellia
536 3184 610 3258 dicti
637 3195 708 3276 est,
734 3195 938 3259 everterunt.
978 3187 1047 3258 Sed
1070 3187 1188 3259 milites
1216 3187 1404 3281 Papienses

267 3285 357 3358 loras
376 3288 507 3376 egressi
525 3288 597 3358 vias
615 3281 754 3356 nocendi
764 3282 1067 3360 Mediolanensibus
1079 3281 1307 3379 exquirebant.
1335 3281 1404 3358 Sed

268 3379 309 3452 ab
326 3384 406 3476 ipsis
424 3387 530 3475 potius
541 3385 656 3454 inarto
667 3385 844 3473 constricti
861 3381 937 3456 dum
955 3387 1153 3474 incastrumq
1165 3381 1252 3477 quod
1264 3381 1402 3477 Negle-
1481 3463 1482 3474 χ

268 3501 391 3552 vanum
408 3477 526 3552 dictum
550 3491 621 3571 est,
649 3479 896 3574 conliugissent,
920 3479 1073 3555 cosdem²
1102 3480 1401 3554 Mediolanensium

268 3581 435 3652 exercitus
452 3582 644 3674 insequutus
663 3589 696 3650 ct
713 3582 798 3652 circe
817 3590 960 3653 castrum
977 3577 1147 3653 obsidione
1164 3577 1308 3670 firmata,
1326 3601 1400 3652 cam

267 3675 386 3748 ibidem
409 3678 562 3750 victualia
586 3699 653 3750 non
679 3674 861 3768 haberent„
887 3677 975 3750 lame
999 3677 1158 3774 compulsi
1183 3699 1222 3750 se
1254 3673 1401 3752 hostibus

267 3772 485 3864 tradiderunt;
507 3773 571 3848 hoc
598 3784 694 3871 pacto
714 3775 853 3866 firmato,
876 3773 963 3870 quod
985 3779 1048 3870 ipsi
1072 3784 1237 3848 trecentos
1265 3796 1311 3848 ex
1336 3778 1400 3863 eis,

267 3893 349 3966 quos
379 3874 507 3964 eligere
532 3875 678 3962 vellent,
709 3872 930 3946 Mediolanum
954 3873 1113 3946 ducerent
1136 3894 1250 3946 sectam
1275 3881 1397 3967 captos.
1480 3947 1481 3958 χ

266 3969 360 4056 Quod
379 3981 411 4042 et
433 3971 554 4044 iactum
578 3982 638 4048 est.
688 3971 730 4044 Et
747 3975 821 4066 quie
837 3972 1020 4066 Papienses
1036 3975 1101 4043 iam
1126 3973 1264 4046 comites
1282 3989 1399 4042 omnes

267 4070 299 4137 in
318 4090 453 4140 carcere
463 4068 551 4142 lama
561 4079 784 4166 peremerant,
795 4067 1062 4144 Mediolanenses
1076 4089 1135 4142 eos
1147 4072 1298 4161 graviter
1307 4065 1397 4138 ailli-

268 4163 399 4258 gebant.
449 4165 615 4242 lnstanter
637 4190 721 4262 ergo
747 4171 867 4263 captivi
893 4166 1068 4264 petebant,
1096 4177 1131 4238 ut
1160 4167 1256 4262 aliqui
1278 4189 1323 4238 ex
1338 4167 1390 4234 eis

340 4289 369 4360 l)
390 4305 486 4344 nocere
505 4291 605 4348 konnte
625 4309 654 4348 es
674 4291 740 4348 eucb
756 4291 874 4364 baiesen,
886 4290 951 4348 aber
963 4291 1015 4348 mie
1030 4291 1099 4347 deun
1114 4289 1186 4347 eost
1203 4289 1233 4358 2)
1246 4305 1335 4344 cosam
1351 4286 1394 4342 bs.
1479 4363 1480 4368 η
