2960 4832
363 269 873 328 immamusnnurssssunovnu.
1151 273 1199 345 99

81 437 338 536 inpugnabantun.
356 441 428 514 Sed·
442 441 506 513 deo
524 453 689 514 annuente
704 465 782 537 pars
803 445 1007 536 imperatoris
1024 443 1199 535 prevaluit,
1216 453 1286 510 1355

81 549 108 608 et
126 537 208 609 hene
231 542 400 632 quingenti
416 539 609 613 Pisanornm
632 541 764 611 dierunt
780 543 879 614 occisi
903 551 936 611 et
962 543 1068 611 minor
1084 541 1199 612 civitas

79 646 208 707 comata
226 647 281 708 est
296 659 355 730 pro
371 647 477 732 parte,
495 647 530 708 et
546 648 674 732 septem
685 638 727 708 de
738 635 913 710 maioribus
931 641 1027 731 capti,
1045 647 1078 707 et
1094 637 1200 708 uadi-

79 735 185 804 tionem
202 733 348 806 confessi
372 746 405 807 et
430 757 491 828 per
508 739 709 810 sentenciam
732 738 937 829 imperatoris
954 757 1065 806 coram
1082 735 1200 828 palatio

78 829 223 902 decollati.
244 829 289 902 Et
305 830 367 902 hec
383 833 514 904 fuerunt
529 853 590 926 per
606 832 786 926 predictum
803 833 937 906 miditem
954 836 1086 927 scripte,
1104 854 1200 926 quam

78 926 202 999 litteram
219 931 273 1024 qui
291 928 354 1000 hec
371 933 500 1023 scripsit
515 929 597 1001 vidit
619 939 653 1001 et
674 931 767 1023 legit,
791 941 824 1001 et
847 935 982 1025 insuper
997 932 1143 1025 percepit
1159 925 1200 999 ab

79 1021 129 1096 his
139 1030 189 1120 qui
205 1035 285 1097 tunc
293 1037 469 1120 presentes
481 1037 575 1098 erant
585 1026 668 1099 etab
685 1031 757 1122 ipso
768 1027 913 1123 predicto
924 1026 1198 1100 commendatore.

80 1173 165 1262 Quod
177 1179 357 1264 inperator
366 1179 508 1249 tarazas
525 1181 685 1250 cornmnit
698 1180 854 1252 Poenam
870 1182 1032 1250 mmmmm
1047 1181 1200 1268 episcopo

162 1275 362 1363 nummata.

117 1402 192 1476 Item
209 1431 329 1481 mense
346 1411 425 1480 iunii
441 1430 527 1480 anno
544 1409 590 1482 lv.
608 1409 931 1504 imperatorKarolus
938 1409 1092 1483 Pisanum
1109 1409 1198 1481 eivi-

78 1511 162 1575 tatem
178 1509 341 1578 commisit
351 1507 720 1601 episcopoAugustcnsi
736 1506 894 1602 predicto,
912 1511 984 1602 ipse
994 1529 1077 1580 vero
1087 1505 1197 1578 redire

78 1597 219 1695 disposuit
234 1606 269 1674 in
286 1605 518 1676 Alamanniam
537 1614 570 1675 et
586 1607 825 1698 imperatricem
842 1608 989 1700 premisit
1012 1626 1108 1698 quam
1124 1607 1197 1698 ipse

78 1695 255 1772 subsecutus
274 1711 337 1774 est.
355 1699 396 1771 Et
416 1705 509 1773 venit
527 1704 561 1772 in
579 1701 767 1793 Augustam
783 1725 817 1774 v.
836 1723 912 1776 non.
930 1702 996 1773 iuttt
1016 1701 1086 1792 [iul.
1105 1699 1144 1792 3]
1163 1703 1197 1772 in

76 1793 291 1868 Allemaniam.
320 1795 362 1870 Et
385 1801 433 1871 sic
455 1799 538 1870 inira
562 1821 686 1870 novem
709 1820 844 1872 menses
871 1803 1045 1892 ingressus
1072 1796 1196 1870 ltadiam

77 1889 210 1966 tusciam
227 1905 261 1966 et
276 1893 419 1968 Romam
436 1899 518 1967 etin
536 1899 765 1990 imperatorem
782 1907 957 1970 coronatus
973 1917 1134 1968 reversus
1146 1906 1198 1968 est
1263 1907 1265 1911 ’

77 1989 148 2060 unde
164 1995 266 2082 venit,
283 1993 475 2087 relinquens
493 2003 617 2066 tantum
633 1997 792 2066 vicanum
808 2016 868 2089 pro
885 2015 924 2068 se
941 1991 1091 2066 initalia.
1109 1994 1197 2065 Pre-

77 2083 163 2160 dctus
174 2099 282 2162 uuum
292 2093 470 2184 imperator
476 2089 617 2163 Karalus
624 2088 719 2165 huius
729 2095 869 2164 nominis
881 2101 1013 2186 partus
1022 2088 1196 2164 Germanis

78 2182 255 2260 etBodemis
273 2191 461 2282 impetravit
477 2212 497 2258 a
514 2211 598 2282 papa
614 2187 804 2261 innocentio
823 2191 882 2278 vi,
899 2197 935 2260 ut
951 2187 1092 2260 officium
1110 2209 1194 2282 spe-

78 2281 145 2351 ciale
161 2285 298 2376 singuiis
323 2287 418 2357 annis
436 2284 530 2358 fieret
551 2285 633 2357 feria
657 2296 753 2358 sexta
776 2289 925 2380 proxima
946 2293 1025 2379 post
1042 2293 1195 2357 octavam

78 2378 233 2466 pasohude
247 2383 417 2453 loncscet
431 2384 535 2455 clavis
546 2382 667 2454 domini
683 2385 785 2455 nostri
794 2382 872 2454 Iesu
883 2381 1001 2456 (ihristi
1011 2403 1086 2452 cum
1096 2385 1195 2454 certis

78 2473 287 2570 tingendis,
312 2479 443 2552 scilicet
463 2482 559 2550 trium
576 2501 736 2552 annorum
759 2491 792 2551 et
813 2479 947 2551 totidem
963 2477 1195 2572 quadragenas

79 2572 122 2661 qui
140 2575 312 2648 ecclesiam
336 2580 410 2650 sive
434 2577 594 2671 capellam
616 2580 823 2651 visitaverint
848 2579 882 2648 in
908 2574 1023 2670 quibus
1051 2575 1195 2744 predicta

78 2668 271 2746 instrumenta
289 2685 507 2748 reservantur
522 2696 582 2767 pro
599 2684 757 2767 tempore.
780 2673 824 2746 Et
840 2674 978 2765 singulis
1002 2671 1055 2744 die
1076 2695 1117 2748 us
1134 2695 1196 2768 per

78 2774 209 2840 octavam
225 2769 373 2864 predicte
390 2772 575 2844 festivitatis
592 2771 737 2865 predicte
754 2771 964 2862 indulgencie
981 2770 1145 2844 consessis
1162 2781 1196 2842 et

79 2868 350 2960 contitissingulis
361 2872 455 2942 annis
469 2868 701 2940 conceduntur.
718 2867 786 2941 ltns
797 2879 907 2942 autem
917 2871 1013 2962 quiin
1021 2871 1194 2962 presencia

78 2961 381 3050 registtonanorum
391 2968 495 3059 prima
512 2965 565 3035 die
581 2973 706 3038 tantum
723 2969 826 3040 misse
840 2965 1046 3037 interfuerint
1063 2974 1194 3036 centum

79 3051 136 3126 dies
152 3069 182 3130 et
196 3061 330 3134 tou'dem
346 3061 389 3132 da
406 3063 544 3154 singulis
568 3063 653 3134 illius
671 3062 735 3134 diei
755 3066 787 3134 in
804 3065 979 3156 presencia
995 3064 1086 3153 regis
1103 3059 1193 3134 horis

80 3150 229 3232 celebratis
247 3170 283 3230 et
298 3159 415 3232 auditis
433 3163 538 3232 edam
555 3157 739 3254 ubioumpre
753 3158 917 3252 indulgit¹.

82 3317 162 3406 Quod
173 3329 349 3416 imperator
360 3331 501 3399 Karalus
514 3337 650 3418 quartus
666 3329 761 3399 dutus
777 3331 918 3400 nominis
934 3331 1050 3400 multos
1066 3327 1190 3402 nobiles

158 3422 234 3506 fecit
247 3430 357 3498 occidi
368 3447 432 3517 per
448 3429 612 3498 iusticiam
629 3431 708 3517 quio
720 3429 884 3516 predones
900 3425 1041 3510 suomet.

118 3549 190 3627 ltem
205 3581 323 3632 mense
340 3561 406 3632 iulii
423 3581 509 3630 anno
526 3557 647 3630 domini
664 3559 823 3632 mocclv.
841 3561 935 3633 venit
949 3581 983 3632 v.
1001 3581 1107 3634 nonas
1124 3560 1190 3632 iulii

83 3647 326 3742 tidantnotus
344 3659 521 3750 imperator
530 3655 573 3727 de
579 3656 686 3728 Roma
697 3667 871 3730 coronatus
878 3657 1080 3749 Augustam„
1098 3661 1191 3730 cuius

82 3746 198 3823 doute
217 3757 408 3847 episcopum
430 3755 589 3826 vicarium
613 3775 709 3828 suum
726 3755 808 3826 Pisis
830 3757 993 3825 constituit
1016 3764 1050 3825 et
1071 3751 1192 3824 ibidem

83 3841 196 3937 ttdtuit.
212 3847 289 3942 ipse
299 3866 382 3922 veru
393 3853 434 3921 iii.
445 3873 522 3922 non¹
535 3849 737 3944 deAngust'a
754 3850 917 3921 recedens
934 3852 993 3922 ivit
1009 3854 1041 3921 in
1052 3849 1191 3920 Ndren-

83 3931 161 4030 berg,
176 3943 293 4016 deinde
309 3947 662 4040 venitinRatisponam
672 3950 717 4021 xi.
735 3947 799 4018 kal.
819 3951 949 4037 arguisti
963 3948 1031 4036 [iul.
1041 3945 1117 4035 221.
1135 3947 1192 4019 Ad

84 4051 161 4122 pam
176 4047 265 4116 venit
281 4043 399 4116 ibidem
405 4043 643 4120 ntbcnusdux
652 4044 789 4116 Austrie
807 4065 881 4115 cum
899 4043 964 4113 filio
982 4042 1192 4117 suoRudoliu

83 4131 275 4228 primogenito
298 4145 354 4236 qui
377 4141 435 4215 iuit
461 4161 568 4234 gener
588 4144 802 4239 inperatoris.
830 4139 874 4214 Et
894 4138 971 4212 inde
993 4140 1191 4217 recedentes

114 4259 137 4326 1)
149 4281 177 4320 so
191 4267 231 4324 die
245 4270 285 4326 ns.

938 4343 978 4398 ἶ*
