2960 4832
244 203 292 278 ω
554 198 1078 259 rmuuousnaumssumovnn

162 377 230 436 ¹³4²
244 381 354 458 terum
370 382 405 445 ut
420 375 494 464 regi
509 371 742 445 Romanorum.
766 371 809 444 Et
824 368 868 443 ibi
885 371 1050 468 dispositis
1074 371 1184 444 miultis
1212 369 1389 444 advocatis

246 493 307 545 seu
323 469 504 542 rectoribus
513 474 665 542 maxime
682 469 821 560 Suevie7
840 493 913 543 cum
932 493 992 543 sua
1010 473 1164 542 comitiva
1182 469 1339 564 applicuit
1355 473 1391 541 iu

245 569 466 661 Argentinam
476 571 653 657 civitatem
665 571 719 662 qui
729 572 835 662 ipsum
843 578 1043 661 receperunt
1053 568 1292 662 sollempniter.
1311 567 1391 639 No-

245 664 362 740 bilibus
380 687 463 739 varo
479 663 654 738 baronibus
679 675 712 735 et
735 665 806 736 aliis
831 687 907 736 eum
925 663 1139 760 sequentibus
1156 687 1283 757 magna
1302 665 1391 736 dona

246 767 392 859 promisit
414 784 506 836 more
524 766 728 857 antiquorum
744 784 863 854 regum
879 773 914 834 et
936 767 1168 858 imperatorum
1186 762 1230 832 de
1249 785 1392 858 quorum

248 863 412 954 sanguiue
428 865 500 956 ipse
516 859 695 934 descendit.
713 858 798 932 Nam
816 883 862 932 ex
878 859 964 931 linea
976 869 1113 955 paterna
1124 859 1304 932 Heinricus
1322 863 1391 931 im-

248 969 380 1054 perator
397 963 554 1053 septimus
571 956 666 1030 buius
684 961 823 1030 nominis
835 958 894 1028 luit
910 979 991 1030 suus
1009 979 1105 1029 avus.
1123 956 1294 1032 lohannes
1305 979 1391 1029 vero

246 1055 485 1146 rexBohemie,
497 1055 580 1127 lilius
592 1053 877 1150 predictiHainrici
888 1057 1107 1151 imperatoris,
1118 1057 1177 1126 luit
1187 1078 1270 1128 suus
1282 1066 1391 1150 pater,

247 1154 574 1226 materverasualirit
584 1153 648 1223 lilia
658 1150 926 1244 regisBobemie,
944 1164 978 1223 et
988 1152 1053 1223 lilia
1064 1152 1131 1224 lilie
1147 1156 1240 1244 regis
1254 1151 1390 1224 Rudulli
1469 1145 1470 1180 ³

247 1250 479 1323 Romanorum.
502 1249 545 1320 llt
562 1254 609 1322 sic
626 1272 671 1320 ex
687 1261 824 1343 utroque
848 1261 986 1344 parents
1009 1248 1180 1322 descendit
1197 1249 1240 1320 de
1259 1271 1392 1343 genere

248 1349 354 1440 regali
365 1357 398 1418 et
407 1347 578 1442 imperiali
589 1346 630 1417 ad
642 1346 957 1442 quodnuncaspirat.
969 1346 1012 1418 Et
1022 1350 1150 1437 meritoa
1162 1350 1236 1441 quia
1249 1346 1393 1418 debetur

249 1441 309 1517 sibi
326 1455 459 1540 propter
476 1449 667 1516 canonicum
690 1447 892 1536 ingressum,
917 1449 990 1540 quia
1009 1445 1136 1517 electus
1156 1445 1322 1536 legittime
1341 1455 1392 1516 est

248 1563 309 1636 per
325 1546 501 1637 principes,
519 1553 552 1613 et
568 1546 653 1613 iuste
671 1541 880 1614 confirmatus
898 1563 959 1636 per
976 1565 1107 1636 papamq
1125 1552 1159 1612 ut
1170 1553 1321 1613 notatum
1339 1551 1394 1614 est

250 1661 358 1735 supra.
377 1639 473 1710 Unde
485 1637 648 1711 christiani
659 1650 909 1732 omnespetunt,
926 1650 962 1712 ut
971 1661 1133 1735 prospere
1145 1637 1205 1714 sibi
1216 1639 1393 1729 succedat,

249 1747 370 1830 regnet
387 1748 421 1808 et
437 1741 542 1827 vivat,
560 1759 666 1808 amen.

251 1853 420 1941 montorio
430 1863 576 1942 receptos
587 1853 830 1923 estllorolusub
841 1855 908 1924 illis
918 1857 959 1923 dc
969 1854 1180 1924 Columbaria
1190 1855 1394 1924 etacioidas

345 1953 483 2040 Basilce,
507 1955 541 2020 in
558 1971 624 2038 quo
644 1955 678 2020 in
695 1955 945 2021 dictionalitatis
968 1955 1094 2021 domini
1115 1962 1242 2023 sestam
1259 1957 1297 2022 in
1314 1971 1394 2022 ma»

347 2053 458 2120 latinas
474 2053 601 2138 teporat
615 2050 792 2138 lectionem,
811 2057 843 2118 et
856 2051 1086 2120 Basilicnsium
1102 2051 1318 2122 absolutione.

298 2166 398 2238 Auno
416 2174 524 2235 autem
541 2163 633 2236 xlvii.
652 2161 797 2258 predicto
815 2185 932 2236 mense
955 2162 1141 2237 decembris
1164 2188 1229 2236 rex
1245 2164 1393 2236 Karolus
1469 2166 1470 2248 l

250 2266 309 2336 ivit
325 2260 367 2333 de
384 2262 569 2353 Argentina
586 2283 708 2332 versus
721 2259 973 2350 Columbariam
992 2265 1044 2356 qui
1061 2265 1170 2355 ipsum
1185 2271 1390 2356 receperunt
1469 2253 1470 2340 l

251 2360 482 2454 sollempniter.
500 2356 581 2430 Inde
592 2357 906 2431 veniensBaslleam
917 2358 998 2431 seria
1010 2370 1123 2454 quarta
1141 2363 1294 2453 proxima
1312 2369 1391 2431 ante
1469 2345 1470 2436 l

250 2457 374 2530 Thonis
394 2454 480 2546 [dec.
501 2455 577 2546 19],
596 2460 649 2549 qui
667 2455 813 2528 similiter
830 2453 870 2525 ab
890 2459 970 2549 ipsis
989 2480 1063 2527 cunr
1080 2479 1202 2548 magna
1221 2457 1391 2552 sollemp-

250 2559 349 2627 nitate
367 2565 521 2648 receptus
540 2563 603 2641 est
627 2563 661 2622 et
676 2551 796 2623 ibidem
818 2555 1020 2624 nativitatem
1039 2553 1160 2624 domini
1183 2559 1324 2649 peregit.
1350 2552 1393 2624 Et

250 2649 369 2722 ibidem
387 2653 419 2721 in
437 2652 599 2722 matutinis
622 2650 705 2741 legit
727 2650 900 2721 lectionem
925 2662 1067 2742 sextam,
1091 2674 1189 2745 quam
1211 2655 1393 2745 imperator

251 2747 348 2820 habet
374 2747 492 2839 legere
516 2769 626 2818 coram
651 2768 745 2841 papa.
770 2745 953 2842 Episcopus
978 2771 1061 2821 vero
1082 2745 1392 2841 Batenhergensis‚
1469 2781 1470 2842 ᾗ

252 2849 303 2918 cui
320 2844 383 2916 boc
398 2868 483 2939 papa
500 2847 719 2934 commiserat,
744 2849 892 2916 existens
909 2842 952 2915 ibi
970 2869 1045 2917 curn
1061 2869 1158 2939 rege
1183 2846 1393 2919 Basilienses

252 2942 404 3035 absolvit7
424 2941 683 3031 etintendictum,
701 2941 785 3036 quod
803 2941 857 3013 diu
875 2941 1086 3016 observatum
1098 2943 1219 3014 ibidem
1230 2948 1395 3018 existerat
1469 2959 1470 3038 j

253 3042 391 3136 amplius
410 3063 505 3136 mam
524 3038 706 3135 quindecim
729 3042 836 3130 annis,
854 3041 1030 3130 relaxavit
1049 3040 1189 3112 emenda
1203 3053 1341 3136 recepta
1353 3039 1394 3112 ab
1469 3051 1470 3080 ³

253 3143 344 3235 ipsisq
363 3139 449 3234 quod
465 3138 679 3210 ludewicum
696 3158 755 3230 pro
779 3139 974 3231 imperatore
992 3148 1174 3210 tenuerant.
1205 3137 1394 3212 Commen-

228 3243 232 3254 ’
253 3235 349 3307 dandi
367 3247 444 3310 sunt
460 3247 568 3306 autern
579 3235 795 3326 Basilienses7
813 3234 899 3329 quod
911 3235 1036 3307 clerum
1049 3259 1144 3309 suum
1155 3234 1394 3310 observantem
1469 3243 1470 3246 ’

254 3333 404 3404 mandata
422 3333 677 3427 apostolicanon
689 3331 915 3426 compulerunt
931 3333 972 3402 ad
989 3333 1270 3427 prophanandum.
1290 3333 1394 3406 Cuius
1469 3359 1470 3392 2

254 3434 450 3502 contrarium
489 3428 760 3502 Constantienses
794 3433 925 3500 omnino
959 3429 1120 3522 lecerunt,
1154 3432 1395 3525 compellentes

255 3527 379 3600 clarum
396 3527 438 3598 ad
454 3525 733 3623 prophanandum,
759 3537 792 3597 et
808 3525 1027 3600 observantes
1045 3527 1196 3600 mandata
1214 3531 1395 3624 apostolica

255 3625 463 3720 expulerunt
482 3636 515 3696 et
532 3625 657 3720 aliquos
674 3647 735 3718 per
753 3622 948 3696 decennium
963 3629 1236 3721 proscripserunt
1257 3625 1313 3696 De
1332 3647 1396 3721 quo

255 3745 354 3818 supra
371 3727 522 3797 invenies
541 3727 594 3818 qui
611 3721 770 3796 mandatis
788 3724 955 3817 paruerint
971 3723 1029 3794 vel
1040 3727 1093 3818 qui
1104 3722 1394 3818 prophanaverint

255 3859 334 3928 llam
345 3859 703 3949 dareocpltoncllorolt
716 3857 1127 3946 inoliqoibaociaitotidoa,
1146 3865 1179 3926 et
1193 3859 1233 3927 de
1251 3861 1398 3944 quodum

356 3966 442 4028 terre
459 3967 555 4029 motu.

305 4071 406 4144 Anno
422 4072 543 4144 domini
560 4072 718 4146 mcccul.
730 4080 850 4144 octavo
866 4093 930 4143 rex
946 4069 1088 4143 Karalus
1106 4068 1147 4141 de
1159 4067 1293 4142 Basilca
1310 4093 1396 4165 pno-

258 4167 487 4262 grediensivit
499 4171 640 4266 spiram
658 4193 721 4265 quc
731 4174 840 4265 ipsum
848 4172 976 4266 recepit
984 4179 1020 4242 ut
1030 4168 1255 4242 Romanorum
1265 4189 1395 4261 rogem.
