3036 4822
423 211 588 272 cumcurm
607 211 804 294 ramsuuuu
822 213 1021 274 seranusruu.
1216 213 1288 291 343

155 391 246 465 rensi
264 391 506 484 episcopocum
521 409 687 464 consensu
706 393 801 464 totius
820 391 948 486 capituli
960 389 1092 462 vendita
1111 400 1187 462 sunt
1202 389 1288 464 bona

157 491 329 578 universe
353 511 417 581 que
442 485 559 560 dictum
585 489 758 582 capitulum
782 489 929 583 possedit
945 492 978 560 in
997 487 1202 580 Crucenacb
1228 512 1288 585 pro

154 587 246 660 mille
258 598 293 660 et
310 595 439 660 eentum
458 589 589 660 marcis¹
609 590 682 680 puri
699 591 827 680 argenti
845 589 953 660 comiti
964 587 1117 660 Senensi.
1144 586 1182 658 ln
1199 609 1288 682 ‹puo-

153 707 228 758 rtun
245 682 407 758 bonorum
423 693 608 757 restaurem
626 695 811 779 comparate
829 685 1033 758 lueruntalia
1044 685 1145 776 longe
1163 690 1287 758 maiora

155 783 327 857 etutilicra
341 779 452 876 predia
465 792 499 853 et
508 780 592 852 bonu
626 806 663 854 ro
675 783 809 856 utilitate
821 794 854 856 et
865 807 926 856 usu
938 783 1081 855 ecclesie
1092 783 1288 876 Spirensis.2
1410 809 1411 814 ¹

205 881 380 954 Heinriaus
405 901 518 954 comes
537 878 578 952 de
595 805 791 972 Keiuingen,
815 882 991 976 imperialis
1015 879 1091 950 anile
1115 880 1287 952 cancella·-

151 984 237 1068 rius,
253 979 358 1052 alui.
371 977 512 1050 ecclesie
523 977 689 1071 Spirensis
708 981 894 1073 episcopus,
913 981 1137 1072 episcopatum
1148 978 1286 1072 adeptus

155 1099 244 1150 cneo
262 1075 382 1148 domini
395 1076 571 1150 mmcxlv.
583 1075 664 1149 feria
683 1087 777 1148 sexte
796 1087 872 1150 ante
889 1077 1010 1150 fesium
1021 1078 1165 1148 omnium
1182 1099 1287 1149 sanc-

153 1187 223 1249 tun
244 1178 322 1266 [oet
341 1173 427 1262 27],
452 1171 537 1246 sedit
560 1177 593 1244 in
616 1177 806 1270 episcopatu
830 1179 924 1247 aunis
940 1175 1036 1246 xxvii
1053 1184 1087 1244 et
1103 1172 1179 1246 obiit
1200 1197 1287 1248 anno

153 1273 278 1347 domiui
295 1271 491 1346 mcclxxii.
510 1275 544 1344 in
560 1270 645 1344 lesio
659 1271 772 1344 Prisce
790 1275 928 1364 virginis
950 1274 1029 1362 [iun.
1043 1270 1119 1362 18],
1139 1273 1296 1369 sepultus

152 1375 188 1442 in
205 1391 345 1464 corpore
363 1369 505 1442 ecclesie
522 1369 689 1461 Spirensis
708 1367 768 1441 sub
785 1393 950 1442 marmore
967 1369 1051 1441 albo.
1085 1369 1192 1444 Huius
1210 1373 1287 1463 epi'-

155 1471 249 1561 scopi
277 1464 476 1561 temporibus
505 1467 635 1560 quidam
663 1468 814 1538 scelerati
842 1470 935 1540 cives
958 1467 1135 1561 Spirenses
1164 1467 1289 1542 seilicet

154 1565 292 1654 Wulzm
310 1564 509 1636 Hartmudus
527 1575 561 1634 et
579 1561 763 1653 miracus,
786 1565 918 1654 naues
936 1566 1082 1657 maligno
1100 1569 1213 1659 spiritu
1230 1569 1288 1637 in-

152 1663 220 1736 flati
241 1665 457 1756 coassumptis
482 1661 542 1736 sibi
559 1660 769 1754 complicibus
788 1661 931 1735 moribus
952 1666 1022 1736 suis
1047 1667 1203 1754 congruis
1220 1685 1287 1734 non

154 1762 263 1846 solum
286 1764 369 1832 intre
394 1781 505 1830 munros
523 1759 701 1854 Spirenses
719 1781 837 1832 verum
859 1763 957 1831 etiem
974 1763 1007 1830 in
1024 1783 1141 1832 omnes
1161 1763 1287 1834 vicinos
1371 1845 1375 1854 ,

153 1859 254 1930 multe
273 1858 359 1929 mala
376 1866 612 1950 perpetrarunt.
643 1855 728 1927 Nam
747 1861 941 1929 emunitates
959 1879 978 1930 a
996 1855 1082 1932 divis
1099 1857 1236 1950 regibus
1254 1867 1288 1930 et

153 1952 403 2048 imperatoribus
432 1955 521 2025 clero
549 1976 729 2026 concessas
757 1955 938 2046 infringere
966 1977 1032 2027 non
1059 1955 1286 2044 formidarunt,

153 2052 215 2124 sed
240 2075 324 2126 ausu
350 2055 525 2123 temerario
548 2052 746 2146 prelatorum
771 2063 804 2122 ei
827 2052 963 2125 aliarum
987 2054 1286 2125 ecclesiasticorum

151 2172 370 2244 personarum
388 2171 443 2221 res
463 2149 634 2242 sacrilegis
659 2145 808 2220 manibus
827 2150 1049 2222 distraxerunt
1066 2161 1155 2223 metu
1172 2153 1284 2222 mortis

153 2270 215 2324 eos
233 2258 327 2318 extra
345 2249 511 2318 cinerem
529 2249 707 2331 eiicientes.
742 2245 926 2319 Nonnullos
945 2251 1043 2318 etiam
1061 2251 1181 2320 civium
1198 2247 1285 2319 bone

152 2344 346 2417 conditionis
364 2355 398 2416 et
413 2367 535 2434 magne
552 2343 722 2438 parentele
741 2343 891 2416 homines
909 2356 1031 2417 armata
1050 2367 1148 2416 manu
1165 2355 1285 2416 traxe-

151 2453 230 2514 runt
246 2442 288 2513 de
313 2439 463 2512 domibus
480 2451 513 2512 et
536 2441 765 2512 contumeliam
788 2445 868 2536 ipsis
882 2442 1054 2531 lecerunt,
1080 2453 1114 2513 et
1135 2444 1285 2536 imposita

152 2539 281 2610 eisdem
308 2537 486 2610 traditionis
513 2541 622 2632 inique
650 2539 777 2610 macula
800 2538 842 2609 de
867 2543 997 2611 civitate
1019 2538 1169 2634 Spirensi
1194 2543 1285 2634 ipsos

153 2639 326 2708 eiecerunt
353 2659 427 2708 cuuu
454 2632 589 2729 pudore.
625 2635 773 2708 Tandem
800 2637 927 2730 prelato
951 2637 1106 2708 Heinrico
1130 2640 1285 2731 episcopo

154 2755 216 2804 eas
233 2745 469 2830 persequente,
487 2731 595 2823 bonis
612 2731 712 2806 rebus
724 2757 763 2804 ac
776 2731 898 2806 iuribus
917 2733 1072 2824 destituti„
1090 2737 1122 2804 in
1140 2733 1285 2828 prelatos

153 2834 326 2925 pravitatis
355 2842 506 2902 auctores
530 2841 702 2902 eteorum
727 2833 903 2925 complices
930 2835 1175 2928 proscriptionis
1199 2853 1286 2903 sen-

154 2930 1286 3025 mmmmmtfflmmmmmmmmmmfflmmme

150 3025 221 3098 fato
244 3025 426 3097 adiudicate
450 3037 534 3097 sunt.
575 3028 679 3116 Quam
704 3025 834 3120 quidem
859 3031 1056 3099 sententiam
1079 3035 1145 3097 iam
1168 3027 1285 3121 prelati

152 3145 251 3216 quam
276 3126 369 3194 cives
394 3122 621 3196 inuiolabiliter
644 3147 682 3195 se
706 3122 942 3196 observaturos
968 3127 1150 3195 iurarunt.³
1184 3124 1286 3195 Auno

153 3219 1287 3314 mmmfflmmfflfflmfflmmmx

153 3327 299 3388 castrum
317 3317 434 3390 llislav
450 3317 577 3389 aedidit
595 3317 737 3390 ecclesie
748 3317 897 3412 Spirensi
915 3319 1033 3391 volens
1052 3341 1189 3392 munere
1207 3339 1286 3389 me—

153 3419 216 3487 rito
242 3414 407 3485 honorare
436 3417 598 3508 prelatum
625 3415 813 3487 Heinricum
843 3419 1032 3511 episcopum
1059 3416 1183 3508 regalis
1211 3413 1286 3486 aule

152 3512 414 3584 cancellarium.4
448 3515 549 3584 Anno
576 3525 674 3586 sexto
697 3513 812 3608 prefati
830 3511 975 3587 lleinrici
1002 3516 1145 3608 episcopi
1172 3509 1286 3605 [1256

151 3621 246 3680 mern
258 3609 297 3700 7]
318 3609 533 3684 Berchtoldus
550 3611 645 3682 miles
665 3621 697 3682 et
714 3609 885 3682 Conradus
904 3611 1023 3684 fraires
1042 3608 1083 3681 de
1102 3608 1286 3683 Remchin-

152 3729 224 3800 geu
240 3711 434 3778 universum
451 3707 609 3779 decimam
628 3712 784 3779 maiorem
805 3711 855 3798 [et
873 3709 1064 3798 minorem]⁵
1083 3719 1148 3779 tam
1161 3711 1193 3777 in
1207 3710 1285 3802 vino

154 3802 1286 3902 mffimbmfflmmfflsmpmmmmmmwmmmm

153 3912 190 3972 et
205 3901 455 3994 consuetudine„
474 3927 546 3975 cum
563 3907 634 3974 iure
651 3914 840 3998 patronatus
859 3903 1000 3974 ecclesie
1019 3905 1051 3974 in
1062 3899 1286 3974 Heidelsheim

210 4077 238 4144 1)
263 4077 342 4134 Ece:
367 4078 485 4136 florenis.
527 4081 557 4146 2)
581 4079 624 4135 bei
650 4081 710 4135 Ecc.
736 4079 796 4136 sind
822 4079 896 4134 diese
921 4077 989 4134 nwei
1013 4084 1087 4146 sitae
1105 4077 1156 4134 viel
1182 4077 1286 4134 ktirner.

153 4147 341 4278 {afflues
370 4149 437 4208 1265
457 4151 514 4206 dee.
535 4151 576 4210 15.
605 4151 726 4224 Remling
746 4151 776 4220 1,
801 4151 862 4208 307.
898 4149 929 4222 4)
948 4150 965 4207 l.
985 4167 1006 4210 c,
1028 4149 1059 4224 1,
1084 4149 1145 4208 253.
1181 4151 1213 4220 5)
1239 4165 1288 4210 eus
