2882 4818
263 235 333 306 toa
561 227 1085 289 muunsmmwumuauuneus.

262 403 539 501 eotunpnensea„
567 425 685 498 papam
703 401 963 498 persequebatur
978 403 1054 476 orbo
1071 405 1211 499 capitali.
1254 407 1383 500 Propter

262 503 347 600 quod
365 526 448 599 papa
466 505 498 574 iu
516 501 625 574 odium
643 501 759 574 Franci
776 525 894 594 regern
912 500 1069 595 diligebat
1085 501 1284 597 Adolpbum.

310 602 386 675 Rex
403 612 511 674 autem
529 601 654 692 Anglie
670 611 805 695 propter
822 604 985 694 antiquam
1001 599 1219 674 dominorum¹
1234 623 1384 692 guerram

262 703 397 794 cupiens
415 696 555 790 aggredi
572 697 747 787 Francumff
765 708 895 770 eentum
906 699 992 770 milia
1003 721 1187 771 marcarum
1198 723 1259 794 pre
1269 701 1385 772 amilio

261 796 322 870 sibi
345 800 521 892 promisso,
551 793 611 868 sed
634 818 701 868 non
724 799 871 890 prestitoa
899 795 1021 870 Adollo
1044 798 1180 892 principi
1203 797 1385 870 destinavit

260 897 323 984 Qui
346 894 518 967 infideliter
541 915 648 986 agens
667 916 705 966 se
723 916 788 966 non
806 893 965 988 disposuit
982 893 1022 964 ad
1040 895 1141 984 litem,
1170 895 1231 967 sed
1253 919 1272 965 a
1296 919 1385 966 mur-

261 993 377 1065 chione
394 991 609 1081 Missenen‘si,
626 1003 747 1086 nepote
763 993 840 1064 olim
851 991 1005 1063 Frideriei
1023 995 1230 1088 imperatoris
1249 1017 1294 1066 ex
1311 993 1384 1082 aba,

260 1089 335 1162 odio
351 1090 493 1162 habente
510 1089 611 1160 filium
622 1111 730 1179 suum,
749 1087 891 1160 eundern
901 1089 1157 1163 marchionatum
1168 1095 1248 1162 emit
1258 1101 1386 1163 atteru-

260 1211 340 1283 pere
358 1188 453 1260 brevi
474 1185 633 1281 possedit,
662 1190 809 1282 exceptis
828 1185 1019 1282 qrribusdam
1037 1187 1289 1278 municionibus,
1317 1191 1385 1284 quia

259 1285 345 1358 filius
363 1286 559 1360 marehienis
577 1283 762 1358 Friderieus
780 1287 912 1356 uoudne
930 1288 1034 1358 eiecto
1051 1289 1198 1380 principe
1217 1289 1386 1382 occuparit

260 1384 412 1455 eundem.
456 1383 613 1478 Princeps
631 1387 718 1454 enim
735 1381 917 1455 Miasenam
934 1393 1086 1477 potenter
1101 1388 1292 1476 ingressas,
1311 1407 1387 1456 cru-

260 1481 345 1554 delia
365 1483 463 1554 multa
479 1485 630 1575 peragit·
656 1480 765 1552 Unum
784 1483 870 1552 enim
888 1491 1032 1552 castrum
1043 1485 1197 1571 vincens„
1215 1493 1347 1553 centrum
1359 1491 1387 1552 el

260 1583 504 1674 quinquaginta„
522 1579 717 1674 quidomino
728 1601 842 1650 eorum
856 1588 998 1652 castrum
1010 1590 1309 1670 manutenueranb
1327 1581 1387 1650 de-

259 1679 402 1750 collavit.
502 1678 596 1749 Cuue
613 1687 722 1749 autem
736 1676 778 1746 de
789 1674 955 1768 Bergbein
973 1679 1082 1768 miles,
1098 1700 1218 1772 preses
1236 1681 1387 1773 principis

258 1778 291 1845 in
307 1775 444 1848 Alsaeia
462 1778 580 1866 elatusq
604 1774 763 1846 infestans
782 1773 970 1846 Cunradum
988 1775 1030 1845 de
1047 1773 1272 1868 Liebtenberg
1296 1780 1388 1870 epis-

259 1896 377 1968 copum
394 1885 428 1944 et
445 1877 550 1945 eciam
568 1877 661 1946 cives
678 1873 962 1966 argentinense,
990 1881 1102 1944 eontra
1127 1895 1187 1946 eos
1210 1877 1388 1968 principem

259 1973 412 2044 incitavit.
448 1971 496 2043 llli
515 1979 624 2042 arulam
642 1968 773 2065 opidum
792 1969 938 2042 Cunonis
955 1969 1190 2044 Sermersbein
1207 1971 1389 2044 destruxe-

258 2079 345 2158 runt
364 2078 397 2140 et
413 2079 488 2162 post
504 2067 625 2140 obitum
642 2072 734 2159 regis
752 2067 839 2138 idem
858 2069 1031 2162 episeopus
1050 2079 1196 2140 castnrm
1214 2068 1308 2142 Grex
1323 2069 1389 2141 Cu-

258 2171 353 2238 nonis
381 2165 577 2256 destruens,
603 2165 731 2260 lapides
760 2165 901 2261 quadros
930 2165 972 2238 ad
999 2171 1279 2240 constructionem
1310 2169 1389 2268 epidi

258 2261 494 2337 Liebtaneuwe
511 2263 663 2337 traduxit.
1428 2267 1429 2306 r

258 2453 308 2524 lle
324 2453 492 2523 absidiam
512 2453 718 2524 Columbaria
735 2455 878 2524 deitatis
894 2461 927 2524 et
944 2457 1105 2543 ecpcteoa
1121 2457 1308 2526 moltam

306 2623 463 2716 Princeps
481 2631 590 2693 erilem
609 2619 862 2710 columbarum
886 2645 949 2716 quc
967 2621 1028 2697 sibi
1045 2623 1234 2696 fidelitatem
1251 2624 1389 2705 lecerat

258 2717 472 2792 rebellantem
490 2717 619 2792 obsedit
638 2717 751 2810 [1293
763 2721 854 2810 oet.].
882 2720 942 2793 Cui
956 2723 1134 2794 interalios
1146 2721 1389 2816 aderautepis-

258 2815 963 2911 copusBasilieusisateomesFerratarum.
990 2817 1389 2894 lllrdtiautembaronum.

259 2913 383 2988 scilicet
400 2913 441 2984 de
452 2911 684 3006 Liehtenbergq
702 2913 744 2984 de
755 2916 948 3009 Rapolstein
967 2918 1070 2988 etalii
1088 2919 1234 3012 episcopi
1244 2916 1389 3010 Argeu-

255 3015 393 3086 tinensis
411 3015 648 3102 consanguinei
672 3015 704 3082 in
722 3012 818 3106 opido
836 3019 1033 3105 existentes
1057 3039 1132 3088 curn
1148 3037 1209 3109 per
1226 3018 1388 3110 quosdam

257 3109 404 3204 plebeios
422 3121 514 3203 porta
533 3108 575 3180 da
592 3119 688 3180 noete
706 3113 900 3204 aperiretur,
924 3116 1059 3206 principi
1076 3113 1274 3204 ellegerunt
1323 3115 1390 3186 Fu·
1427 3161 1428 3200 p

258 3211 421 3298 giencium
441 3229 568 3302 queque
586 3207 677 3278 inulti
695 3218 770 3279 suut
788 3209 1030 3304 comprehensi,
1048 3214 1133 3284 inter
1144 3211 1389 3304 quosAushel-
1427 3223 1428 3281 l

256 3326 331 3376 mus
342 3303 385 3375 de
395 3305 642 3400 Rapcltustaine
654 3307 714 3378 vix
723 3304 981 3380 decollacionem
993 3312 1110 3382 evasit
1133 3309 1274 3402 Captum
1287 3313 1389 3382 eciam

256 3399 466 3473 Waltherum
484 3399 677 3474 schultetum
696 3401 904 3478 Columbaria
922 3415 955 3478 et
971 3405 1152 3480 lobanuem
1173 3405 1278 3478 lilium
1298 3431 1389 3480 soum

257 3521 318 3593 per
341 3503 531 3594 episcopum
547 3497 767 3573 Basiliensem
789 3525 852 3576 rex
868 3507 1000 3575 omnine
1024 3501 1147 3576 babere
1164 3504 1302 3596 valens,
1334 3505 1389 3578 sad

257 3600 306 3668 eis
324 3607 458 3691 propter
475 3595 616 3668 officium
638 3599 783 3691 episcopi
802 3602 902 3670 vitam
927 3623 1123 3694 reservans,
1150 3609 1280 3696 patrem
1305 3607 1388 3674 omui

257 3693 309 3764 die
334 3695 435 3788 louge
454 3706 601 3788 tempere
618 3694 713 3784 ligari
739 3696 816 3766 lecit
841 3719 941 3790 super
958 3709 1075 3790 rotam,
1103 3711 1213 3772 erecta
1240 3723 1342 3772 mauu
1359 3705 1387 3770 iu

257 3795 389 3883 signum
406 3791 555 3886 perfidiep
579 3802 612 3862 et
629 3796 779 3886 pervias
798 3805 831 3864 et
849 3797 999 3868 civitates
1016 3807 1092 3868 ante
1111 3821 1149 3870 se
1167 3795 1244 3868 duci
1262 3807 1296 3868 et
1314 3809 1388 3868 tau-

256 3889 332 3960 dem
349 3891 382 3960 in
399 3893 477 3960 turri
496 3891 634 3962 servari.
683 3887 745 3960 Ubi
762 3902 854 3984 patre
873 3896 1017 3968 eminete
1041 3895 1125 3968 lulius
1149 3905 1228 3991 post
1251 3907 1387 3970 mortem

257 3990 347 4079 regis
367 3998 419 4060 est
434 3985 600 4060 liberatus.

311 4133 340 4204 l)
359 4150 391 4189 so
410 4135 441 4188 Α.
461 4135 516 4192 und
535 4135 574 4206 0.,
592 4135 741 4194 divinarem
760 4135 788 4202 lt,
