2982 4824
297 223 476 287 amoenas
494 225 687 306 ruomurnu
706 227 813 286 omna
832 225 1072 288 urannnnann.
1176 231 1243 308 651
1308 313 1312 324 ⁴

118 420 153 481 et
177 405 325 504 placidus
352 409 502 503 proximo
526 427 610 480 vere
634 415 724 497 arat„
756 415 930 502 numquam
951 427 1027 478 eum
1051 406 1169 480 lornax
1185 406 1249 480 bec

117 505 359 580 tribulationum
383 504 574 598 invaderet,
601 515 634 578 at
656 503 757 577 velud
785 525 900 578 aurum
917 505 1071 600 optimum
1090 526 1161 578 com
1184 527 1247 580 ro-

117 603 222 677 bnret.
258 603 325 677 Sed
352 614 387 675 et
412 613 583 700 postquam
606 623 668 700 per
684 613 821 676 mortem
846 602 909 676 deo
931 605 1072 676 animam
1096 529 1247 698 rchidit,

119 703 229 778 multis
247 701 412 776 miraculis
430 705 642 776 corruscavit.

168 799 237 874 Sed
255 800 421 875 Corradus
438 822 504 874 non
520 803 679 876 remansit
695 801 869 898 inpunitus.
904 799 989 873 Nam
1001 803 1150 896 sepienti
1167 823 1248 878 mox

118 921 206 974 anno
233 901 393 996 prolixam
421 911 455 972 at
481 921 623 994 marem
652 903 747 974 nimis
774 897 992 972 infirmitatem
1008 901 1159 991 incurrit„
1183 923 1246 996 qua
1296 917 1299 920 ·

118 1003 218 1071 eliam
239 1002 343 1094 pariit.
393 996 462 1070 Sed
486 1008 659 1094 antequam
684 997 902 1092 egritudinem
930 1000 1026 1072 istam
1053 1000 1247 1090 incurrerat,

118 1095 312 1187 crudelitati,
329 1118 426 1192 quam
443 1099 476 1168 in
492 1096 628 1170 bairam
644 1099 813 1186 exercuit,
837 1095 918 1180 alias
942 1094 1152 1170 crudelitates
1181 1096 1247 1169 ad-

117 1196 244 1271 inncxit
259 1195 459 1290 fratremque
477 1217 573 1269 suum
593 1193 724 1268 nondne
740 1193 920 1284 llarolum,
947 1191 989 1266 de
1014 1215 1130 1267 sorore
1154 1198 1246 1289 reffl's
1382 1243 1384 1248 -

117 1293 245 1388 Anglie
262 1303 470 1386 generatum,
487 1296 662 1367 occasione
679 1293 797 1366 frivola
815 1295 896 1365 mori
917 1292 1002 1365 lecit.
1055 1290 1138 1364 Cum
1160 1297 1247 1367 enim

117 1393 282 1466 falconem
306 1389 467 1488 quendam
491 1413 590 1464 mann
613 1400 758 1486 portaret
789 1401 822 1464 at
844 1391 949 1482 luco,
975 1402 1010 1464 ut
1034 1390 1147 1464 lacere
1165 1413 1248 1488 sepe

116 1491 222 1580 solet,
248 1512 287 1564 se
311 1488 354 1563 de
378 1493 449 1563 eius
473 1511 572 1562 manu
600 1487 804 1586 proliceret,
827 1486 993 1562 Corradus
1019 1490 1121 1562 iratus
1144 1511 1248 1585 puero

115 1587 287 1661 maledixit
309 1597 342 1660 ct
368 1591 427 1660 ait:
462 1588 632 1678 Quomodo
665 1590 805 1680 dyabolo
831 1591 920 1678 repta
944 1586 1108 1673 [aconem
1138 1593 1245 1678 puem¹

115 1689 231 1777 amab?
257 1686 302 1758 At
318 1696 351 1758 et
379 1689 451 1782 ipse
475 1687 606 1759 iuvenis
629 1689 677 1758 ira
701 1707 904 1760 succensus:
928 1687 1032 1776 Deos,
1055 1688 1174 1781 inquit,
1197 1705 1249 1759 mc

28 1845 30 1848 .
109 1789 240 1876 teleos
265 1788 411 1875 mado,
436 1803 510 1856 com
531 1785 824 1874 impectoratum
845 1786 947 1875 fidos,
975 1803 1041 1856 noo
1063 1803 1196 1874 possam
1213 1789 1249 1856 la
1367 1825 1370 1834 Δ

114 1901 220 1975 ropac
237 1887 307 1955 aas
323 1887 365 1956 de
381 1885 525 1956 mootcc²
543 1903 648 1955 mecm
663 1882 777 1969 soem
793 1886 997 1956 vamtatem.
1030 1880 1154 1971 Quibus
1172 1880 1248 1956 dic-

115 1985 172 2073 tis,
194 1981 358 2054 falconem
382 1980 424 2052 ad
447 1991 570 2053 terram
592 1983 780 2078 percutiens
805 1981 976 2056 interfecit.
1010 1979 1058 2054 At
1081 1977 1247 2056 Corradus

114 2081 277 2152 malorum
295 2079 564 2174 persuasionibus
583 2082 769 2174 instigatus
786 2103 847 2176 per
862 2079 1043 2153 Iohannem
1068 2077 1197 2152 Morum
1216 2083 1248 2153 ei
1318 2097 1320 2100 ·

114 2175 233 2250 dicitur
248 2178 371 2251 fecisse
388 2181 552 2274 propinari
569 2199 748 2252 venenum.
799 2175 925 2250 Dicitur
940 2181 1058 2267 etiam,
1074 2178 1160 2272 quod
1187 2201 1247 2274 per
1311 2223 1315 2234 ·

114 2275 259 2352 eundem
276 2274 455 2349 Iohannem
472 2275 602 2348 Morum
619 2275 675 2348 lilii
700 2269 833 2350 Hanrici
860 2276 1067 2372 primogeniti
1090 2278 1244 2371 principis

112 2394 251 2448 veneno
269 2371 329 2447 sibi
346 2373 422 2448 dato
441 2378 618 2472 perierunt.

152 2473 212 2557 Ab
227 2475 325 2545 nubs
343 2473 437 2546 malis
466 2473 565 2546 finem
590 2473 711 2548 volens
734 2476 904 2570 imponere
928 2470 1011 2544 deus
1035 2470 1076 2544 ad
1105 2481 1243 2544 mortem

113 2568 281 2645 Comedus
299 2581 353 2644 est
367 2570 557 2646 infirmatus.
586 2569 778 2644 Manlredus
790 2591 873 2644 vem
891 2568 1244 2643 etmarohioBrande-

110 2671 321 2762 burgensis,³
347 2692 420 2742 cum
449 2678 564 2744 essent
591 2673 736 2765 suspecti
762 2667 926 2759 corrado„
955 2689 1031 2740 enm
1058 2666 1246 2761 cogitabant
1304 2737 1308 2746 .

110 2767 267 2842 occidere
282 2789 342 2864 pro
359 2789 466 2864 eoque
483 2790 629 2861 regnare
646 2778 679 2840 et
689 2766 816 2840 medico
828 2765 1010 2842 suadebant
1023 2770 1094 2840 aius
1105 2776 1244 2840 mortam

111 2865 323 2940 accederare.
374 2863 497 2955 Quibus
515 2865 660 2940 medicus
680 2869 739 2940 ait:
764 2869 838 2939 Nam
860 2870 1017 2954 umentia
1042 2869 1122 2956 poio
1137 2869 1245 2938 maore

111 2971 183 3037 mm
205 2967 518 3056 occoeperat,
545 2985 618 3037 cum
645 2969 767 3038 calliaco
789 2969 909 3037 mediet
936 2965 1106 3036 coralium
1132 2973 1243 3037 cernet
1324 3023 1328 3030 .
1383 3041 1386 3046 ,

109 3063 246 3136 interim
265 3064 306 3135 ad
324 3085 362 3137 sc
379 3066 561 3136 convenire
571 3074 690 3157 rogant
707 3065 852 3152 amicos3
869 3060 984 3158 quibus
1003 3061 1244 3156 undiquecnn÷

111 3164 258 3258 stipatis,
278 3164 411 3236 visitem
438 3183 520 3257 sepa
547 3183 675 3256 regem.
713 3161 896 3236 Hostiarios
923 3181 1031 3235 novos
1054 3157 1242 3234 servientes

110 3259 262 3356 expulsis
280 3256 449 3333 vetedbus
466 3259 631 3334 advocant
645 3269 682 3332 et
696 3263 745 3336 sic
760 3261 867 3356 ipsum
885 3269 1017 3352 gutture
1028 3278 1147 3354 presso
1165 3259 1242 3332 sul·-

108 3359 230 3431 locant.
269 3357 492 3450 Smtamon,
510 3360 753 3453 dulcescerent„
771 3357 856 3455 quod
878 3356 920 3430 de
944 3359 1080 3432 consilio
1104 3357 1241 3453 predio-

108 3467 289 3550 torumper
305 3454 480 3547 medicum,
492 3459 525 3528 in
536 3461 672 3530 cristare
688 3458 734 3530 illi
751 3456 826 3531 dato
837 3475 984 3548 veneno,
1001 3453 1167 3530 Corradus
1178 3459 1240 3530 iste

108 3553 477 3728 titillatio?
478 3577 607 3746 llll„
621 3565 869 3749 aliialii?
884 3553 1121 3726 adddit
1138 3577 1241 3747 iilis*

108 3771 196 3824 nece
216 3759 406 3842 incantantes7
423 3754 576 3824 timentes
595 3762 628 3824 et
643 3755 706 3846 ipsi
723 3750 764 3824 ab
783 3775 823 3824 eo
840 3751 962 3842 occidi,
986 3747 1046 3824 sibi
1063 3749 1241 3844 providere

108 3849 278 3939 volentes,
296 3853 325 3922 si
342 3849 427 3946 quod
438 3847 618 3922 mactabant
628 3849 807 3944 adimplere
822 3867 890 3921 non
900 3857 1049 3945 possent
1065 3863 1240 3920 ‘cursorem

107 3967 184 4020 cum
201 3948 316 4020 litteris
333 3948 375 4019 ad
391 3969 510 4040 regem
526 3946 652 4042 Anglie
669 3947 864 4042 dirigebant,
882 3944 1106 4040 significantes
1117 3944 1237 4034 eidam,

106 4043 272 4143 quomodo
289 4067 352 4121 rex
369 4043 535 4122 maanus
553 4049 624 4120 eius
635 4043 974 4144 nepotamcooideraa
992 4053 1028 4115 ot
1038 4040 1123 4139 quod
1133 4045 1241 4115 inno-¹

163 4193 193 4265 1)
211 4212 244 4253 ao
264 4195 307 4252 dia
325 4195 366 4252 bs.
402 4195 435 4266 2)
455 4171 543 4254 abico
563 4196 608 4254 die
624 4197 665 4253 bs.
694 4193 736 4266 l)
755 4212 788 4254 so
807 4195 834 4254 in
854 4165 901 4253 der
919 4195 963 4255 las.
987 4191 1122 4252 vie'llaicbl
1138 4190 1174 4252 ist
1192 4169 1240 4252 der
1270 4189 1273 4193 ’

105 4267 250 4340 marbgral
266 4267 373 4326 bertold
391 4285 446 4326 von
464 4269 632 4341 llohenbnrg
650 4267 775 4342 gamains.
1113 4272 1118 4281 “
