2882 4818
262 245 332 322 182
561 243 726 302 namtas
745 245 1087 306 ttuowouettooousts

259 417 483 512 Littnelnburg·
506 417 670 492 accedens
695 431 728 492 et
752 443 825 492 cum
849 419 987 493 dominis
1011 431 1099 492 terre
1123 423 1210 494 illius
1228 433 1262 494 et
1280 425 1397 496 amicis

260 519 302 590 de
320 519 440 590 auxilio
458 526 614 608 tractans
633 541 707 590 cum
725 540 831 590 uxore
849 541 922 608 sua„
946 517 1010 590 Min
1028 519 1120 591 ducis
1137 519 1338 610 urbanae,
1357 545 1398 592 ac

260 614 412 690 fratribus
437 619 506 689 suis
527 615 722 688 Baldewino
746 617 902 690 videlicet
927 615 1172 712 archiepiscopo
1189 617 1399 690 Treverensi

260 739 300 786 ac
316 711 488 786 Walramo
516 713 558 783 de
581 711 805 806 Ldtnelnburg
828 716 927 786 milite
957 717 1098 807 egregio
1121 714 1312 789 ascendens
1336 739 1400 810 per

260 823 381 885 terram
399 812 524 884 eomids
542 809 722 902 sabaudie,
747 816 801 907 qui
819 833 968 886 sororem
985 817 1103 904 regine
1121 811 1233 884 habuit
1248 817 1283 886 in
1302 837 1399 886 uxo·

259 933 343 999 rena
354 907 581 982 lombardiam
592 910 730 982 viriliter
742 921 795 982 est
810 915 985 1003 ingressus
999 909 1216 1001 [tolomei.
1241 911 1400 1003 Ingressi

261 1017 338 1082 sunt
354 1017 463 1078 autem
480 1029 555 1080 cum
573 1029 614 1078 eo
631 1007 798 1102 luipoldus
808 1009 959 1098 Ausere,
976 1008 1137 1082 liudolfus
1147 1008 1309 1083 Bawarie
1327 1010 1400 1082 du-

260 1127 332 1196 ees‚
360 1105 624 1200 archiepiscopus
645 1107 880 1196 lbeverenais„
907 1105 1114 1195 immensis„
1139 1105 1341 1182 Basiliensis
1367 1119 1400 1180 et

260 1204 372 1298 plures
389 1205 444 1274 alii
461 1207 619 1298 episcopi
635 1203 814 1294 Sabaudie
831 1203 983 1278 Mandrie
1002 1206 1157 1299 mudtique
1175 1205 1230 1278 olii
1240 1209 1400 1292 eonius

260 1312 294 1374 et
309 1305 454 1374 omnium
467 1305 560 1396 quasi
570 1301 770 1376 Alamannia
781 1303 981 1398 stipendiarii
992 1305 1169 1376 civitatum.
1194 1302 1401 1376 Etveniens

258 1399 359 1490 Aste,
381 1409 457 1494 post
478 1402 709 1493 reeepcionem
733 1421 828 1473 suam
845 1400 887 1471 de
906 1403 955 1474 eis
978 1397 1142 1491 dubium,
1166 1402 1329 1476 meliores
1354 1423 1401 1476 ex

259 1499 309 1570 eis
328 1519 443 1570 secum
459 1495 682 1570 Mediolanum
698 1497 860 1592 perduxit.

333 1596 501 1689 Receptus
519 1605 695 1668 astantem
713 1596 849 1691 pacifice
866 1595 1044 1670 Mediolani
1066 1619 1126 1690 per
1143 1593 1335 1670 Gnidonem
1357 1599 1402 1670 de

257 1695 353 1766 ltrrri
375 1691 482 1764 Gallie
510 1691 686 1764 dominium
714 1697 854 1768 civitatis
881 1692 1067 1766 habentem.
1119 1693 1267 1768 Credidit
1291 1700 1402 1780 enim

258 1813 334 1864 eum
357 1794 421 1863 cito
444 1793 663 1863 transiturum.
714 1790 804 1864 Misit
831 1803 940 1862 autem
966 1815 1029 1863 rex
1054 1815 1113 1886 pro
1141 1791 1338 1867 melioribus
1358 1795 1403 1865 dc

258 1899 324 1961 tota
342 1889 444 1961 ltalia
464 1888 506 1959 da
523 1899 660 1984 utraque
677 1899 770 1985 purte
787 1887 1010 1962 Gibelinorum
1029 1901 1063 1961 et
1076 1889 1261 1980 (1ρ11ριίρρἦ
1280 1902 1404 1988 temp-

258 1997 345 2078 tans,
364 1990 391 2060 si
409 2008 472 2080 quo
490 1986 587 2058 modo
605 1997 720 2079 posset
736 1990 820 2059 inter
838 2009 897 2060 eos
915 1988 1124 2060 concordiam
1140 1987 1309 2062 ordinare.
1356 1993 1405 2064 At

258 2085 321 2156 illis
338 2093 413 2180 post
429 2105 585 2175 magnam
603 2083 878 2158 deliberacionem
895 2083 1090 2176 dicentibus,
1109 2085 1175 2158 boc
1189 2087 1405 2180 impossibile

259 2203 351 2272 esse,
378 2203 441 2252 rex
468 2179 634 2254 desistens
663 2181 736 2255 illos
764 2185 904 2274 negocio
932 2183 1053 2255 udectc
1080 2186 1217 2256 remisit
1264 2184 1404 2260 Videns

259 2289 369 2350 autem
386 2277 506 2368 Guido,
522 2299 640 2370 regem
658 2278 712 2350 diu
730 2289 764 2350 et
780 2289 931 2374 potenter
946 2283 980 2352 in
996 2279 1186 2352 Mediolano
1203 2277 1348 2374 morari,
1372 2294 1406 2354 et
1438 2351 1439 2378 p

259 2375 301 2447 de
319 2376 497 2448 tradicione
516 2387 550 2447 et
565 2392 649 2448 nece
666 2379 759 2468 regis
778 2387 812 2450 et
829 2399 963 2449 suorum
989 2401 1049 2472 per
1066 2401 1104 2450 sc
1129 2387 1163 2450 et
1187 2399 1270 2452 suos
1294 2385 1405 2474 cogi·
1438 2383 1439 2389 ’

257 2485 344 2566 tansq
369 2473 532 2569 quendam
550 2473 592 2544 de
611 2473 758 2545 sodomia
776 2474 985 2568 dampnatum
1003 2475 1147 2547 educere
1171 2476 1405 2552 decreverant

259 2571 301 2643 ad
328 2571 554 2660 cremandum
581 2581 616 2642 ut
643 2571 838 2644 Alamannis
868 2571 1113 2664 egredientibus
1140 2572 1406 2648 adridendum

258 2670 380 2743 clausis
407 2671 509 2763 portis
533 2691 650 2760 regem
678 2669 866 2740 occiderent
893 2669 1076 2742 desolatum
1105 2667 1215 2760 [1311
1234 2669 1307 2746 feb.
1323 2675 1405 2766 12].
1437 2671 1438 2707 ³

257 2765 300 2838 llt
316 2764 513 2838 inuentibus
530 2767 593 2839 illis
605 2789 679 2838 cum
696 2767 816 2861 populo
827 2765 868 2836 ad
886 2767 1047 2859 palacium
1063 2771 1155 2858 regis
1167 2770 1263 2861 primi
1275 2769 1406 2846 iratres

258 2863 449 2942 Theutonici
467 2873 581 2936 sancte
597 2863 703 2936 Maria
721 2867 842 2955 signati
859 2867 959 2936 armis
977 2874 1010 2935 et
1027 2865 1152 2936 vexillo
1176 2865 1321 2958 ordinm,
1349 2875 1406 2964 qui

259 2961 481 3035 decreverant
502 2983 568 3032 non
593 2963 686 3032 exire
705 2985 779 3032 cum
797 2960 988 3050 cremando,
1013 2983 1087 3034 cum
1106 2959 1305 3056 quibusdam
1326 2967 1405 3040 aliis

257 3063 436 3132 imuentem
454 3060 609 3154 populum
626 3059 764 3131 viriliter
780 3063 984 3132 invaserunt
1026 3057 1241 3154 Delensoque
1267 3063 1406 3154 palatio

256 3161 349 3249 regis
374 3157 415 3228 ad
439 3168 578 3251 portam,
602 3155 656 3228 ubi
679 3159 776 3228 iacuit
791 3156 958 3251 Liipoldus
979 3155 1048 3228 dux
1064 3157 1202 3229 Austris
1225 3180 1305 3230 eum
1333 3161 1406 3232 du-

258 3259 362 3326 centis
380 3256 533 3347 galeatis,
557 3277 631 3325 cum
653 3276 774 3344 magno
798 3253 911 3326 labore
934 3263 1165 3348 properantes,
1188 3257 1346 3348 prolaeta
1372 3264 1406 3330 in

257 3355 539 3425 vicumvasorum
557 3363 590 3423 et
606 3353 670 3423 alia
682 3351 851 3424 obstacula
861 3361 1088 3441 removerunt,
1106 3353 1189 3423 ictus
1200 3352 1405 3428 lancearum

257 3459 292 3520 et
307 3449 450 3546 lapidum
468 3450 510 3520 dc
527 3447 676 3521 domibus
695 3453 906 3522 sustinentes.
932 3449 975 3519 Et
987 3449 1275 3542 violenter'apcrta
1288 3466 1404 3544 porta.

258 3570 334 3619 oum
352 3547 421 3618 dux
438 3559 471 3618 et
488 3546 541 3617 alii
556 3545 700 3638 adregis
718 3547 878 3639 palacium
897 3545 1126 3634 advenissem,
1144 3546 1185 3617 ad
1204 3547 1404 3624 mandatum

257 3647 349 3737 regis
361 3643 545 3716 oudonem
556 3653 589 3716 et
601 3665 681 3716 suos
693 3641 891 3718 invadentes
909 3645 1032 3714 nemini
1049 3655 1283 3737 pepercerunt
1313 3645 1404 3720 lllo-

258 3764 321 3836 que
339 3753 433 3814 extro
452 3745 616 3812 civitatem
639 3741 753 3833 tirgmo
780 3745 914 3836 suisque
931 3743 1063 3830 occisis
1087 3763 1162 3812 cum
1187 3761 1307 3818 comes
1328 3746 1403 3817 sa-

257 3837 390 3928 baudie,
407 3837 538 3927 Gallus„
562 3849 762 3932 conquestus
781 3849 874 3911 esset
889 3841 977 3930 regi,
1004 3837 1090 3931 quod
1106 3837 1304 3912 'lbeuionici
1326 3845 1405 3916 illos

258 3939 330 4008 siue
354 3934 578 4007 misericordia
602 3936 812 4026 occidissent,
842 3959 917 4024 rex,
947 3939 1036 4024 quod
1057 3941 1147 4025 ipsos
1169 3939 1349 4012 uoluerant
1371 3949 1404 4012 iu
1433 3973 1434 3980 ρ

254 4036 400 4121 pecunia
423 4035 564 4122 tolliore,
588 4033 766 4128 respondit.
809 4032 934 4122 Quibus
953 4036 1048 4106 victis
1066 4044 1101 4106 et
1123 4035 1237 4106 eiectis
1264 4059 1336 4110 rex
1363 4039 1406 4110 dr

259 4129 562 4204 Mediolanensibus
580 4153 717 4226 prosua
735 4131 894 4226 disposuit
905 4131 1087 4222 voluntate
1104 4129 1279 4206 Matlreum
1287 4134 1404 4208 Vice-

260 4229 411 4300 oomitem
429 4228 581 4321 ponendo
599 4230 793 4322 ministrum,
810 4233 864 4325 qui
881 4227 1016 4302 etliberi
1028 4231 1079 4304 sui
1090 4231 1197 4304 eciam
1211 4241 1406 4324 postmor-
