2946 4822
366 251 529 308 bdelfflAS
548 250 889 308 nonwnntttttonnsts.
1119 253 1190 326 167

74 423 138 516 quid
155 423 371 494 comederet?
397 425 577 516 requisivit.
613 425 687 510 Quo
704 421 942 515 respondente:
971 426 1061 510 quod
1076 427 1145 512 lpse
1162 432 1195 492 el

73 527 117 590 oui
132 525 338 592 comederent
352 541 450 592 onum
463 525 665 610 palatensium
676 541 748 590 cum
759 523 922 607 cornibus,
940 529 972 592 ct
988 526 1056 608 ipse
1067 528 1193 592 elucor

73 625 133 690 cius
148 639 245 690 eamn
263 639 430 710 coportem,
447 628 480 688 et
494 623 552 707 qui
567 623 641 707 plus
657 622 753 690 uellet
766 624 929 708 reciperet
944 620 1034 709 alibi,
1051 641 1112 689 rex
1131 641 1192 690 re-

74 717 205 810 spondit:
232 719 311 788 l'ere
327 738 393 788 non
410 720 496 790 orcle
513 719 664 808 comedis,
681 721 711 787 si
726 720 776 790 sic
792 716 887 804 socio

74 869 115 939 lle
129 878 229 942 morte
248 871 381 953 liudolfi
397 875 491 960 repis.

133 1003 317 1074 Deficiente
336 1002 464 1074 tandem
482 1025 566 1094 rege
583 1025 642 1097 pre
660 1005 754 1078 senio
772 1013 805 1076 et
822 1001 1002 1074 dioenlibus
1030 1002 1090 1074 sibi
1115 1025 1192 1074 tne-

74 1103 156 1174 dieis:
188 1105 282 1190 quod
307 1106 395 1174 olba
421 1111 525 1174 certos
552 1105 622 1172 dics
649 1106 772 1174 durare
799 1103 961 1188 nequiret·
996 1104 1067 1194 ipse
1095 1099 1192 1172 dixit:

75 1203 183 1270 dumus
199 1219 283 1290 erpo
301 1201 443 1289 Spicum,
470 1204 517 1271 od
539 1203 624 1272 ulios
644 1221 738 1290 repes
754 1203 903 1288 sepultos.
945 1197 987 1268 Et
1003 1221 1142 1272 manens
1161 1201 1193 1270 in

74 1296 308 1368 Germersbeim
325 1300 415 1370 ituria
432 1296 574 1392 Spirem,
591 1295 699 1392 ibique
717 1299 888 1386 moriens,¹
908 1295 1005 1390 Spire
1022 1299 1055 1366 in
1073 1297 1192 1389 sepul-

74 1395 140 1464 ebm
162 1396 271 1486 regali
294 1393 473 1467 honorifice
500 1406 552 1466 est
580 1397 747 1489 sepultus,
774 1417 861 1466 anno
888 1397 985 1485 regni
1013 1397 1083 1466 eius
1099 1396 1192 1466 xviii.

75 1492 161 1566 liius
187 1491 388 1587 epitaphium
417 1497 450 1564 in
480 1493 571 1566 silice
604 1495 810 1586 superposito
839 1493 1000 1585 sculptum
1034 1491 1099 1562 tale
1127 1501 1193 1562 est:

76 1593 155 1660 luno
181 1595 309 1662 domini
336 1594 563 1679 medicoque,
592 1595 625 1662 ii.
649 1593 810 1664 notandas
837 1591 992 1664 oclobris²
1021 1591 1104 1662 obiit
1123 1591 1194 1662 ltu-

77 1688 171 1772 rioilus
186 1693 227 1761 de
245 1691 422 1780 Hobsburp
439 1691 659 1762 llomormmm
675 1709 745 1760 rec.

79 1839 118 1908 lle
133 1843 287 1912 electione
304 1841 447 1930 Adolplri
464 1843 505 1913 de
523 1843 686 1912 Noasoou.

119 1972 241 2046 blortuo
259 1978 368 2069 itaque
379 1972 521 2046 Rudollo
539 1985 573 2046 et
583 1977 740 2048 veniente
755 1974 941 2066 [Alituum]
961 1973 1045 2046 duce
1057 1975 1193 2046 Austris

80 2070 230 2164 riutilio,
254 2094 315 2168 pro
339 2095 404 2167 quo
422 2072 577 2163 eligendo
597 2075 761 2168 principes
786 2076 955 2162 miserant„
980 2095 1053 2142 cnm
1072 2095 1193 2162 magno

81 2191 212 2262 expensa
236 2193 344 2264 usque
362 2169 608 2262 Hegenowam,
620 2168 769 2244 'Auottus
788 2193 901 2244 eomes
920 2176 953 2243 in
970 2168 1136 2242 Nassowa
1161 2173 1194 2242 in

81 2287 181 2358 regem
196 2269 422 2340 Romanorum
440 2292 458 2338 o
482 2267 679 2362 principibus
697 2269 896 2340 Alamannie
920 2267 1125 2340 concorditer
1142 2275 1195 2340 est

81 2364 188 2436 electus
208 2365 324 2456 [1292
343 2369 406 2438 rnai
424 2367 475 2456 51.
511 2366 543 2436 Α
561 2387 624 2460 quo
641 2366 727 2438 idem
745 2365 903 2440 Albertus
921 2365 963 2436 de
986 2363 1093 2436 leudis
1112 2367 1193 2452 suta

81 2466 236 2554 presertim
254 2463 376 2534 ducatu
393 2463 541 2552 Ausone,
559 2467 746 2552 investitus
763 2467 797 2536 in
813 2464 983 2538 Austriam
1001 2471 1053 2534 est
1069 2483 1194 2532 rever-

83 2581 139 2629 sus.
174 2561 282 2655 Aque
297 2559 381 2632 duce
400 2583 473 2631 cum
491 2571 606 2655 postea
624 2564 734 2634 missis
751 2561 872 2651 legatis
890 2585 953 2634 rex
969 2568 1109 2653 peteret,
1127 2557 1193 2629 filio

84 2677 133 2726 suo
147 2656 233 2730 ducis
251 2658 353 2731 bliem
371 2659 528 2752 copulari„
547 2658 615 2730 dux
631 2658 815 2752 respondit:
836 2679 878 2748 sc,
896 2662 926 2728 si
937 2666 1050 2748 postet
1063 2677 1106 2726 eo
1121 2657 1195 2740 fillo

83 2774 132 2824 suo
141 2756 249 2838 locere
262 2761 458 2846 principem,
476 2759 538 2828 boc
553 2756 735 2841 lecturum:
754 2761 806 2828 cel
817 2760 907 2846 quod
916 2777 976 2826 rec
985 2757 1090 2838 filium
1100 2775 1194 2824 suum

84 2857 130 2922 uni
146 2873 184 2924 ec
197 2858 278 2938 filiis
296 2857 389 2926 ducis
406 2861 622 2943 contemperet,
648 2859 763 2942 pttom⁴
779 2875 814 2924 se
827 2859 1011 2944 principem
1028 2852 1194 2936 lucturum

86 2954 220 3038 pmmisit.
247 2952 305 3024 Ex
323 2950 437 3044 quibus
455 2962 487 3022 el
506 2949 576 3024 aliis
594 2955 812 3043 interregem
831 2961 864 3022 ot
881 2951 999 3022 ducem
1016 2949 1126 3020 odium
1143 2958 1196 3020 est

87 3045 242 3120 subortum
282 3050 357 3122 Rex
375 3060 485 3120 autem
496 3048 640 3118 Mettum
658 3049 756 3120 filiam
775 3072 866 3122 suem
880 3047 1021 3120 Rudolio
1038 3047 1112 3118 duci
1121 3047 1194 3116 Ba-

87 3149 173 3216 warie
191 3149 334 3240 palatino
351 3147 437 3219 Reni
459 3151 493 3218 in
517 3149 692 3236 coniugem
717 3147 882 3242 copulavit
910 3143 1022 3234 [1294
1040 3153 1122 3235 sept.
1142 3141 1193 3232 1].

88 3241 184 3326 Quiex
195 3267 234 3316 ea
251 3247 367 3336 genuit
384 3255 453 3316 tres
471 3243 572 3316 filios:
590 3241 759 3334 Adolfum,
771 3241 947 3316 Rudollum
959 3251 992 3313 et
1001 3239 1193 3313 Rubertum.

87 3333 264 3416 intoxicatus
282 3351 391 3414 eutem
410 3340 567 3414 Albertus
585 3343 618 3412 in
636 3341 770 3414 Austrie
789 3351 823 3412 et
839 3339 893 3411 diu
909 3362 970 3435 per
989 3337 1094 3433 pedes
1112 3359 1194 3412 sus·-

89 3451 204 3530 pensus,
221 3440 353 3512 oculum
370 3437 514 3534 perdens
533 3442 642 3510 evasit
662 3437 774 3530 [1295
786 3459 865 3511 nov.
879 3438 953 3529 ll].

93 3602 130 3674 lle
144 3608 314 3693 Booilocio
327 3630 422 3699 popo
439 3620 554 3682 octono
571 3618 604 3681 et
621 3609 905 3698 columpnemttm
922 3627 965 3680 oc
982 3628 1059 3698 repe
1069 3609 1196 3698 Anplle.

129 3753 249 3830 Eisdem
268 3757 468 3854 temporibus
479 3759 666 3832 Boniiaoius
684 3781 768 3853 popa
779 3767 918 3830 octavus
931 3757 1194 3852 Columpnenses

94 3855 329 3949 persequebatur
346 3857 387 3927 ad
404 3880 564 3949 unguem„
588 3855 806 3928 cardinalibus
818 3856 860 3926 de
880 3855 1059 3948 Columpna
1084 3853 1194 3947 depo-

94 3949 147 4018 sitis
163 3953 292 4049 oliisque
309 3955 482 4048 plurimum
500 3955 691 4026 molestabis.
717 3955 852 4027 Fovcns
864 3951 1194 4024 atttemrex'Francie

138 4096 161 4164 l]
179 4103 316 4172 uorirbliffi
334 4103 434 4157 lludoll
450 4103 522 4158 slorb
543 4103 568 4157 in
588 4101 687 4174 Speior.
725 4103 756 4170 2)
782 4101 908 4156 uiebmebr
932 4118 1012 4152 rueme
1030 4103 1092 4152 talio
1110 4102 1137 4150 in
1155 4101 1195 4152 die

97 4165 202 4222 limina
220 4175 390 4241 apostoloram
410 4171 467 4242 [iuli
485 4173 539 4242 15].
572 4173 727 4242 nbtitdung
746 4173 787 4230 boi
804 4171 982 4242 bicbnowslty
1002 4171 1025 4226 1.
1042 4172 1067 4225 Β.
1083 4171 1154 4226 Tolel
1168 4171 1193 4227 2.

100 4233 122 4298 3]
137 4255 175 4293 eos
191 4243 219 4298 t.
238 4245 290 4300 oud
310 4245 339 4301 G.
359 4250 478 4314 erginzt.
514 4245 545 4314 t)
565 4261 642 4316 quem
661 4246 691 4308 Α,
