3010 4822
442 243 614 304 tttttttutcus
643 241 895 304 nasoonmnsts.
1164 251 1232 324 561
1328 201 1329 204 ¹

105 415 159 490 ubi
184 429 262 490 tuno
288 431 360 491 erat
382 423 470 492 curia
494 420 665 512 Romanuq
687 425 799 518 primis
824 419 938 492 diebus
956 423 1114 515 proximis
1132 419 1234 495 ottus
1253 437 1323 496 1350

103 527 178 612 post
203 515 397 590 dominicam
424 519 531 589 medie
554 517 808 612 quadragesime
834 519 920 591 mille
947 528 979 590 et
1006 517 1237 613 quadringenti

104 618 278 708 computati
295 613 444 688 homines
463 617 579 709 ¹sepulti
598 617 738 689 luerunt
780 615 883 688 lmmo
903 612 1082 706 dicebatur,
1143 615 1186 688 od
1203 621 1237 690 in

104 715 226 782 civitati
244 710 442 786 Marsiliensi
460 713 577 784 exhac
588 714 771 807 pestilentia
790 713 993 785 tothomines
1004 715 1104 784 morie
1127 726 1235 805 antur,

103 807 190 904 quod
207 810 300 881 locus
318 814 411 905 quasi
429 808 643 886 inhabitabilis
668 813 833 884 remansit.
885 810 1003 883 Postea
1028 815 1179 885 transivit
1196 810 1237 882 ad

102 905 212 998 Alpes
231 919 263 978 et
278 905 471 1000 Ungariamq
489 930 549 1001 per
567 919 666 980 totam
683 910 904 998 Alamaniam
922 931 982 1002 per
999 907 1184 1000 Franoiam
1204 911 1237 982 in

103 1027 167 1096 qua
186 1007 246 1075 vix
261 1009 355 1076 tertia
372 1027 449 1100 pars
470 1004 633 1076 hominum
647 1009 725 1078 viva
737 1007 909 1094 remansit,
924 1009 1001 1076 item
1011 1028 1072 1100 per
1083 1005 1235 1078 Scotiam.

101 1098 145 1170 Et
163 1123 297 1197 semper
314 1105 347 1172 in
364 1124 428 1173 una
447 1105 615 1197 provincia
633 1125 693 1198 per
711 1126 811 1174 unum
828 1125 950 1174 annum
968 1104 1024 1175 vel
1035 1107 1120 1176 circa
1131 1103 1236 1176 dura-

103 1200 164 1286 vit,
183 1201 347 1271 transiens
365 1200 458 1270 ultra.
485 1199 527 1270 Et
544 1203 592 1272 sio
609 1205 723 1295 paucis
734 1203 849 1292 regnis
862 1205 1010 1295 exceptis
1025 1204 1117 1295 quasi
1128 1203 1237 1273 omnia

101 1315 210 1386 regna
229 1295 338 1394 mundi
356 1297 534 1391 quassavit.
564 1297 606 1370 Et
623 1297 811 1370 ceciderunt
826 1294 979 1370 homines
1004 1321 1049 1370 ex
1072 1296 1236 1371 ulceribus

101 1415 166 1464 seu
184 1392 392 1484 glandinibus
411 1398 533 1466 exortis
559 1393 619 1468 sub
646 1395 778 1469 assellis
804 1395 861 1467 vel
888 1395 978 1466 iuxta
1002 1397 1176 1487 gerantia
1204 1406 1237 1468 et

100 1511 162 1583 pro
182 1495 295 1562 maion‘
313 1502 404 1585 parte
423 1495 564 1565 iuvenes
586 1490 821 1582 moriebantur,
838 1493 895 1564 vel
913 1516 973 1587 per
991 1497 1237 1566 excreationem

100 1591 241 1659 oratorie
260 1594 461 1680 sanguinem
479 1599 512 1660 et
528 1590 580 1663 hic
597 1590 691 1663 dolor
708 1593 740 1661 in
759 1612 823 1662 sex
840 1590 896 1661 vel
907 1588 1107 1664 octodiebus
1124 1590 1237 1663 homi-

100 1707 165 1756 nes
184 1685 366 1760 sullocavit.
411 1687 484 1760 Hec
508 1689 581 1760 loca
599 1688 686 1782 apud
704 1685 850 1759 medicos
879 1693 1079 1759 emunctoria
1103 1712 1237 1761 nunou-
1367 1743 1369 1748 -

100 1793 234 1877 pantur,
252 1787 326 1878 quia
344 1785 551 1882 superfluitas
570 1785 627 1858 vel
644 1785 744 1858 sudor
770 1781 895 1859 subtilis
919 1786 969 1858 his
996 1786 1077 1860 locis
1100 1787 1238 1859 faciliter

100 1883 259 1954 emittitur
285 1906 346 1977 per
374 1895 533 1956 naturam.
579 1881 719 1955 Duravit
746 1893 855 1953 autem
882 1883 945 1954 heo
965 1885 1152 1977 pestilentia
1177 1907 1237 1980 per
1301 1929 1305 1934 -

100 1984 246 2075 quinque
266 1981 323 2054 'vel
341 2004 405 2055 sex
422 2003 526 2054 minos
545 1981 600 2053 vel
619 1983 717 2072 circa,
735 1984 833 2050 immo
851 1991 965 2075 postea
986 1983 1131 2076 pluribus
1143 1987 1237 2058 annis

98 2083 268 2170 posterius
294 2083 456 2154 invenies.
507 2078 613 2150 Etiam
641 2080 674 2149 in
692 2079 800 2150 multis
817 2075 899 2152 locis
917 2078 1002 2151 hanc
1019 2082 1237 2174 pestilentiam
1348 2143 1351 2148 .
1385 2141 1388 2148 ,

98 2173 280 2343 ῗίῑῑήὴιιιωῑ
311 2175 593 2250 intoxicationiltus
624 2174 818 2260 luteorum„
850 2175 1035 2271 dequibus
1064 2180 1146 2252 inira
1175 2177 1236 2253 suit

133 2274 228 2345 arole
245 2296 339 2366 rege.

99 2471 271 2542 censionis
295 2469 415 2540 domiui
441 2469 521 2560 [mai
543 2467 607 2559 21]
633 2469 857 2560 flagellatores
881 2472 913 2540 in
932 2471 1104 2543 Alamania
1121 2476 1235 2545 insur-

97 2577 265 2638 rexerunt
281 2565 399 2662 ubique
418 2569 450 2636 in
467 2569 610 2638 maxima
628 2564 842 2654 multitudine„
860 2569 934 2661 quia
953 2568 1115 2642 interdum
1138 2581 1236 2642 octo·

97 2664 195 2754 ginta
223 2663 318 2738 simul
346 2668 479 2736 iverunt
507 2686 580 2736 cum
606 2662 747 2755 flagellis
771 2664 908 2736 nodatis.
960 2663 1001 2736 Et
1028 2666 1105 2740 vide
1130 2665 1235 2740 simile
1288 2751 1290 2754 ¹
1362 2707 1366 2712 -

96 2763 199 2832 tertio
216 2783 347 2854 regumq
366 2783 435 2856 cap.
453 2763 557 2832 mviii.
576 2763 609 2832 in
626 2760 791 2856 prophetis
809 2759 890 2833 Baal
907 2773 1055 2858 tempore
1065 2761 1176 2853 Helie,
1192 2762 1235 2846 ibi

97 2857 232 2950 dicitur7
249 2858 334 2952 quod
351 2869 588 2953 percusserunt
605 2879 643 2931 se
661 2857 801 2931 culcitris
820 2870 853 2931 et
870 2861 1029 2934 lanceolis
1044 2872 1076 2932 et
1093 2861 1233 2942 aculeus

95 2957 142 3028 tis
172 2977 211 3027 se
240 2955 501 3050 disciplinantem
526 2965 559 3026 et
583 2955 769 3048 aliquando¹
799 2959 832 3026 in
856 2956 920 3029 duo
945 2969 1000 3030 aut
1027 2961 1085 3030 triu
1103 2955 1235 3051 agmina

95 3052 299 3142 diviserunt
318 3077 357 3124 ao
373 3051 493 3126 multos
510 3052 551 3123 ud
563 3051 774 3124 devotionem
785 3053 1020 3146 provocatam,
1034 3055 1124 3128 multi
1136 3055 1234 3128 etiam

94 3153 182 3244 ipsis
211 3148 448 3240 detraxeruntq
476 3161 508 3221 et
531 3150 637 3222 simile
660 3152 811 3222 invenies
836 3174 935 3246 supra
961 3151 1020 3223 sub
1039 3155 1236 3248 imperatore
1319 3167 1321 3173 ’

92 3246 271 3318 Friderico
288 3247 462 3320 secundo.²
478 3245 534 3320 tstt
551 3247 774 3340 flagellatores
800 3271 874 3319 cum
898 3248 1060 3343 quoddam
1083 3248 1235 3345 oppidum

92 3342 361 3436 Bambergensis
385 3341 525 3417 diocesis
552 3348 749 3435 transirent,
776 3348 809 3416 in
837 3367 901 3439 quo
926 3369 1046 3440 magna
1063 3347 1121 3419 luit
1141 3349 1233 3441 copia

91 3441 291 3534 laneorum,
308 3444 369 3538 ipsi
386 3441 662 3536 ludeiinopinate
680 3445 843 3514 irruerunt
859 3445 892 3514 in
909 3446 1012 3537 ipsos,
1030 3442 1234 3540 quatuorde-

91 3543 163 3611 cim
182 3539 239 3610 vel
257 3543 342 3613 eirca
359 3539 581 3633 flagellatores
599 3539 790 3612 occiderunt
807 3551 840 3611 et
857 3542 981 3635 aliquos
1000 3545 1093 3618 cives
1112 3542 1234 3614 delen-

90 3658 198 3712 sores
217 3657 352 3728 eorum,
370 3649 404 3709 et
420 3649 535 3732 postea
561 3635 713 3732 oppidum
740 3639 820 3728 igne
848 3638 1107 3714 succenderunt..
1151 3637 1234 3712 Cum
1284 3705 1285 3708 ,

90 3743 213 3806 autem
230 3733 293 3806 hec
307 3735 425 3827 religio
442 3758 503 3830 per
519 3743 665 3830 quartam
682 3745 809 3830 partem
827 3737 902 3805 anni
920 3733 1127 3828 invaluisset,
1154 3758 1233 3807 mu-

89 3833 202 3904 lieres
221 3835 319 3903 etium
336 3832 421 3904 hanc
440 3825 650 3928 penitentiam
668 3829 728 3904 sihi
746 3843 954 3904 assumentes
964 3835 997 3903 in
1010 3856 1131 3927 magna
1142 3831 1233 3903 mul-

88 3929 250 4019 titudine
268 3940 302 4000 et
319 3952 357 4002 se
374 3929 582 4022 flagellantes
607 3927 768 4023 usquead
788 3939 918 4024 pectora
935 3928 1151 4030 denudabant.
1176 3928 1233 4003 lsti

155 4103 185 4172 l)
211 4119 243 4159 so
268 4105 416 4162 vennuthet
443 4102 555 4163 Gewold
579 4111 643 4163 statt
668 4103 792 4179 quonium
818 4105 870 4163 wie
895 4103 970 4164 selue
994 4105 1036 4164 irs.
1061 4105 1147 4163 haben
1172 4106 1234 4167 soll.

86 4177 168 4236 oder
186 4191 320 4247 quemque
337 4178 389 4232 wie
407 4179 504 4233 Frelrer
523 4179 575 4234 lrut.
612 4179 642 4246 2)
663 4179 774 4236 uimlioh
795 4178 829 4234 im
856 4179 946 4234 werke
972 4179 1020 4235 des
1039 4177 1164 4236 Martinus
1183 4179 1234 4238 tti-

86 4248 201 4316 norim,
220 4247 337 4306 welches
355 4247 480 4306 lleinriclr
500 4249 631 4308 iortsetst.

154 4365 294 4410 nocuum
306 4365 415 4412 sununs
430 4368 450 4410 t.
988 4365 1023 4432 3q
