2900 4820
171 239 245 316 260
471 237 636 298 mammas
655 239 996 300 mammaeaemsm.

88 411 258 508 lemburg
273 412 412 507 obsedit
430 425 464 488 et
478 415 560 490 lesis
578 414 723 511 pluribus
741 415 783 488 de
802 417 884 508 suis.
901 425 1037 511 perante
1048 413 1300 512 quoquelleime

171 515 240 586 rioo
257 511 452 607 Moguntmo
470 514 567 587 seed
584 511 784 588 obviandmn
802 518 846 605 ei.
864 517 957 610 quasi
974 513 1131 588 eoniusus
1149 515 1299 586 recessit

172 683 222 756 lle
242 689 385 774 quodem
405 689 488 760 eree
507 687 653 758 Saeooie
671 687 749 768 ficto
770 687 827 774 qai
853 683 967 768 fueret
984 691 1129 754 mortuus
1149 689 1225 754 eote
1247 682 1301 752 ei-

269 788 425 874 ytnttoelo
446 805 560 854 aranos.

220 917 383 991 Rudollus
401 927 511 989 autem
529 915 597 990 dux
613 915 760 990 Saxonie
778 913 952 1012 quemdam
969 919 1106 988 interra
1124 937 1183 988 sua
1203 916 1301 988 simi-

170 1015 237 1088 lem
253 1014 426 1088 Walmaro
444 1013 622 1087 marohioni
639 1018 673 1086 in
689 1011 931 1104 Branderrburg
947 1017 1135 1103 inveniens.
1160 1033 1302 1107 eumque

171 1111 393 1186 marchionem
412 1133 490 1186 esse
508 1111 652 1204 fingens,
669 1115 835 1206 pratensis
847 1111 955 1184 multis
966 1111 1145 1202 tigmentis.
1163 1111 1303 1205 qualiter

170 1210 441 1302 olirnselingens
460 1220 621 1281 mortuum
632 1231 651 1280 a
662 1220 750 1281 terra
768 1210 852 1281 elam
869 1211 1047 1281 recesserit
1057 1231 1103 1280 ex
1115 1229 1215 1280 causa
1233 1229 1301 1302 pe·

170 1310 325 1399 nitenoie.
349 1308 413 1379 alio
430 1309 561 1380 nomme
586 1309 687 1401 ipsius
711 1306 878 1396 defuneto.
902 1305 1019 1378 multas
1038 1309 1187 1378 civitates
1206 1327 1302 1376 mer-

171 1404 244 1477 ebie
262 1405 304 1475 ad
320 1400 702 1500 recipiendum-eumdem
719 1403 854 1476 induxit.
885 1401 928 1474 Et
938 1407 1079 1476 veniens
1090 1425 1153 1476 rex
1163 1411 1301 1497 repente

172 1525 247 1574 eum
271 1523 393 1594 magno
418 1505 565 1575 exereitu
581 1500 817 1591 Bohemorum
841 1504 934 1596 quasi
957 1511 1057 1572 totam
1079 1499 1258 1572 marchiam
1282 1522 1302 1569 e

171 1597 340 1672 Ludowiei
358 1598 554 1670 marchionis
571 1598 699 1670 dicione
715 1602 861 1670 retraxit.
913 1595 1004 1669 Gens
1022 1602 1111 1670 enim
1133 1609 1222 1669 terre
1241 1593 1301 1668 sibi

170 1696 334 1770 luxurium
351 1717 426 1768 oum
443 1694 570 1769 liliabus
589 1706 623 1767 et
638 1693 796 1769 uxoribus
815 1698 897 1788 suis,
916 1705 949 1767 et
966 1695 1052 1790 quod
1068 1693 1161 1768 liberi
1172 1697 1224 1768 sui
1235 1715 1303 1766 non

172 1797 237 1866 sint
252 1795 414 1886 legittimi,
431 1815 496 1866 neo
513 1792 604 1886 digmi
621 1805 710 1865 tanto
726 1797 919 1888 principatu,
936 1796 1110 1887 inpingere
1121 1791 1300 1864 dicebatur.

170 1888 247 1985 lpse
265 1911 349 1964 vero
369 1890 513 1964 marchio
530 1892 684 1962 celeriter
700 1913 775 1962 oum
792 1895 941 1964 exereitu
958 1913 1019 1964 suo
1036 1889 1242 1984 ingrediens.
1267 1892 1302 1960 in

170 1986 268 2082 opido
285 1998 373 2060 terre
386 1987 636 2062 Frankenlurde
655 2011 693 2064 se
710 1993 844 2083 reeepit
869 1989 975 2076 Quem
993 1987 1136 2062 Karalus
1152 2010 1217 2062 rex
1232 1985 1301 2058 ibi-

167 2084 248 2158 dem
272 2087 367 2177 [oet]
392 2084 521 2159 obsedit
544 2085 636 2176 (sed
655 2086 750 2158 laetis
774 2084 920 2180 pluribus
938 2085 1110 2160 insultibus
1133 2083 1209 2158 hino
1225 2083 1303 2156 inde

170 2188 318 2258 reeessit.
353 2185 432 2257 Post
448 2183 513 2256 hee
528 2189 620 2256 venit
637 2187 706 2256 dux
721 2183 889 2279 Repertus
906 2183 1061 2256 Bawarie
1077 2186 1197 2275 iunior.
1214 2181 1301 2256 lilius

171 2280 334 2375 quomdam
350 2281 463 2354 Adolli
479 2280 629 2372 Parum.
652 2279 779 2354 habeus
800 2303 940 2356 uxorem
956 2280 1113 2372 siculam,
1137 2303 1213 2354 oum
1236 2303 1301 2354 eo-

170 2381 248 2450 mite
265 2377 308 2450 de
324 2376 531 2471 Swaraburg
549 2390 582 2450 et
598 2381 706 2452 multis
725 2379 796 2451 eliis
815 2401 860 2451 ex
876 2389 968 2473 perte
984 2379 1141 2473 patruelis
1160 2383 1210 2454 sui
1227 2375 1300 2450 Lu·

170 2474 279 2550 dovioi
296 2477 492 2552 marebionis
509 2481 544 2549 in
560 2476 749 2567 marchiam,
768 2477 905 2550 viriliter
922 2499 960 2550 se
978 2487 1106 2550 tenens.
1150 2477 1299 2571 Visaque

169 2575 204 2644 in
220 2596 337 2669 eampo
354 2573 556 2648 multitudine
574 2579 776 2646 irrimieerem
800 2573 879 2644 dixit
901 2596 1031 2648 eomes:
1058 2579 1212 2666 Domine,
1234 2595 1299 2646 eu-

164 2674 262 2760 peda
278 2693 338 2744 aes
358 2673 460 2744 ubire.
501 2673 549 2744 At
566 2673 636 2744 ille:
676 2675 896 2744 tarentasiae
915 2693 1035 2763 eomes,
1063 2695 1130 2745 oon
1149 2673 1299 2762 loquoris

169 2771 226 2858 uo,
247 2774 337 2858 qood
356 2773 390 2840 ia
406 2774 516 2859 primo
538 2772 690 2856 conflictu
709 2789 782 2840 meo
802 2773 962 2842 recedam.
1013 2772 1085 2859 Quo
1103 2769 1212 2842 audito
1230 2791 1299 2862 ag-

168 2869 280 2956 gressi
307 2877 384 2938 sunt
409 2870 575 2956 inirnieos,
602 2871 693 2962 ipsos
717 2870 901 2940 vineemes.
954 2867 1162 2942 Consortatus
1188 2871 1299 2962 itaque

168 2961 348 3056 Repertus.
365 2985 567 3058 progressus
585 2967 680 3036 nimis
693 2968 727 3035 in
739 2973 849 3060 partes
866 2967 1070 3038 mirmieerum
1087 2968 1300 3060 temereque²

168 3079 312 3152 querens
330 3061 512 3152 mumolus,
529 3059 661 3134 endem
679 3072 792 3155 captus
811 3071 863 3136 est
880 3062 1168 3157 etperRudollum
1179 3062 1300 3135 duoem

167 3153 314 3232 Saxoaie
331 3160 439 3234 multis
457 3163 552 3233 annis
570 3158 750 3251 detentus).

169 3325 318 3417 Qualiter
334 3348 395 3400 ree
413 3322 557 3420 anerte
573 3331 707 3399 recessit
720 3327 763 3398 ab
775 3331 896 3417 Apulia
909 3335 1046 3420 propter
1058 3331 1296 3419 pestileaeium.

240 3457 396 3534 Reverso
422 3469 533 3534 autem
560 3470 693 3556 propter
718 3460 943 3555 pestilenciam
967 3461 1123 3554 Ungue.
1149 3460 1297 3536 lohamm

165 3553 277 3629 relicta
296 3555 434 3631 Andree
456 3559 566 3631 fratris
591 3561 660 3648 sui.
687 3577 772 3630 uxor
788 3555 957 3630 Ludowiei
980 3558 1072 3632 dueis
1089 3561 1238 3632 Tarenti³
1256 3561 1299 3632 de

165 3655 288 3727 auxilio
308 3677 393 3751 pepe
410 3654 583 3751 Neapolim
605 3660 783 3727 revertitur
806 3665 840 3726 et
862 3657 975 3728 eiectis
993 3654 1120 3748 Uagam·
1143 3655 1295 3732 fidelibus

164 3761 253 3868 terro
271 3752 332 3869 sibi
342 3757 460 3826 iterum
471 3749 873 3870 subiugatmfflemhero
884 3751 926 3823 de
938 3753 1141 3846 Urselingau
1151 3753 1298 3872 swero,

164 3847 1155 4044 ttttttllttdlltl,ttltstff'tttttttltt
1177 3873 1295 4024 tttl

219 4092 248 4162 l)
267 4093 320 4150 Der
338 4093 467 4165 lolgeude
484 4095 548 4152 mett
567 4095 615 4154 des
635 4113 692 4168 cap.
713 4091 779 4150 ieblt
797 4094 824 4149 in
839 4093 866 4150 B.
883 4095 936 4150 und
955 4096 1027 4151 stebt
1045 4113 1095 4151 nur
1114 4095 1141 4153 in
1155 4097 1187 4152 d.
1216 4097 1248 4167 2)
1263 4115 1297 4156 so

164 4161 250 4234 Uret,
273 4165 432 4238 tociensque
449 4168 481 4223 Α.
527 4168 557 4236 3)
582 4165 719 4224 Ludowiei
745 4167 770 4222 d.
789 4167 816 4222 Τ.
835 4166 871 4222 ist
890 4183 937 4222 aus
956 4166 987 4221 Α.
1008 4173 1135 4238 erutuet,
1159 4185 1205 4225 wo
1232 4171 1299 4228 eber

163 4233 293 4294 Thoracis
312 4238 383 4293 steht
400 4243 464 4295 stult
481 4235 593 4294 Tarenti.
