2904 4822
262 205 310 278 13
334 251 337 256 .
581 204 757 264 marcus
772 203 815 260 nu
829 204 1113 263 umssnnnovnns.

263 377 314 446 Dc
320 382 480 469 passagio
491 399 584 466 wem
594 382 680 449 idern
691 380 951 476 lotunncspopn
957 381 1150 469 predicavit,
1162 379 1392 468 camel'ttltp-

357 497 438 568 pom
454 481 657 564 Francorum
673 498 781 568 repom
799 483 913 549 wem
929 483 1098 550 comtum.
1268 481 1348 568 Cap.
1359 482 1392 548 a

179 605 249 662 ¹³³³
312 611 413 684 Anno
430 611 678 685 quemdomini
689 615 941 706 memorandi,
960 617 1015 686 vii.
1032 613 1193 688 kalendas
1211 615 1343 705 augusti
1361 615 1393 682 in

262 707 391 805 publico
409 715 614 802 consistorio,
642 710 728 806 quod
754 710 864 784 babuit
890 711 976 807 apud
999 715 1200 785 Avinionem
1216 713 1248 782 in
1266 710 1393 806 palacio

263 829 337 899 suoq
355 807 396 879 ad
412 813 608 902 peticionem
625 813 717 902 regis
734 808 869 906 Philippi
879 809 1080 882 Francorum
1098 809 1257 903 generale
1268 831 1394 904 passa-

262 911 352 1000 gium
369 906 563 1000 predicavit
588 907 814 980 constituendo
832 931 908 979 eum
926 907 1042 980 ducem
1060 907 1146 982 illius
1164 911 1342 995 exercitata
1362 916 1393 975 et
1445 923 1446 926 ’

261 1001 406 1076 decimas
422 1009 520 1096 regni
538 1007 588 1078 sui
607 1003 666 1078 sibi
683 1027 824 1099 persea
847 1029 951 1078 annos
976 1009 1141 1078 concessit
1162 1009 1195 1077 in
1213 1003 1395 1078 subsidium

260 1103 407 1196 passagii
424 1101 570 1197 predicti.
588 1101 741 1176 Ecclesie
759 1101 868 1174 autem
879 1103 1028 1176 Romane
1045 1127 1108 1200 per
1125 1127 1188 1177 sex
1204 1117 1308 1176 annos·
1328 1101 1395 1171 de-

260 1204 362 1273 cimas
386 1201 585 1273 universalis
604 1200 746 1273 ecclesie
764 1205 954 1274 reservavit
978 1201 1124 1275 similiter
1146 1224 1205 1297 pro
1222 1203 1395 1296 passagia

261 1297 346 1392 quod
364 1298 582 1393 incipiendum
605 1297 763 1394 disposuit
780 1322 799 1368 a
816 1297 966 1371 kalendis
985 1303 1116 1392 augusti
1132 1323 1192 1395 per
1208 1305 1276 1370 tres
1288 1320 1395 1368 annos

260 1398 427 1490 proximos
440 1393 691 1490 subsequentes.
791 1393 830 1468 ln
845 1397 991 1490 predicto
1009 1401 1105 1469 etiam
1119 1399 1312 1470 consistorio
1322 1395 1395 1467 Pe-

260 1503 329 1566 nos
348 1491 612 1589 archiepiscopus
620 1493 898 1586 Rotbomagensis
911 1505 943 1566 et
952 1493 1115 1570 lohannes
1127 1499 1300 1589 episcopus
1313 1491 1395 1564 lilo-

259 1593 368 1664 rensis
381 1589 569 1664 etdecanus
580 1589 776 1666 Parisiensis
795 1603 828 1662 et
839 1593 1013 1665 Heinricus
1030 1593 1124 1666 miles
1143 1590 1246 1664 dictus
1265 1588 1306 1661 de
1324 1590 1395 1662 Al-

260 1692 366 1784 gom'a„
389 1685 549 1762 habentes
572 1691 829 1783 procuratorium
853 1689 1033 1780 sufficiensq
1050 1694 1084 1760 in
1101 1695 1240 1762 animam
1258 1687 1396 1783 predicti

119 1791 123 1794 ’
260 1791 351 1880 regis
370 1790 576 1878 iuraverunt
593 1787 676 1882 quod
695 1791 757 1858 iret
773 1790 806 1858 in
823 1791 1106 1884 propria'persona
1118 1789 1201 1860 ultra
1213 1795 1318 1876 mare,
1336 1785 1393 1854 vel

261 1881 346 1957 lilius
365 1907 445 1958 suus
462 1907 526 1957 rex
541 1883 717 1974 lohannes„
742 1887 770 1956 si
794 1909 893 1959 causa
916 1885 1062 1977 legitima
1079 1895 1206 1981 patrem
1223 1882 1398 1980 impediret

232 1988 237 1997 '
261 1981 348 2076 quod
364 1985 556 2076 passagium
574 1982 735 2078 perlicere
754 2005 820 2054 non
836 1993 963 2078 posset,
988 1995 1020 2056 et
1043 1983 1127 2078 quod
1146 1982 1290 2056 decimas
1310 2002 1396 2076 pre-

260 2077 363 2152 dictas
382 2077 442 2152 sibi
458 2103 519 2174 per
536 2103 600 2154 sex
616 2101 721 2152 annos
740 2102 918 2154 concessas
935 2085 969 2152 in
980 2080 1061 2153 alios
1073 2104 1154 2154 usus
1165 2103 1231 2154 non
1243 2101 1397 2152 conver·

260 2183 344 2247 teret
360 2199 457 2272 pam
473 2181 506 2248 in
524 2175 704 2250 subsidium
721 2187 809 2248 terre
827 2189 953 2270 sancte,
971 2201 1067 2272 quam
1078 2177 1296 2273 personaliter
1306 2179 1397 2250 visi-

259 2284 331 2346 tare
342 2277 461 2349 iuravit
471 2297 532 2370 per
541 2285 771 2370 procuratores
777 2275 954 2372 predictos
972 2286 1007 2348 ut
1018 2299 1116 2372 supra
1128 2285 1180 2351 est
1189 2271 1398 2370 prelibatum.

261 2514 311 2585 Dc
328 2517 492 2603 maome
509 2518 670 2588 dominice
687 2519 820 2588 ebionis
837 2525 1001 2608 mamper
1013 2535 1147 2606 papam.
1262 2517 1401 2604 capae.

309 2647 410 2720 Anno
427 2657 536 2720 autem
554 2648 674 2721 domini
691 2653 928 2726 mosomii.
942 2651 1027 2744 oepit
1037 2671 1176 2722 movere
1188 2649 1402 2744 questionem

260 2747 412 2836 visionis,
435 2749 469 2818 in
486 2769 548 2842 qua
567 2746 627 2822 sibi
643 2771 707 2831 rex
717 2747 918 2819 Francorum
930 2757 963 2818 et
974 2746 1115 2819 studium
1126 2747 1317 2818 Parisiense
1333 2768 1402 2817 re-

261 2845 411 2917 stiterunt
428 2867 491 2915 una
510 2869 584 2916 cum
601 2849 767 2938 magistris
785 2844 949 2940 theoloye.
968 2843 1064 2916 Unde
1082 2865 1166 2940 papa
1183 2855 1292 2917 motus
1311 2867 1403 2938 pro-

260 2949 398 3015 testatus
416 2941 474 3013 luit
490 2946 523 3013 in
541 2947 862 3017 consistorio·coram
880 2941 1096 3014 cardinalibus
1113 2942 1246 3038 prelatis
1266 2951 1300 3012 et
1311 2965 1403 3036 cap-

260 3039 412 3132 pellanis,
431 3039 515 3136 qood
533 3043 565 3111 in
582 3041 727 3135 predicta
746 3043 917 3135 questione
935 3039 1031 3134 nichil
1049 3039 1240 3134 diffiniendo,
1253 3037 1314 3111 sed
1333 3061 1403 3109 re-

260 3136 389 3208 citando
400 3136 539 3230 dixerat
558 3137 829 3235 etquodparatus
841 3147 913 3210 erat
930 3158 1092 3210 revocare
1111 3141 1139 3210 si
1151 3161 1220 3232 qua
1237 3145 1402 3209 erronea¹

261 3231 408 3308 dixisset.
426 3233 469 3306 Et
490 3235 601 3329 plures
626 3239 833 3308 auctoritates
857 3259 916 3331 pro
935 3245 968 3306 et
985 3246 1096 3307 contra
1115 3235 1312 3328 collegerat7
1331 3257 1402 3330 que

235 3329 237 3334 ’
261 3329 337 3402 fecit
359 3341 437 3403 tunc
458 3333 527 3424 legi
550 3337 583 3406 in
601 3338 794 3408 consistorio
812 3338 952 3430 quinque
970 3330 1086 3406 diebus
1105 3337 1191 3404 anno
1209 3331 1334 3404 domini
1354 3355 1402 3404 m.

261 3432 465 3503 eccmxxxiiii.
485 3453 503 3502 a
521 3430 606 3506 festo
624 3435 832 3504 innocentum
849 3453 954 3528 usque
974 3430 1014 3502 ad
1033 3429 1262 3526 epyphaniam.

263 3669 431 3760 Quomodo
448 3675 535 3762 cepit
544 3691 639 3762 popo
655 3661 816 3744 lctcnnce
839 3681 983 3744 trucum
1006 3674 1047 3741 dc
1070 3673 1236 3740 creatione
1260 3675 1407 3743 attentas

357 3773 573 3860 imperatoria,
597 3780 630 3841 ct
644 3792 717 3841 cam
733 3791 871 3860 quorum
887 3790 1020 3842 assensu
1038 3777 1071 3839 ct
1085 3788 1222 3857 quorum
1239 3773 1405 3852 daroma.

359 3889 361 3894 ’
1236 3869 1319 3957 Cap.
1339 3873 1406 3940 tot

308 3999 437 4075 Eodem
454 4019 540 4074 anno
558 3999 643 4074 circa
661 4000 802 4074 mediam
819 3999 1106 4097 quadragesimam
1127 3988 1241 4089 [1334
1252 4009 1348 4072 mttrn
1362 3999 1404 4093 3]
1445 4033 1446 4036 ¹

261 4101 381 4200 mocpu
396 4111 628 4178 uaotmermm
645 4111 773 4196 septem
791 4095 1008 4172 cardinalibus
1025 4121 1071 4170 ex
1087 4099 1321 4191 praenuntians
1339 4121 1408 4172 re-

300 4230 330 4303 1)
344 4231 450 4290 erronei
464 4229 510 4287 lis.'
644 4249 648 4255 ·
