<?xml version="1.0" encoding="UTF-8"?>
<!DOCTYPE html PUBLIC "-//W3C//DTD XHTML 1.0 Transitional//EN"
    "http://www.w3.org/TR/xhtml1/DTD/xhtml1-transitional.dtd">
<html xmlns="http://www.w3.org/1999/xhtml" xml:lang="en" lang="en">
 <head>
  <title>
</title>
<meta http-equiv="Content-Type" content="text/html;charset=utf-8" />
  <meta name='ocr-system' content='tesseract 3.04.00' />
  <meta name='ocr-capabilities' content='ocr_page ocr_carea ocr_par ocr_line ocrx_word'/>
</head>
<body>
  <div class='ocr_page' id='page_1' title='image "./fontesrerumgerm01hubegoog_0238.png"; bbox 0 0 2882 4818; ppageno 0'>
   <div class='ocr_carea' id='block_1_1' title="bbox 334 237 1156 318">
    <p class='ocr_par' dir='ltr' id='par_1_1' title="bbox 334 237 1156 318">
     <span class='ocr_line' id='line_1_1' title="bbox 334 237 1156 318; baseline 0.009 -16"><span class='ocrx_word' id='word_1_1' title='bbox 334 237 501 304; x_wconf 74' lang='grc' dir='ltr'><strong>ΙΑΠΙΙΑΒ</strong></span> <span class='ocrx_word' id='word_1_2' title='bbox 517 245 858 304; x_wconf 75' lang='lat' dir='ltr'><strong>ttttnwnnottnunltsts.</strong></span> <span class='ocrx_word' id='word_1_3' title='bbox 1091 244 1156 318; x_wconf 78' lang='grc'><strong>161</strong></span> 
     </span>
    </p>
   </div>
   <div class='ocr_carea' id='block_1_2' title="bbox 44 419 1161 613">
    <p class='ocr_par' dir='ltr' id='par_1_2' title="bbox 44 419 1161 613">
     <span class='ocr_line' id='line_1_2' title="bbox 44 419 1161 519; baseline 0.003 -29"><span class='ocrx_word' id='word_1_4' title='bbox 44 443 93 492; x_wconf 84' lang='lat' dir='ltr'><strong>nex</strong></span> <span class='ocrx_word' id='word_1_5' title='bbox 107 424 153 491; x_wconf 87' lang='lat' dir='ltr'><strong>in¹</strong></span> <span class='ocrx_word' id='word_1_6' title='bbox 174 421 348 495; x_wconf 80' lang='lat' dir='ltr'><strong>Austriuru</strong></span> <span class='ocrx_word' id='word_1_7' title='bbox 364 444 524 518; x_wconf 59' lang='lat' dir='ltr'><strong>pergens„</strong></span> <span class='ocrx_word' id='word_1_8' title='bbox 541 421 608 514; x_wconf 69' lang='lat' dir='ltr'><strong>diu,</strong></span> <span class='ocrx_word' id='word_1_9' title='bbox 626 445 796 519; x_wconf 78' lang='lat' dir='ltr'>quousque</span> <span class='ocrx_word' id='word_1_10' title='bbox 813 423 921 492; x_wconf 84' lang='lat' dir='ltr'><strong>omniu</strong></span> <span class='ocrx_word' id='word_1_11' title='bbox 939 419 1025 492; x_wconf 87' lang='lat' dir='ltr'><strong>bene</strong></span> <span class='ocrx_word' id='word_1_12' title='bbox 1043 419 1161 516; x_wconf 89' lang='lat' dir='ltr'><strong>dispo-</strong></span> 
     </span>
     <span class='ocr_line' id='line_1_3' title="bbox 44 520 529 613; baseline 0.012 -25"><span class='ocrx_word' id='word_1_13' title='bbox 44 523 106 606; x_wconf 75' lang='lat' dir='ltr'><strong>suit</strong></span> <span class='ocrx_word' id='word_1_14' title='bbox 123 523 306 613; x_wconf 81' lang='lat' dir='ltr'><strong>permensit</strong></span> <span class='ocrx_word' id='word_1_15' title='bbox 324 523 357 592; x_wconf 88' lang='lat' dir='ltr'><strong>in</strong></span> <span class='ocrx_word' id='word_1_16' title='bbox 374 520 529 594; x_wconf 88' lang='lat' dir='ltr'><strong>Wiennn.</strong></span> 
     </span>
    </p>
   </div>
   <div class='ocr_carea' id='block_1_3' title="bbox 43 670 1145 762">
    <p class='ocr_par' dir='ltr' id='par_1_3' title="bbox 43 670 1145 762">
     <span class='ocr_line' id='line_1_4' title="bbox 43 670 1145 762; baseline 0.003 -22"><span class='ocrx_word' id='word_1_17' title='bbox 43 672 82 740; x_wconf 79' lang='lat' dir='ltr'><strong>tte</strong></span> <span class='ocrx_word' id='word_1_18' title='bbox 96 677 244 744; x_wconf 67' lang='lat' dir='ltr'><strong>nmmo</strong></span> <span class='ocrx_word' id='word_1_19' title='bbox 261 675 339 744; x_wconf 81' lang='lat' dir='ltr'><strong>uoto</strong></span> <span class='ocrx_word' id='word_1_20' title='bbox 355 681 388 746; x_wconf 80' lang='lat' dir='ltr'><strong>et</strong></span> <span class='ocrx_word' id='word_1_21' title='bbox 401 672 522 757; x_wconf 76' lang='lat' dir='ltr'><strong>froude</strong></span> <span class='ocrx_word' id='word_1_22' title='bbox 539 678 629 762; x_wconf 76' lang='lat' dir='ltr'><strong>quod</strong></span> <span class='ocrx_word' id='word_1_23' title='bbox 643 694 705 746; x_wconf 78' lang='lat' dir='ltr'><strong>reu</strong></span> <span class='ocrx_word' id='word_1_24' title='bbox 722 671 881 758; x_wconf 78' lang='lat' dir='ltr'><strong>liudolfus</strong></span> <span class='ocrx_word' id='word_1_25' title='bbox 899 691 1043 762; x_wconf 81' lang='lat' dir='ltr'>uuquam</span> <span class='ocrx_word' id='word_1_26' title='bbox 1058 670 1145 757; x_wconf 75' lang='lat' dir='ltr'><strong>lectt</strong></span> 
     </span>
    </p>
   </div>
   <div class='ocr_carea' id='block_1_4' title="bbox 43 803 1165 2466">
    <p class='ocr_par' dir='ltr' id='par_1_4' title="bbox 43 803 1165 2466">
     <span class='ocr_line' id='line_1_5' title="bbox 82 803 1163 901; baseline 0.002 -26"><span class='ocrx_word' id='word_1_27' title='bbox 82 803 158 876; x_wconf 82' lang='lat' dir='ltr'><strong>Erat</strong></span> <span class='ocrx_word' id='word_1_28' title='bbox 176 815 288 876; x_wconf 88' lang='lat' dir='ltr'><strong>uutern</strong></span> <span class='ocrx_word' id='word_1_29' title='bbox 307 805 435 901; x_wconf 85' lang='lat' dir='ltr'><strong>quidem</strong></span> <span class='ocrx_word' id='word_1_30' title='bbox 453 817 570 900; x_wconf 90' lang='lat' dir='ltr'><strong>potens</strong></span> <span class='ocrx_word' id='word_1_31' title='bbox 588 829 700 880; x_wconf 82' lang='lat' dir='ltr'><strong>omnes</strong></span> <span class='ocrx_word' id='word_1_32' title='bbox 712 805 881 898; x_wconf 66' lang='lat' dir='ltr'><strong>Ungerus,</strong></span> <span class='ocrx_word' id='word_1_33' title='bbox 899 809 1031 877; x_wconf 87' lang='lat' dir='ltr'><strong>nomine</strong></span> <span class='ocrx_word' id='word_1_34' title='bbox 1042 805 1163 896; x_wconf 64' lang='lat' dir='ltr'><strong>Ywun,</strong></span> 
     </span>
     <span class='ocr_line' id='line_1_6' title="bbox 44 904 1162 998; baseline 0.002 -26"><span class='ocrx_word' id='word_1_35' title='bbox 44 907 87 996; x_wconf 81' lang='lat' dir='ltr'><strong>qui</strong></span> <span class='ocrx_word' id='word_1_36' title='bbox 102 925 219 995; x_wconf 86' lang='lat' dir='ltr'><strong>regem</strong></span> <span class='ocrx_word' id='word_1_37' title='bbox 239 905 450 978; x_wconf 81' lang='lat' dir='ltr'><strong>ctAustriom</strong></span> <span class='ocrx_word' id='word_1_38' title='bbox 461 905 635 998; x_wconf 87' lang='lat' dir='ltr'><strong>plurimum</strong></span> <span class='ocrx_word' id='word_1_39' title='bbox 646 905 825 994; x_wconf 61' lang='lat' dir='ltr'><strong>infestavit,</strong></span> <span class='ocrx_word' id='word_1_40' title='bbox 843 904 969 998; x_wconf 86' lang='lat' dir='ltr'><strong>pluries</strong></span> <span class='ocrx_word' id='word_1_41' title='bbox 978 913 1071 998; x_wconf 87' lang='lat' dir='ltr'><strong>puoto</strong></span> <span class='ocrx_word' id='word_1_42' title='bbox 1085 907 1162 974; x_wconf 89' lang='lat' dir='ltr'><strong>inito</strong></span> 
     </span>
     <span class='ocr_line' id='line_1_7' title="bbox 43 999 1164 1098; baseline 0.002 -29"><span class='ocrx_word' id='word_1_43' title='bbox 43 1003 115 1070; x_wconf 89' lang='lat' dir='ltr'><strong>iuter</strong></span> <span class='ocrx_word' id='word_1_44' title='bbox 131 1004 223 1096; x_wconf 88' lang='lat' dir='ltr'><strong>ipsos</strong></span> <span class='ocrx_word' id='word_1_45' title='bbox 241 1001 435 1094; x_wconf 77' lang='lat' dir='ltr'><strong>infringens.</strong></span> <span class='ocrx_word' id='word_1_46' title='bbox 479 1003 543 1074; x_wconf 93' lang='lat' dir='ltr'><strong>Pro</strong></span> <span class='ocrx_word' id='word_1_47' title='bbox 567 1023 631 1098; x_wconf 86' lang='lat' dir='ltr'><strong>quo</strong></span> <span class='ocrx_word' id='word_1_48' title='bbox 647 1026 711 1073; x_wconf 88' lang='lat' dir='ltr'><strong>rex</strong></span> <span class='ocrx_word' id='word_1_49' title='bbox 728 999 841 1074; x_wconf 88' lang='lat' dir='ltr'><strong>verbis</strong></span> <span class='ocrx_word' id='word_1_50' title='bbox 866 1001 1009 1096; x_wconf 82' lang='lat' dir='ltr'><strong>pacificis</strong></span> <span class='ocrx_word' id='word_1_51' title='bbox 1028 1005 1114 1074; x_wconf 86' lang='lat' dir='ltr'><strong>misit</strong></span> <span class='ocrx_word' id='word_1_52' title='bbox 1131 1005 1164 1072; x_wconf 92' lang='lat' dir='ltr'><strong>in</strong></span> 
     </span>
     <span class='ocr_line' id='line_1_8' title="bbox 44 1097 1165 1194; baseline 0.003 -27"><span class='ocrx_word' id='word_1_53' title='bbox 44 1097 116 1169; x_wconf 88' lang='lat' dir='ltr'><strong>loto.</strong></span> <span class='ocrx_word' id='word_1_54' title='bbox 158 1097 292 1171; x_wconf 86' lang='lat' dir='ltr'><strong>Etcum</strong></span> <span class='ocrx_word' id='word_1_55' title='bbox 310 1104 461 1174; x_wconf 89' lang='lat' dir='ltr'><strong>venisset</strong></span> <span class='ocrx_word' id='word_1_56' title='bbox 473 1100 666 1188; x_wconf 55' lang='lat' dir='ltr'><strong>Wiennemq</strong></span> <span class='ocrx_word' id='word_1_57' title='bbox 691 1103 850 1194; x_wconf 86' lang='lat' dir='ltr'><strong>timorque</strong></span> <span class='ocrx_word' id='word_1_58' title='bbox 880 1103 1044 1172; x_wconf 86' lang='lat' dir='ltr'><strong>irruisset²</strong></span> <span class='ocrx_word' id='word_1_59' title='bbox 1063 1123 1165 1193; x_wconf 91' lang='lat' dir='ltr'><strong>super</strong></span> 
     </span>
     <span class='ocr_line' id='line_1_9' title="bbox 44 1195 1162 1294; baseline 0.003 -29"><span class='ocrx_word' id='word_1_60' title='bbox 44 1219 125 1284; x_wconf 52' lang='lat' dir='ltr'><strong>euruq</strong></span> <span class='ocrx_word' id='word_1_61' title='bbox 153 1195 319 1270; x_wconf 84' lang='lat' dir='ltr'><strong>accedens</strong></span> <span class='ocrx_word' id='word_1_62' title='bbox 348 1221 497 1272; x_wconf 85' lang='lat' dir='ltr'><strong>mensum</strong></span> <span class='ocrx_word' id='word_1_63' title='bbox 524 1202 615 1291; x_wconf 84' lang='lat' dir='ltr'><strong>regis</strong></span> <span class='ocrx_word' id='word_1_64' title='bbox 644 1197 721 1270; x_wconf 90' lang='lat' dir='ltr'>bibit</span> <span class='ocrx_word' id='word_1_65' title='bbox 737 1197 779 1268; x_wconf 90' lang='lat' dir='ltr'><strong>de</strong></span> <span class='ocrx_word' id='word_1_66' title='bbox 798 1198 874 1294; x_wconf 82' lang='lat' dir='ltr'><strong>cylo</strong></span> <span class='ocrx_word' id='word_1_67' title='bbox 892 1201 1004 1289; x_wconf 50' lang='lat' dir='ltr'><strong>regisa</strong></span> <span class='ocrx_word' id='word_1_68' title='bbox 1032 1196 1162 1268; x_wconf 89' lang='lat' dir='ltr'><strong>dicens:</strong></span> 
     </span>
     <span class='ocr_line' id='line_1_10' title="bbox 45 1295 1162 1388; baseline 0.004 -27"><span class='ocrx_word' id='word_1_69' title='bbox 45 1295 131 1364; x_wconf 54' lang='lat' dir='ltr'><strong>ilceto</strong></span> <span class='ocrx_word' id='word_1_70' title='bbox 153 1315 225 1366; x_wconf 83' lang='lat' dir='ltr'><strong>sum</strong></span> <span class='ocrx_word' id='word_1_71' title='bbox 248 1317 389 1386; x_wconf 75' lang='lat' dir='ltr'><strong>secono,</strong></span> <span class='ocrx_word' id='word_1_72' title='bbox 417 1301 475 1386; x_wconf 82' lang='lat' dir='ltr'><strong>put</strong></span> <span class='ocrx_word' id='word_1_73' title='bbox 501 1299 569 1367; x_wconf 72' lang='lat' dir='ltr'><strong>otte·</strong></span> <span class='ocrx_word' id='word_1_74' title='bbox 591 1317 663 1368; x_wconf 86' lang='lat' dir='ltr'><strong>com</strong></span> <span class='ocrx_word' id='word_1_75' title='bbox 685 1297 843 1388; x_wconf 84' lang='lat' dir='ltr'><strong>probiore</strong></span> <span class='ocrx_word' id='word_1_76' title='bbox 870 1301 999 1366; x_wconf 81' lang='lat' dir='ltr'><strong>vivente.</strong></span> <span class='ocrx_word' id='word_1_77' title='bbox 1035 1295 1162 1366; x_wconf 84' lang='lat' dir='ltr'><strong>Verum</strong></span> 
     </span>
     <span class='ocr_line' id='line_1_11' title="bbox 44 1392 1163 1488; baseline 0.003 -28"><span class='ocrx_word' id='word_1_78' title='bbox 44 1395 139 1462; x_wconf 83' lang='lat' dir='ltr'><strong>stetim</strong></span> <span class='ocrx_word' id='word_1_79' title='bbox 155 1403 231 1487; x_wconf 89' lang='lat' dir='ltr'><strong>post</strong></span> <span class='ocrx_word' id='word_1_80' title='bbox 248 1416 398 1467; x_wconf 86' lang='lat' dir='ltr'><strong>mensem</strong></span> <span class='ocrx_word' id='word_1_81' title='bbox 416 1405 565 1488; x_wconf 82' lang='lat' dir='ltr'><strong>arreptus</strong></span> <span class='ocrx_word' id='word_1_82' title='bbox 584 1394 644 1468; x_wconf 85' lang='lat' dir='ltr'><strong>sub</strong></span> <span class='ocrx_word' id='word_1_83' title='bbox 662 1395 770 1488; x_wconf 79' lang='lat' dir='ltr'><strong>glacie</strong></span> <span class='ocrx_word' id='word_1_84' title='bbox 794 1403 847 1466; x_wconf 88' lang='lat' dir='ltr'><strong>est</strong></span> <span class='ocrx_word' id='word_1_85' title='bbox 871 1392 1073 1466; x_wconf 83' lang='lat' dir='ltr'><strong>submersus.</strong></span> <span class='ocrx_word' id='word_1_86' title='bbox 1096 1393 1163 1464; x_wconf 92' lang='lat' dir='ltr'><strong>Vi-</strong></span> 
     </span>
     <span class='ocr_line' id='line_1_12' title="bbox 44 1487 1163 1586; baseline 0.004 -28"><span class='ocrx_word' id='word_1_87' title='bbox 44 1487 116 1559; x_wconf 86' lang='lat' dir='ltr'><strong>dens</strong></span> <span class='ocrx_word' id='word_1_88' title='bbox 134 1501 243 1561; x_wconf 82' lang='lat' dir='ltr'><strong>sutem</strong></span> <span class='ocrx_word' id='word_1_89' title='bbox 261 1492 390 1586; x_wconf 88' lang='lat' dir='ltr'><strong>quidum</strong></span> <span class='ocrx_word' id='word_1_90' title='bbox 408 1491 450 1562; x_wconf 90' lang='lat' dir='ltr'><strong>de</strong></span> <span class='ocrx_word' id='word_1_91' title='bbox 467 1490 558 1564; x_wconf 90' lang='lat' dir='ltr'><strong>Liele</strong></span> <span class='ocrx_word' id='word_1_92' title='bbox 583 1495 741 1584; x_wconf 83' lang='lat' dir='ltr'><strong>magister</strong></span> <span class='ocrx_word' id='word_1_93' title='bbox 764 1492 899 1563; x_wconf 86' lang='lat' dir='ltr'><strong>militum</strong></span> <span class='ocrx_word' id='word_1_94' title='bbox 924 1495 1163 1585; x_wconf 68' lang='lat' dir='ltr'><strong>urrepoionern,</strong></span> 
     </span>
     <span class='ocr_line' id='line_1_13' title="bbox 43 1587 1162 1683; baseline 0.004 -28"><span class='ocrx_word' id='word_1_95' title='bbox 43 1590 123 1657; x_wconf 88' lang='lat' dir='ltr'><strong>irruit</strong></span> <span class='ocrx_word' id='word_1_96' title='bbox 145 1591 177 1658; x_wconf 96' lang='lat' dir='ltr'><strong>iu</strong></span> <span class='ocrx_word' id='word_1_97' title='bbox 201 1587 347 1680; x_wconf 83' lang='lat' dir='ltr'>gladium</span> <span class='ocrx_word' id='word_1_98' title='bbox 371 1611 430 1683; x_wconf 95' lang='lat' dir='ltr'><strong>pro</strong></span> <span class='ocrx_word' id='word_1_99' title='bbox 454 1591 540 1662; x_wconf 90' lang='lat' dir='ltr'><strong>illius</strong></span> <span class='ocrx_word' id='word_1_100' title='bbox 565 1588 771 1677; x_wconf 65' lang='lat' dir='ltr'><strong>defensione,</strong></span> <span class='ocrx_word' id='word_1_101' title='bbox 798 1611 882 1681; x_wconf 85' lang='lat' dir='ltr'><strong>rege</strong></span> <span class='ocrx_word' id='word_1_102' title='bbox 907 1611 989 1660; x_wconf 89' lang='lat' dir='ltr'><strong>vero</strong></span> <span class='ocrx_word' id='word_1_103' title='bbox 1017 1588 1162 1660; x_wconf 89' lang='lat' dir='ltr'><strong>dicente:</strong></span> 
     </span>
     <span class='ocr_line' id='line_1_14' title="bbox 45 1684 1162 1783; baseline 0.004 -30"><span class='ocrx_word' id='word_1_104' title='bbox 45 1684 178 1755; x_wconf 78' lang='lat' dir='ltr'><strong>llen&#39;ste!</strong></span> <span class='ocrx_word' id='word_1_105' title='bbox 196 1691 277 1774; x_wconf 81' lang='lat' dir='ltr'><strong>quid</strong></span> <span class='ocrx_word' id='word_1_106' title='bbox 293 1692 341 1758; x_wconf 85' lang='lat' dir='ltr'><strong>ud</strong></span> <span class='ocrx_word' id='word_1_107' title='bbox 356 1690 409 1760; x_wconf 81' lang='lat' dir='ltr'><strong>tc?</strong></span> <span class='ocrx_word' id='word_1_108' title='bbox 433 1687 551 1760; x_wconf 90' lang='lat' dir='ltr'><strong>videns</strong></span> <span class='ocrx_word' id='word_1_109' title='bbox 568 1688 739 1783; x_wconf 86' lang='lat' dir='ltr'><strong>perlidinrn</strong></span> <span class='ocrx_word' id='word_1_110' title='bbox 756 1690 860 1778; x_wconf 62' lang='lat' dir='ltr'><strong>regis,</strong></span> <span class='ocrx_word' id='word_1_111' title='bbox 880 1709 1012 1757; x_wconf 87' lang='lat' dir='ltr'><strong>merens</strong></span> <span class='ocrx_word' id='word_1_112' title='bbox 1030 1689 1162 1781; x_wconf 91' lang='lat' dir='ltr'><strong>quievit.</strong></span> 
     </span>
     <span class='ocr_line' id='line_1_15' title="bbox 43 1781 1163 1880; baseline 0.004 -29"><span class='ocrx_word' id='word_1_113' title='bbox 43 1781 169 1868; x_wconf 80' lang='lat' dir='ltr'><strong>Quidum</strong></span> <span class='ocrx_word' id='word_1_114' title='bbox 188 1807 270 1857; x_wconf 91' lang='lat' dir='ltr'><strong>vero</strong></span> <span class='ocrx_word' id='word_1_115' title='bbox 289 1787 396 1876; x_wconf 62' lang='lat' dir='ltr'><strong>mileo,</strong></span> <span class='ocrx_word' id='word_1_116' title='bbox 421 1789 474 1880; x_wconf 89' lang='lat' dir='ltr'><strong>qui</strong></span> <span class='ocrx_word' id='word_1_117' title='bbox 499 1809 575 1857; x_wconf 88' lang='lat' dir='ltr'><strong>eurn</strong></span> <span class='ocrx_word' id='word_1_118' title='bbox 599 1783 731 1857; x_wconf 91' lang='lat' dir='ltr'><strong>iubente</strong></span> <span class='ocrx_word' id='word_1_119' title='bbox 754 1807 837 1878; x_wconf 86' lang='lat' dir='ltr'><strong>rege</strong></span> <span class='ocrx_word' id='word_1_120' title='bbox 860 1784 925 1856; x_wconf 91' lang='lat' dir='ltr'><strong>illic</strong></span> <span class='ocrx_word' id='word_1_121' title='bbox 948 1785 1163 1878; x_wconf 70' lang='lat' dir='ltr'><strong>conduxerat,</strong></span> 
     </span>
     <span class='ocr_line' id='line_1_16' title="bbox 45 1879 1163 1980; baseline 0.007 -32"><span class='ocrx_word' id='word_1_122' title='bbox 45 1879 153 1952; x_wconf 75' lang='lat' dir='ltr'><strong>tideus</strong></span> <span class='ocrx_word' id='word_1_123' title='bbox 171 1904 235 1976; x_wconf 84' lang='lat' dir='ltr'><strong>que</strong></span> <span class='ocrx_word' id='word_1_124' title='bbox 252 1881 375 1955; x_wconf 88' lang='lat' dir='ltr'><strong>fiebunt</strong></span> <span class='ocrx_word' id='word_1_125' title='bbox 396 1905 513 1980; x_wconf 88' lang='lat' dir='ltr'><strong>perse</strong></span> <span class='ocrx_word' id='word_1_126' title='bbox 538 1883 686 1977; x_wconf 88' lang='lat' dir='ltr'><strong>impediri</strong></span> <span class='ocrx_word' id='word_1_127' title='bbox 709 1905 775 1956; x_wconf 91' lang='lat' dir='ltr'><strong>nou</strong></span> <span class='ocrx_word' id='word_1_128' title='bbox 792 1903 906 1977; x_wconf 60' lang='lat' dir='ltr'><strong>posse,</strong></span> <span class='ocrx_word' id='word_1_129' title='bbox 932 1886 1024 1976; x_wconf 83' lang='lat' dir='ltr'><strong>quusi</strong></span> <span class='ocrx_word' id='word_1_130' title='bbox 1047 1905 1163 1956; x_wconf 86' lang='lat' dir='ltr'><strong>omens</strong></span> 
     </span>
     <span class='ocr_line' id='line_1_17' title="bbox 44 1975 1165 2074; baseline 0.009 -30"><span class='ocrx_word' id='word_1_131' title='bbox 44 1975 152 2068; x_wconf 72' lang='lat' dir='ltr'><strong>luctus,</strong></span> <span class='ocrx_word' id='word_1_132' title='bbox 177 1991 293 2074; x_wconf 85' lang='lat' dir='ltr'><strong>posteo</strong></span> <span class='ocrx_word' id='word_1_133' title='bbox 316 2003 377 2074; x_wconf 90' lang='lat' dir='ltr'><strong>pre</strong></span> <span class='ocrx_word' id='word_1_134' title='bbox 400 1981 602 2052; x_wconf 82' lang='lat' dir='ltr'><strong>verecundia</strong></span> <span class='ocrx_word' id='word_1_135' title='bbox 627 1981 772 2053; x_wconf 70' lang='lat' dir='ltr'>latitavit..</span> <span class='ocrx_word' id='word_1_136' title='bbox 892 1979 974 2050; x_wconf 87' lang='lat' dir='ltr'><strong>Cum</strong></span> <span class='ocrx_word' id='word_1_137' title='bbox 998 1992 1107 2052; x_wconf 84' lang='lat' dir='ltr'><strong>eutem</strong></span> <span class='ocrx_word' id='word_1_138' title='bbox 1131 1985 1165 2054; x_wconf 91' lang='lat' dir='ltr'><strong>in</strong></span> 
     </span>
     <span class='ocr_line' id='line_1_18' title="bbox 43 2071 1164 2172; baseline 0.008 -32"><span class='ocrx_word' id='word_1_139' title='bbox 43 2071 177 2146; x_wconf 83' lang='lat' dir='ltr'><strong>Wienna</strong></span> <span class='ocrx_word' id='word_1_140' title='bbox 200 2087 300 2149; x_wconf 90' lang='lat' dir='ltr'><strong>nocte</strong></span> <span class='ocrx_word' id='word_1_141' title='bbox 323 2079 436 2150; x_wconf 81' lang='lat' dir='ltr'><strong>tamuti</strong></span> <span class='ocrx_word' id='word_1_142' title='bbox 453 2087 571 2152; x_wconf 89' lang='lat' dir='ltr'><strong>euntes</strong></span> <span class='ocrx_word' id='word_1_143' title='bbox 594 2100 654 2172; x_wconf 93' lang='lat' dir='ltr'><strong>pro</strong></span> <span class='ocrx_word' id='word_1_144' title='bbox 672 2081 750 2152; x_wconf 86' lang='lat' dir='ltr'><strong>vino</strong></span> <span class='ocrx_word' id='word_1_145' title='bbox 774 2077 994 2171; x_wconf 80' lang='lat' dir='ltr'><strong>spoliarentur</strong></span> <span class='ocrx_word' id='word_1_146' title='bbox 1017 2087 1050 2149; x_wconf 93' lang='lat' dir='ltr'><strong>et</strong></span> <span class='ocrx_word' id='word_1_147' title='bbox 1073 2083 1164 2152; x_wconf 88' lang='lat' dir='ltr'><strong>resi-</strong></span> 
     </span>
     <span class='ocr_line' id='line_1_19' title="bbox 45 2173 1165 2270; baseline 0.008 -31"><span class='ocrx_word' id='word_1_148' title='bbox 45 2181 159 2246; x_wconf 88' lang='lat' dir='ltr'><strong>stentes</strong></span> <span class='ocrx_word' id='word_1_149' title='bbox 176 2175 442 2268; x_wconf 71' lang='lat' dir='ltr'><strong>vulnerarentur,</strong></span> <span class='ocrx_word' id='word_1_150' title='bbox 460 2175 646 2248; x_wconf 83' lang='lat' dir='ltr'><strong>Friderious</strong></span> <span class='ocrx_word' id='word_1_151' title='bbox 665 2198 777 2248; x_wconf 82' lang='lat' dir='ltr'><strong>coines</strong></span> <span class='ocrx_word' id='word_1_152' title='bbox 795 2173 837 2244; x_wconf 90' lang='lat' dir='ltr'><strong>de</strong></span> <span class='ocrx_word' id='word_1_153' title='bbox 848 2173 1008 2266; x_wconf 74' lang='lat' dir='ltr'><strong>Liningen</strong></span> <span class='ocrx_word' id='word_1_154' title='bbox 1026 2177 1165 2270; x_wconf 85' lang='lat' dir='ltr'><strong>quodum</strong></span> 
     </span>
     <span class='ocr_line' id='line_1_20' title="bbox 45 2273 1164 2368; baseline 0.005 -30"><span class='ocrx_word' id='word_1_155' title='bbox 45 2281 142 2360; x_wconf 63' lang='lat' dir='ltr'><strong>nocte,</strong></span> <span class='ocrx_word' id='word_1_156' title='bbox 166 2295 344 2346; x_wconf 82' lang='lat' dir='ltr'><strong>assumens</strong></span> <span class='ocrx_word' id='word_1_157' title='bbox 362 2273 484 2344; x_wconf 86' lang='lat' dir='ltr'><strong>Gruem</strong></span> <span class='ocrx_word' id='word_1_158' title='bbox 502 2274 635 2346; x_wconf 85' lang='lat' dir='ltr'><strong>militem</strong></span> <span class='ocrx_word' id='word_1_159' title='bbox 654 2296 764 2364; x_wconf 63' lang='lat' dir='ltr'><strong>suurn,</strong></span> <span class='ocrx_word' id='word_1_160' title='bbox 787 2274 1006 2368; x_wconf 83' lang='lat' dir='ltr'><strong>personaliter</strong></span> <span class='ocrx_word' id='word_1_161' title='bbox 1022 2277 1081 2345; x_wconf 89' lang='lat' dir='ltr'>ivit</span> <span class='ocrx_word' id='word_1_162' title='bbox 1104 2297 1164 2367; x_wconf 90' lang='lat' dir='ltr'><strong>pro</strong></span> 
     </span>
     <span class='ocr_line' id='line_1_21' title="bbox 46 2369 1164 2466; baseline 0.005 -30"><span class='ocrx_word' id='word_1_163' title='bbox 46 2369 125 2456; x_wconf 65' lang='lat' dir='ltr'><strong>nino,</strong></span> <span class='ocrx_word' id='word_1_164' title='bbox 143 2379 177 2440; x_wconf 90' lang='lat' dir='ltr'><strong>et</strong></span> <span class='ocrx_word' id='word_1_165' title='bbox 193 2373 356 2444; x_wconf 79' lang='lat' dir='ltr'><strong>circuiens</strong></span> <span class='ocrx_word' id='word_1_166' title='bbox 373 2371 516 2466; x_wconf 88' lang='lat' dir='ltr'><strong>undique</strong></span> <span class='ocrx_word' id='word_1_167' title='bbox 535 2394 609 2444; x_wconf 90' lang='lat' dir='ltr'><strong>cum</strong></span> <span class='ocrx_word' id='word_1_168' title='bbox 627 2383 739 2444; x_wconf 82' lang='lat' dir='ltr'><strong>cantro</strong></span> <span class='ocrx_word' id='word_1_169' title='bbox 756 2381 908 2464; x_wconf 80' lang='lat' dir='ltr'><strong>tauquam</strong></span> <span class='ocrx_word' id='word_1_170' title='bbox 927 2373 1068 2462; x_wconf 59' lang='lat' dir='ltr'><strong>garcio„</strong></span> <span class='ocrx_word' id='word_1_171' title='bbox 1086 2391 1164 2442; x_wconf 88' lang='lat' dir='ltr'><strong>orn-</strong></span> 
     </span>
    </p>
   </div>
   <div class='ocr_carea' id='block_1_5' title="bbox 45 2466 1163 2634">
    <p class='ocr_par' dir='ltr' id='par_1_5' title="bbox 45 2466 1163 2634">
     <span class='ocr_line' id='line_1_22' title="bbox 45 2466 1163 2634; baseline 0.007 -102"><span class='ocrx_word' id='word_1_172' title='bbox 45 2485 98 2534; x_wconf 90' lang='lat' dir='ltr'><strong>nes</strong></span> <span class='ocrx_word' id='word_1_173' title='bbox 113 2469 143 2537; x_wconf 92' lang='lat' dir='ltr'><strong>in</strong></span> <span class='ocrx_word' id='word_1_174' title='bbox 162 2489 239 2539; x_wconf 88' lang='lat' dir='ltr'><strong>eum</strong></span> <span class='ocrx_word' id='word_1_175' title='bbox 256 2473 420 2542; x_wconf 84' lang='lat' dir='ltr'><strong>irruentes</strong></span> <span class='ocrx_word' id='word_1_176' title='bbox 437 2469 565 2558; x_wconf 70' lang='lat' dir='ltr'><strong>occidit</strong></span> <span class='ocrx_word' id='word_1_177' title='bbox 585 2478 617 2539; x_wconf 91' lang='lat' dir='ltr'><strong>et</strong></span> <span class='ocrx_word' id='word_1_178' title='bbox 628 2473 800 2564; x_wconf 79' lang='lat' dir='ltr'><strong>amputatis</strong></span> <span class='ocrx_word' id='word_1_179' title='bbox 813 2466 968 2634; x_wconf 59' lang='lat' dir='ltr'><strong>capitibus</strong></span> <span class='ocrx_word' id='word_1_180' title='bbox 981 2467 1163 2558; x_wconf 58' lang='lat' dir='ltr'><strong>cuiuslibet,</strong></span> 
     </span>
    </p>
   </div>
   <div class='ocr_carea' id='block_1_6' title="bbox 44 2559 1165 3932">
    <p class='ocr_par' dir='ltr' id='par_1_6' title="bbox 44 2559 1165 3932">
     <span class='ocr_line' id='line_1_23' title="bbox 45 2559 806 2662; baseline 0.008 -31"><span class='ocrx_word' id='word_1_181' title='bbox 45 2559 121 2634; x_wconf 86' lang='lat' dir='ltr'><strong>Grus</strong></span> <span class='ocrx_word' id='word_1_182' title='bbox 137 2563 269 2638; x_wconf 76' lang='lat' dir='ltr'><strong>cuilibet</strong></span> <span class='ocrx_word' id='word_1_183' title='bbox 286 2578 383 2662; x_wconf 83' lang='lat' dir='ltr'><strong>caput</strong></span> <span class='ocrx_word' id='word_1_184' title='bbox 399 2569 508 2662; x_wconf 89' lang='lat' dir='ltr'><strong>posuit</strong></span> <span class='ocrx_word' id='word_1_185' title='bbox 525 2589 627 2662; x_wconf 86' lang='lat' dir='ltr'><strong>super</strong></span> <span class='ocrx_word' id='word_1_186' title='bbox 643 2578 806 2638; x_wconf 83' lang='lat' dir='ltr'><strong>ventrem.</strong></span> 
     </span>
     <span class='ocr_line' id='line_1_24' title="bbox 46 2661 1163 2758; baseline 0.004 -26"><span class='ocrx_word' id='word_1_187' title='bbox 46 2671 137 2752; x_wconf 70' lang='lat' dir='ltr'><strong>porto,</strong></span> <span class='ocrx_word' id='word_1_188' title='bbox 161 2664 276 2758; x_wconf 89' lang='lat' dir='ltr'><strong>plures</strong></span> <span class='ocrx_word' id='word_1_189' title='bbox 294 2668 415 2737; x_wconf 87' lang='lat' dir='ltr'><strong>civium</strong></span> <span class='ocrx_word' id='word_1_190' title='bbox 433 2664 517 2736; x_wconf 87' lang='lat' dir='ltr'><strong>lilios</strong></span> <span class='ocrx_word' id='word_1_191' title='bbox 535 2668 676 2755; x_wconf 72' lang='lat' dir='ltr'><strong>occisos7</strong></span> <span class='ocrx_word' id='word_1_192' title='bbox 701 2667 825 2736; x_wconf 88' lang='lat' dir='ltr'><strong>clamor</strong></span> <span class='ocrx_word' id='word_1_193' title='bbox 848 2661 953 2734; x_wconf 85' lang='lat' dir='ltr'><strong>luctus</strong></span> <span class='ocrx_word' id='word_1_194' title='bbox 979 2676 1030 2737; x_wconf 91' lang='lat' dir='ltr'><strong>est</strong></span> <span class='ocrx_word' id='word_1_195' title='bbox 1053 2687 1163 2737; x_wconf 81' lang='lat' dir='ltr'><strong>corant</strong></span> 
     </span>
     <span class='ocr_line' id='line_1_25' title="bbox 45 2759 1163 2856; baseline 0.009 -32"><span class='ocrx_word' id='word_1_196' title='bbox 45 2777 125 2850; x_wconf 83' lang='lat' dir='ltr'><strong>rege.</strong></span> <span class='ocrx_word' id='word_1_197' title='bbox 166 2759 236 2831; x_wconf 86' lang='lat' dir='ltr'><strong>Sed</strong></span> <span class='ocrx_word' id='word_1_198' title='bbox 261 2765 333 2856; x_wconf 92' lang='lat' dir='ltr'><strong>quis</strong></span> <span class='ocrx_word' id='word_1_199' title='bbox 357 2762 491 2852; x_wconf 62' lang='lat' dir='ltr'><strong>feeerit,</strong></span> <span class='ocrx_word' id='word_1_200' title='bbox 518 2783 616 2833; x_wconf 88' lang='lat' dir='ltr'><strong>nemo</strong></span> <span class='ocrx_word' id='word_1_201' title='bbox 640 2765 745 2834; x_wconf 86' lang='lat' dir='ltr'><strong>scivit.</strong></span> <span class='ocrx_word' id='word_1_202' title='bbox 792 2759 1028 2852; x_wconf 80' lang='lat' dir='ltr'><strong>Progrediente</strong></span> <span class='ocrx_word' id='word_1_203' title='bbox 1047 2771 1163 2834; x_wconf 80' lang='lat' dir='ltr'><strong>-autenu</strong></span> 
     </span>
     <span class='ocr_line' id='line_1_26' title="bbox 45 2857 1163 2954; baseline 0.007 -30"><span class='ocrx_word' id='word_1_204' title='bbox 45 2875 115 2946; x_wconf 81' lang='lat' dir='ltr'><strong>rege</strong></span> <span class='ocrx_word' id='word_1_205' title='bbox 131 2857 174 2928; x_wconf 85' lang='lat' dir='ltr'><strong>ud</strong></span> <span class='ocrx_word' id='word_1_206' title='bbox 191 2862 327 2932; x_wconf 78' lang='lat' dir='ltr'><strong>ruissent</strong></span> <span class='ocrx_word' id='word_1_207' title='bbox 351 2869 384 2930; x_wconf 92' lang='lat' dir='ltr'><strong>et</strong></span> <span class='ocrx_word' id='word_1_208' title='bbox 408 2869 568 2954; x_wconf 88' lang='lat' dir='ltr'><strong>sequente</strong></span> <span class='ocrx_word' id='word_1_209' title='bbox 590 2881 666 2930; x_wconf 87' lang='lat' dir='ltr'><strong>eum</strong></span> <span class='ocrx_word' id='word_1_210' title='bbox 683 2859 861 2948; x_wconf 66' lang='lat' dir='ltr'><strong>truteno„</strong></span> <span class='ocrx_word' id='word_1_211' title='bbox 885 2858 1039 2931; x_wconf 83' lang='lat' dir='ltr'><strong>videnrnt</strong></span> <span class='ocrx_word' id='word_1_212' title='bbox 1063 2883 1163 2932; x_wconf 89' lang='lat' dir='ltr'><strong>unum</strong></span> 
     </span>
     <span class='ocr_line' id='line_1_27' title="bbox 44 2953 1165 3053; baseline 0.01 -34"><span class='ocrx_word' id='word_1_213' title='bbox 44 2953 69 3020; x_wconf 91' lang='lat' dir='ltr'><strong>in</strong></span> <span class='ocrx_word' id='word_1_214' title='bbox 90 2965 186 3027; x_wconf 80' lang='lat' dir='ltr'><strong>stratu</strong></span> <span class='ocrx_word' id='word_1_215' title='bbox 211 2961 375 3048; x_wconf 65' lang='lat' dir='ltr'><strong>occisum7</strong></span> <span class='ocrx_word' id='word_1_216' title='bbox 401 2967 497 3053; x_wconf 85' lang='lat' dir='ltr'><strong>caput</strong></span> <span class='ocrx_word' id='word_1_217' title='bbox 519 2981 585 3029; x_wconf 93' lang='lat' dir='ltr'><strong>non</strong></span> <span class='ocrx_word' id='word_1_218' title='bbox 609 2979 711 3052; x_wconf 85' lang='lat' dir='ltr'><strong>super</strong></span> <span class='ocrx_word' id='word_1_219' title='bbox 735 2967 888 3029; x_wconf 88' lang='lat' dir='ltr'><strong>ventrem</strong></span> <span class='ocrx_word' id='word_1_220' title='bbox 913 2953 1107 3050; x_wconf 67' lang='lat' dir='ltr'><strong>habentem,</strong></span> <span class='ocrx_word' id='word_1_221' title='bbox 1132 2967 1165 3030; x_wconf 88' lang='lat' dir='ltr'><strong>et</strong></span> 
     </span>
     <span class='ocr_line' id='line_1_28' title="bbox 45 3047 1164 3145; baseline 0.011 -29"><span class='ocrx_word' id='word_1_222' title='bbox 45 3047 158 3123; x_wconf 88' lang='lat' dir='ltr'><strong>dicente</strong></span> <span class='ocrx_word' id='word_1_223' title='bbox 176 3056 261 3126; x_wconf 84' lang='lat' dir='ltr'><strong>clem</strong></span> <span class='ocrx_word' id='word_1_224' title='bbox 279 3053 445 3126; x_wconf 84' lang='lat' dir='ltr'><strong>Friderico</strong></span> <span class='ocrx_word' id='word_1_225' title='bbox 463 3053 504 3124; x_wconf 86' lang='lat' dir='ltr'><strong>ud</strong></span> <span class='ocrx_word' id='word_1_226' title='bbox 521 3054 661 3127; x_wconf 81' lang='lat' dir='ltr'><strong>Gruent:</strong></span> <span class='ocrx_word' id='word_1_227' title='bbox 686 3058 758 3126; x_wconf 83' lang='lat' dir='ltr'><strong>Non</strong></span> <span class='ocrx_word' id='word_1_228' title='bbox 775 3065 862 3126; x_wconf 83' lang='lat' dir='ltr'><strong>recte</strong></span> <span class='ocrx_word' id='word_1_229' title='bbox 879 3056 930 3123; x_wconf 81' lang='lat' dir='ltr'><strong>illi</strong></span> <span class='ocrx_word' id='word_1_230' title='bbox 945 3053 1065 3145; x_wconf 56' lang='lat' dir='ltr'><strong>fecisti„</strong></span> <span class='ocrx_word' id='word_1_231' title='bbox 1102 3077 1164 3128; x_wconf 84' lang='lat' dir='ltr'><strong>rex</strong></span> 
     </span>
     <span class='ocr_line' id='line_1_29' title="bbox 45 3147 1164 3248; baseline 0.008 -33"><span class='ocrx_word' id='word_1_232' title='bbox 45 3147 180 3240; x_wconf 68' lang='lat' dir='ltr'><strong>audiens,</strong></span> <span class='ocrx_word' id='word_1_233' title='bbox 198 3163 274 3248; x_wconf 89' lang='lat' dir='ltr'><strong>post</strong></span> <span class='ocrx_word' id='word_1_234' title='bbox 291 3155 324 3223; x_wconf 96' lang='lat' dir='ltr'><strong>in</strong></span> <span class='ocrx_word' id='word_1_235' title='bbox 342 3175 473 3224; x_wconf 77' lang='lat' dir='ltr'><strong>canneru</strong></span> <span class='ocrx_word' id='word_1_236' title='bbox 492 3175 635 3248; x_wconf 89' lang='lat' dir='ltr'><strong>querens</strong></span> <span class='ocrx_word' id='word_1_237' title='bbox 653 3179 672 3224; x_wconf 84' lang='lat' dir='ltr'>a</span> <span class='ocrx_word' id='word_1_238' title='bbox 690 3153 869 3239; x_wconf 63' lang='lat' dir='ltr'><strong>ruderico„</strong></span> <span class='ocrx_word' id='word_1_239' title='bbox 885 3161 918 3221; x_wconf 92' lang='lat' dir='ltr'><strong>et</strong></span> <span class='ocrx_word' id='word_1_240' title='bbox 938 3153 1075 3224; x_wconf 87' lang='lat' dir='ltr'><strong>audiens</strong></span> <span class='ocrx_word' id='word_1_241' title='bbox 1089 3152 1164 3224; x_wconf 82' lang='lat' dir='ltr'><strong>lecti</strong></span> 
     </span>
     <span class='ocr_line' id='line_1_30' title="bbox 45 3247 1161 3342; baseline 0.008 -28"><span class='ocrx_word' id='word_1_242' title='bbox 45 3251 164 3338; x_wconf 74' lang='lat' dir='ltr'><strong>seriem7</strong></span> <span class='ocrx_word' id='word_1_243' title='bbox 190 3249 409 3323; x_wconf 83' lang='lat' dir='ltr'><strong>comendavit.</strong></span> <span class='ocrx_word' id='word_1_244' title='bbox 452 3250 505 3320; x_wconf 86' lang='lat' dir='ltr'><strong>De</strong></span> <span class='ocrx_word' id='word_1_245' title='bbox 532 3253 626 3323; x_wconf 90' lang='lat' dir='ltr'><strong>ouius</strong></span> <span class='ocrx_word' id='word_1_246' title='bbox 646 3250 815 3341; x_wconf 68' lang='lat' dir='ltr'><strong>l&#39;riderict</strong></span> <span class='ocrx_word' id='word_1_247' title='bbox 845 3247 1029 3321; x_wconf 88' lang='lat' dir='ltr'><strong>consobrini</strong></span> <span class='ocrx_word' id='word_1_248' title='bbox 1056 3253 1161 3342; x_wconf 68' lang='lat' dir='ltr'><strong>regis,</strong></span> 
     </span>
     <span class='ocr_line' id='line_1_31' title="bbox 46 3347 1162 3442; baseline 0.005 -28"><span class='ocrx_word' id='word_1_249' title='bbox 46 3349 135 3430; x_wconf 79' lang='lat' dir='ltr'><strong>gestis</strong></span> <span class='ocrx_word' id='word_1_250' title='bbox 156 3347 317 3420; x_wconf 87' lang='lat' dir='ltr'><strong>nobilibus</strong></span> <span class='ocrx_word' id='word_1_251' title='bbox 345 3352 475 3440; x_wconf 83' lang='lat' dir='ltr'><strong>integre</strong></span> <span class='ocrx_word' id='word_1_252' title='bbox 505 3347 651 3442; x_wconf 71' lang='lat' dir='ltr'><strong>hystorie</strong></span> <span class='ocrx_word' id='word_1_253' title='bbox 682 3369 765 3442; x_wconf 92' lang='lat' dir='ltr'><strong>opus</strong></span> <span class='ocrx_word' id='word_1_254' title='bbox 794 3349 913 3420; x_wconf 82' lang='lat' dir='ltr'><strong>esset.⁴</strong></span> <span class='ocrx_word' id='word_1_255' title='bbox 952 3348 1003 3418; x_wconf 89' lang='lat' dir='ltr'><strong>De</strong></span> <span class='ocrx_word' id='word_1_256' title='bbox 1019 3347 1162 3422; x_wconf 88' lang='lat' dir='ltr'><strong>Viviuno</strong></span> 
     </span>
     <span class='ocr_line' id='line_1_32' title="bbox 46 3444 1163 3541; baseline 0.006 -31"><span class='ocrx_word' id='word_1_257' title='bbox 46 3445 147 3533; x_wconf 63' lang='lat' dir='ltr'><strong>count</strong></span> <span class='ocrx_word' id='word_1_258' title='bbox 163 3449 238 3518; x_wconf 90' lang='lat' dir='ltr'><strong>cive</strong></span> <span class='ocrx_word' id='word_1_259' title='bbox 251 3444 438 3535; x_wconf 46' lang='lat' dir='ltr'><strong>Busiliensi5</strong></span> <span class='ocrx_word' id='word_1_260' title='bbox 452 3449 543 3518; x_wconf 89' lang='lat' dir='ltr'><strong>socio</strong></span> <span class='ocrx_word' id='word_1_261' title='bbox 561 3446 694 3540; x_wconf 85' lang='lat' dir='ltr'><strong>predicti</strong></span> <span class='ocrx_word' id='word_1_262' title='bbox 711 3445 885 3534; x_wconf 60' lang='lat' dir='ltr'><strong>Schorlini„</strong></span> <span class='ocrx_word' id='word_1_263' title='bbox 902 3457 1020 3539; x_wconf 82' lang='lat' dir='ltr'><strong>quantu</strong></span> <span class='ocrx_word' id='word_1_264' title='bbox 1035 3450 1067 3516; x_wconf 89' lang='lat' dir='ltr'><strong>iu</strong></span> <span class='ocrx_word' id='word_1_265' title='bbox 1079 3469 1163 3541; x_wconf 84' lang='lat' dir='ltr'><strong>pre-</strong></span> 
     </span>
     <span class='ocr_line' id='line_1_33' title="bbox 47 3535 1164 3638; baseline 0.003 -27"><span class='ocrx_word' id='word_1_266' title='bbox 47 3535 116 3609; x_wconf 87' lang='lat' dir='ltr'><strong>licto</strong></span> <span class='ocrx_word' id='word_1_267' title='bbox 133 3543 283 3614; x_wconf 83' lang='lat' dir='ltr'><strong>conflictu</strong></span> <span class='ocrx_word' id='word_1_268' title='bbox 304 3547 475 3638; x_wconf 83' lang='lat' dir='ltr'><strong>peregerit</strong></span> <span class='ocrx_word' id='word_1_269' title='bbox 491 3543 581 3615; x_wconf 88' lang='lat' dir='ltr'><strong>etde</strong></span> <span class='ocrx_word' id='word_1_270' title='bbox 600 3541 799 3618; x_wconf 81' lang='lat' dir='ltr'><strong>mirabilibus</strong></span> <span class='ocrx_word' id='word_1_271' title='bbox 817 3543 910 3616; x_wconf 83' lang='lat' dir='ltr'><strong>luetis</strong></span> <span class='ocrx_word' id='word_1_272' title='bbox 932 3548 1003 3617; x_wconf 90' lang='lat' dir='ltr'><strong>eius</strong></span> <span class='ocrx_word' id='word_1_273' title='bbox 1023 3545 1064 3616; x_wconf 90' lang='lat' dir='ltr'><strong>od</strong></span> <span class='ocrx_word' id='word_1_274' title='bbox 1080 3565 1164 3638; x_wconf 89' lang='lat' dir='ltr'><strong>pre-</strong></span> 
     </span>
     <span class='ocr_line' id='line_1_34' title="bbox 47 3640 1163 3736; baseline 0.01 -35"><span class='ocrx_word' id='word_1_275' title='bbox 47 3655 113 3708; x_wconf 87' lang='lat' dir='ltr'><strong>sens</strong></span> <span class='ocrx_word' id='word_1_276' title='bbox 129 3641 286 3736; x_wconf 89' lang='lat' dir='ltr'><strong>relinquo.</strong></span> <span class='ocrx_word' id='word_1_277' title='bbox 385 3642 526 3736; x_wconf 82' lang='lat' dir='ltr'><strong>Reliquit</strong></span> <span class='ocrx_word' id='word_1_278' title='bbox 542 3652 652 3713; x_wconf 85' lang='lat' dir='ltr'><strong>eutem</strong></span> <span class='ocrx_word' id='word_1_279' title='bbox 668 3663 730 3716; x_wconf 82' lang='lat' dir='ltr'><strong>rex</strong></span> <span class='ocrx_word' id='word_1_280' title='bbox 748 3663 822 3714; x_wconf 88' lang='lat' dir='ltr'><strong>oum</strong></span> <span class='ocrx_word' id='word_1_281' title='bbox 837 3640 903 3712; x_wconf 82' lang='lat' dir='ltr'><strong>lilio</strong></span> <span class='ocrx_word' id='word_1_282' title='bbox 920 3663 980 3714; x_wconf 88' lang='lat' dir='ltr'><strong>suc</strong></span> <span class='ocrx_word' id='word_1_283' title='bbox 997 3643 1080 3714; x_wconf 89' lang='lat' dir='ltr'><strong>duce</strong></span> <span class='ocrx_word' id='word_1_284' title='bbox 1094 3642 1163 3713; x_wconf 89' lang='lat' dir='ltr'><strong>Al-</strong></span> 
     </span>
     <span class='ocr_line' id='line_1_35' title="bbox 48 3727 1163 3834; baseline 0.003 -28"><span class='ocrx_word' id='word_1_285' title='bbox 48 3727 125 3806; x_wconf 80' lang='lat' dir='ltr'><strong>benc</strong></span> <span class='ocrx_word' id='word_1_286' title='bbox 142 3740 260 3812; x_wconf 87' lang='lat' dir='ltr'><strong>multos</strong></span> <span class='ocrx_word' id='word_1_287' title='bbox 275 3739 477 3811; x_wconf 85' lang='lat' dir='ltr'><strong>Swevorum</strong></span> <span class='ocrx_word' id='word_1_288' title='bbox 488 3737 681 3828; x_wconf 52' lang='lat' dir='ltr'><strong>inWicnuun</strong></span> <span class='ocrx_word' id='word_1_289' title='bbox 697 3761 834 3834; x_wconf 87' lang='lat' dir='ltr'><strong>quorum</strong></span> <span class='ocrx_word' id='word_1_290' title='bbox 851 3741 960 3828; x_wconf 62' lang='lat' dir='ltr'><strong>unius„</strong></span> <span class='ocrx_word' id='word_1_291' title='bbox 981 3739 1105 3813; x_wconf 88' lang='lat' dir='ltr'><strong>scilicet</strong></span> <span class='ocrx_word' id='word_1_292' title='bbox 1121 3738 1163 3809; x_wconf 89' lang='lat' dir='ltr'><strong>de</strong></span> 
     </span>
     <span class='ocr_line' id='line_1_36' title="bbox 49 3825 1163 3932; baseline 0.004 -29"><span class='ocrx_word' id='word_1_293' title='bbox 49 3825 163 3926; x_wconf 61' lang='lat' dir='ltr'><strong>Wulse</strong></span> <span class='ocrx_word' id='word_1_294' title='bbox 177 3835 272 3907; x_wconf 78' lang='lat' dir='ltr'><strong>tilieti</strong></span> <span class='ocrx_word' id='word_1_295' title='bbox 289 3847 403 3932; x_wconf 86' lang='lat' dir='ltr'><strong>posteo</strong></span> <span class='ocrx_word' id='word_1_296' title='bbox 420 3847 557 3932; x_wconf 85' lang='lat' dir='ltr'><strong>propter</strong></span> <span class='ocrx_word' id='word_1_297' title='bbox 571 3857 686 3909; x_wconf 88' lang='lat' dir='ltr'><strong>corum</strong></span> <span class='ocrx_word' id='word_1_298' title='bbox 705 3840 894 3910; x_wconf 75' lang='lat' dir='ltr'><strong>constancic</strong></span> <span class='ocrx_word' id='word_1_299' title='bbox 909 3840 1047 3910; x_wconf 88' lang='lat' dir='ltr'><strong>virtutes</strong></span> <span class='ocrx_word' id='word_1_300' title='bbox 1065 3837 1163 3908; x_wconf 85' lang='lat' dir='ltr'><strong>ditis·-</strong></span> 
     </span>
    </p>
   </div>
   <div class='ocr_carea' id='block_1_7' title="bbox 48 3959 1162 4323">
    <p class='ocr_par' dir='ltr' id='par_1_7' title="bbox 48 3959 1162 4323">
     <span class='ocr_line' id='line_1_37' title="bbox 91 3959 1159 4056; baseline 0.004 -40"><span class='ocrx_word' id='word_1_301' title='bbox 91 3959 117 4030; x_wconf 93' lang='grc'><strong>1)</strong></span> <span class='ocrx_word' id='word_1_302' title='bbox 134 3966 159 4054; x_wconf 78' lang='lat' dir='ltr'><strong>in</strong></span> <span class='ocrx_word' id='word_1_303' title='bbox 178 3965 244 4022; x_wconf 87' lang='lat' dir='ltr'><strong>lelrlt</strong></span> <span class='ocrx_word' id='word_1_304' title='bbox 262 3965 290 4022; x_wconf 92' lang='lat' dir='ltr'><strong>iu</strong></span> <span class='ocrx_word' id='word_1_305' title='bbox 309 3966 337 4022; x_wconf 89' lang='grc' dir='ltr'><strong>Β.</strong></span> <span class='ocrx_word' id='word_1_306' title='bbox 375 3967 406 4032; x_wconf 84' lang='lat'><strong>2)</strong></span> <span class='ocrx_word' id='word_1_307' title='bbox 425 3983 457 4022; x_wconf 84' lang='lat' dir='ltr'><strong>so</strong></span> <span class='ocrx_word' id='word_1_308' title='bbox 474 3967 513 4056; x_wconf 63' lang='lat' dir='ltr'><strong>ll.n</strong></span> <span class='ocrx_word' id='word_1_309' title='bbox 525 3967 676 4038; x_wconf 84' lang='lat' dir='ltr'><strong>irriguisset</strong></span> <span class='ocrx_word' id='word_1_310' title='bbox 690 3969 718 4024; x_wconf 89' lang='lat' dir='ltr'><strong>B.</strong></span> <span class='ocrx_word' id='word_1_311' title='bbox 757 3968 804 4024; x_wconf 87' lang='lat' dir='ltr'><strong>Die</strong></span> <span class='ocrx_word' id='word_1_312' title='bbox 817 3965 958 4056; x_wconf 37' lang='lat' dir='ltr'><strong>&#39;nnekdote</strong></span> <span class='ocrx_word' id='word_1_313' title='bbox 977 3967 1013 4022; x_wconf 88' lang='lat' dir='ltr'><strong>ist</strong></span> <span class='ocrx_word' id='word_1_314' title='bbox 1031 3966 1159 4036; x_wconf 74' lang='lat' dir='ltr'><strong>obrigens</strong></span> 
     </span>
     <span class='ocr_line' id='line_1_38' title="bbox 48 4029 1161 4193; baseline 0.001 -30"><span class='ocrx_word' id='word_1_315' title='bbox 48 4029 678 4191; x_wconf 42' lang='lat' dir='ltr'><strong>lllll‘rllldlllolrladllsuclbllnvtlilmllcillrlgell</strong></span> <span class='ocrx_word' id='word_1_316' title='bbox 695 4039 1161 4193; x_wconf 38' lang='lat' dir='ltr'><strong>ppupotlpripltppirpplotpdertpbegfurpnuen:</strong></span> 
     </span>
     <span class='ocr_line' id='line_1_39' title="bbox 48 4171 1162 4250; baseline 0.013 -28"><span class='ocrx_word' id='word_1_317' title='bbox 48 4171 111 4229; x_wconf 74' lang='lat' dir='ltr'><strong>tiele</strong></span> <span class='ocrx_word' id='word_1_318' title='bbox 127 4179 171 4235; x_wconf 81' lang='lat' dir='ltr'><strong>lint</strong></span> <span class='ocrx_word' id='word_1_319' title='bbox 188 4187 298 4250; x_wconf 74' lang='lat' dir='ltr'><strong>geuurgt</strong></span> <span class='ocrx_word' id='word_1_320' title='bbox 315 4181 476 4237; x_wconf 84' lang='lat' dir='ltr'><strong>ritterlrclreu</strong></span> <span class='ocrx_word' id='word_1_321' title='bbox 503 4185 568 4250; x_wconf 64' lang='lat' dir='ltr'><strong>tut‘,</strong></span> <span class='ocrx_word' id='word_1_322' title='bbox 593 4183 646 4239; x_wconf 89' lang='lat' dir='ltr'><strong>und</strong></span> <span class='ocrx_word' id='word_1_323' title='bbox 669 4183 736 4238; x_wconf 88' lang='lat' dir='ltr'><strong>uuclr</strong></span> <span class='ocrx_word' id='word_1_324' title='bbox 763 4182 832 4236; x_wconf 90' lang='lat' dir='ltr'><strong>noch</strong></span> <span class='ocrx_word' id='word_1_325' title='bbox 859 4181 902 4236; x_wconf 87' lang='lat' dir='ltr'><strong>bei</strong></span> <span class='ocrx_word' id='word_1_326' title='bbox 921 4181 1036 4238; x_wconf 86' lang='lat' dir='ltr'><strong>llnuelrn</strong></span> <span class='ocrx_word' id='word_1_327' title='bbox 1062 4199 1089 4236; x_wconf 82' lang='lat' dir='ltr'><strong>tn</strong></span> <span class='ocrx_word' id='word_1_328' title='bbox 1114 4181 1162 4236; x_wconf 82' lang='lat' dir='ltr'><strong>der</strong></span> 
     </span>
     <span class='ocr_line' id='line_1_40' title="bbox 48 4243 875 4323; baseline 0.017 -30"><span class='ocrx_word' id='word_1_329' title='bbox 48 4243 148 4305; x_wconf 80' lang='lat' dir='ltr'><strong>schluclrt</strong></span> <span class='ocrx_word' id='word_1_330' title='bbox 165 4251 207 4307; x_wconf 79' lang='lat' dir='ltr'><strong>tei</strong></span> <span class='ocrx_word' id='word_1_331' title='bbox 226 4251 358 4310; x_wconf 80' lang='lat' dir='ltr'><strong>Gottteiu</strong></span> <span class='ocrx_word' id='word_1_332' title='bbox 377 4253 519 4308; x_wconf 86' lang='lat' dir='ltr'><strong>ersoheint.</strong></span> <span class='ocrx_word' id='word_1_333' title='bbox 558 4253 648 4323; x_wconf 80' lang='lat' dir='ltr'><strong>Vergl.</strong></span> <span class='ocrx_word' id='word_1_334' title='bbox 669 4253 766 4308; x_wconf 84' lang='lat' dir='ltr'><strong>Fontes</strong></span> <span class='ocrx_word' id='word_1_335' title='bbox 785 4253 875 4322; x_wconf 59' lang='lat' dir='ltr'><strong>utet.</strong></span> 
     </span>
    </p>
   </div>
   <div class='ocr_carea' id='block_1_8' title="bbox 107 4373 945 4430">
    <p class='ocr_par' dir='ltr' id='par_1_8' title="bbox 107 4373 945 4430">
     <span class='ocr_line' id='line_1_41' title="bbox 107 4373 945 4430; baseline 0.019 -16"><span class='ocrx_word' id='word_1_336' title='bbox 107 4373 395 4419; x_wconf 79' lang='lat' dir='ltr'><strong>uoununuronrnst.</strong></span> <span class='ocrx_word' id='word_1_337' title='bbox 916 4375 945 4430; x_wconf 89' lang='lat'><strong>11</strong></span> 
     </span>
    </p>
   </div>
   <div class='ocr_carea' id='block_1_9' title="bbox 0 0 1449 4818">
    <p class='ocr_par' dir='ltr' id='par_1_9' title="bbox 0 0 1449 4818">
     <span class='ocr_line' id='line_1_42' title="bbox 0 0 1449 4818; baseline 0 0"><span class='ocrx_word' id='word_1_338' title='bbox 0 0 1449 4818; x_wconf 95' lang='lat' dir='ltr'><strong> </strong></span> 
     </span>
    </p>
   </div>
   <div class='ocr_carea' id='block_1_10' title="bbox 871 2563 1286 2656">
    <p class='ocr_par' dir='ltr' id='par_1_10' title="bbox 871 2563 1286 2656">
     <span class='ocr_line' id='line_1_43' title="bbox 871 2563 1286 2656; baseline 0.012 -21"><span class='ocrx_word' id='word_1_339' title='bbox 871 2563 951 2636; x_wconf 86' lang='lat' dir='ltr'><strong>lune</strong></span> <span class='ocrx_word' id='word_1_340' title='bbox 976 2575 1083 2638; x_wconf 83' lang='lat' dir='ltr'><strong>autern</strong></span> <span class='ocrx_word' id='word_1_341' title='bbox 1102 2591 1164 2638; x_wconf 90' lang='lat' dir='ltr'><strong>re·</strong></span> <span class='ocrx_word' id='word_1_342' title='bbox 1281 2643 1286 2656; x_wconf 66' lang='grc'><strong>,</strong></span> 
     </span>
    </p>
   </div>
  </div>
 </body>
</html>
