<?xml version="1.0" encoding="UTF-8"?>
<!DOCTYPE html PUBLIC "-//W3C//DTD XHTML 1.0 Transitional//EN"
    "http://www.w3.org/TR/xhtml1/DTD/xhtml1-transitional.dtd">
<html xmlns="http://www.w3.org/1999/xhtml" xml:lang="en" lang="en">
 <head>
  <title>
</title>
<meta http-equiv="Content-Type" content="text/html;charset=utf-8" />
  <meta name='ocr-system' content='tesseract 3.04.00' />
  <meta name='ocr-capabilities' content='ocr_page ocr_carea ocr_par ocr_line ocrx_word'/>
</head>
<body>
  <div class='ocr_page' id='page_1' title='image "./fontesrerumgerm01hubegoog_0592.png"; bbox 0 0 3010 4822; ppageno 0'>
   <div class='ocr_carea' id='block_1_1' title="bbox 468 247 1258 324">
    <p class='ocr_par' dir='ltr' id='par_1_1' title="bbox 468 247 1258 324">
     <span class='ocr_line' id='line_1_1' title="bbox 468 247 1258 324; baseline 0.022 -19"><span class='ocrx_word' id='word_1_1' title='bbox 468 249 642 308; x_wconf 69' lang='lat' dir='ltr'><strong>muricus</strong></span> <span class='ocrx_word' id='word_1_2' title='bbox 661 247 914 308; x_wconf 72' lang='lat' dir='ltr'><strong>mauceriensis.</strong></span> <span class='ocrx_word' id='word_1_3' title='bbox 1185 251 1258 324; x_wconf 82' lang='lat'><strong>517</strong></span> 
     </span>
    </p>
   </div>
   <div class='ocr_carea' id='block_1_2' title="bbox 109 425 1417 4237">
    <p class='ocr_par' dir='ltr' id='par_1_2' title="bbox 119 425 1343 1305">
     <span class='ocr_line' id='line_1_2' title="bbox 123 425 1343 522; baseline -0.005 -24"><span class='ocrx_word' id='word_1_4' title='bbox 123 427 252 498; x_wconf 83' lang='lat' dir='ltr'><strong>modion</strong></span> <span class='ocrx_word' id='word_1_5' title='bbox 271 438 417 521; x_wconf 92' lang='lat' dir='ltr'><strong>tempore</strong></span> <span class='ocrx_word' id='word_1_6' title='bbox 436 439 510 500; x_wconf 91' lang='lat' dir='ltr'><strong>ante</strong></span> <span class='ocrx_word' id='word_1_7' title='bbox 523 427 646 521; x_wconf 82' lang='lat' dir='ltr'>absque</span> <span class='ocrx_word' id='word_1_8' title='bbox 664 429 802 499; x_wconf 89' lang='lat' dir='ltr'><strong>naturali</strong></span> <span class='ocrx_word' id='word_1_9' title='bbox 819 427 942 499; x_wconf 80' lang='lat' dir='ltr'><strong>herede</strong></span> <span class='ocrx_word' id='word_1_10' title='bbox 956 432 1088 500; x_wconf 90' lang='lat' dir='ltr'><strong>vacavit</strong></span> <span class='ocrx_word' id='word_1_11' title='bbox 1105 451 1165 522; x_wconf 93' lang='lat' dir='ltr'><strong>per</strong></span> <span class='ocrx_word' id='word_1_12' title='bbox 1181 425 1258 502; x_wconf 88' lang='lat' dir='ltr'><strong>obi·-</strong></span> <span class='ocrx_word' id='word_1_13' title='bbox 1274 435 1343 494; x_wconf 73' lang='lat'><strong>132?</strong></span> 
     </span>
     <span class='ocr_line' id='line_1_3' title="bbox 123 523 1258 619; baseline 0.001 -24"><span class='ocrx_word' id='word_1_14' title='bbox 123 535 192 596; x_wconf 84' lang='lat' dir='ltr'><strong>tum</strong></span> <span class='ocrx_word' id='word_1_15' title='bbox 210 523 628 598; x_wconf 78' lang='lat' dir='ltr'><strong>Waldemarilnarchionis</strong></span> <span class='ocrx_word' id='word_1_16' title='bbox 646 525 765 596; x_wconf 78' lang='lat' dir='ltr'>ibidem</span> <span class='ocrx_word' id='word_1_17' title='bbox 783 528 1048 619; x_wconf 71' lang='lat' dir='ltr'><strong>supranominati.</strong></span> <span class='ocrx_word' id='word_1_18' title='bbox 1077 523 1139 596; x_wconf 88' lang='lat' dir='ltr'><strong>llic</strong></span> <span class='ocrx_word' id='word_1_19' title='bbox 1157 525 1258 597; x_wconf 91' lang='lat' dir='ltr'><strong>vide·</strong></span> 
     </span>
     <span class='ocr_line' id='line_1_4' title="bbox 121 621 1257 716; baseline 0 -20"><span class='ocrx_word' id='word_1_20' title='bbox 121 621 440 696; x_wconf 77' lang='lat' dir='ltr'><strong>licetWaldemarus</strong></span> <span class='ocrx_word' id='word_1_21' title='bbox 459 634 532 716; x_wconf 90' lang='lat' dir='ltr'><strong>post</strong></span> <span class='ocrx_word' id='word_1_22' title='bbox 545 627 736 716; x_wconf 77' lang='lat' dir='ltr'><strong>vigintiocto</strong></span> <span class='ocrx_word' id='word_1_23' title='bbox 754 645 859 716; x_wconf 84' lang='lat' dir='ltr'><strong>annos</strong></span> <span class='ocrx_word' id='word_1_24' title='bbox 876 645 1037 696; x_wconf 86' lang='lat' dir='ltr'><strong>reversus</strong></span> <span class='ocrx_word' id='word_1_25' title='bbox 1054 633 1107 696; x_wconf 89' lang='lat' dir='ltr'><strong>est</strong></span> <span class='ocrx_word' id='word_1_26' title='bbox 1124 623 1164 694; x_wconf 92' lang='lat' dir='ltr'><strong>ad</strong></span> <span class='ocrx_word' id='word_1_27' title='bbox 1183 635 1257 696; x_wconf 85' lang='lat' dir='ltr'><strong>ter-</strong></span> 
     </span>
     <span class='ocr_line' id='line_1_5' title="bbox 121 709 1257 816; baseline 0.002 -24"><span class='ocrx_word' id='word_1_28' title='bbox 121 743 206 810; x_wconf 65' lang='lat' dir='ltr'><strong>ram,</strong></span> <span class='ocrx_word' id='word_1_29' title='bbox 234 741 392 793; x_wconf 89' lang='lat' dir='ltr'><strong>asserens</strong></span> <span class='ocrx_word' id='word_1_30' title='bbox 419 743 458 792; x_wconf 88' lang='lat' dir='ltr'><strong>se</strong></span> <span class='ocrx_word' id='word_1_31' title='bbox 483 720 589 792; x_wconf 89' lang='lat' dir='ltr'><strong>adhue</strong></span> <span class='ocrx_word' id='word_1_32' title='bbox 616 725 754 809; x_wconf 60' lang='lat' dir='ltr'><strong>vivere„</strong></span> <span class='ocrx_word' id='word_1_33' title='bbox 782 732 877 816; x_wconf 91' lang='lat' dir='ltr'><strong>prout</strong></span> <span class='ocrx_word' id='word_1_34' title='bbox 903 709 987 792; x_wconf 84' lang='lat' dir='ltr'><strong>inira</strong></span> <span class='ocrx_word' id='word_1_35' title='bbox 1001 724 1167 794; x_wconf 79' lang='lat' dir='ltr'><strong>&#39;invenies</strong></span> <span class='ocrx_word' id='word_1_36' title='bbox 1194 721 1257 794; x_wconf 87' lang='lat' dir='ltr'><strong>sub</strong></span> 
     </span>
     <span class='ocr_line' id='line_1_6' title="bbox 121 817 1258 915; baseline 0.004 -27"><span class='ocrx_word' id='word_1_37' title='bbox 121 817 245 890; x_wconf 83' lang='lat' dir='ltr'><strong>llarolo</strong></span> <span class='ocrx_word' id='word_1_38' title='bbox 262 829 386 913; x_wconf 90' lang='lat' dir='ltr'><strong>quarto.</strong></span> <span class='ocrx_word' id='word_1_39' title='bbox 404 817 500 890; x_wconf 82' lang='lat' dir='ltr'><strong>Unde</strong></span> <span class='ocrx_word' id='word_1_40' title='bbox 519 819 663 912; x_wconf 84' lang='lat' dir='ltr'><strong>prefatus</strong></span> <span class='ocrx_word' id='word_1_41' title='bbox 680 817 878 892; x_wconf 88' lang='lat' dir='ltr'><strong>Ludewicus</strong></span> <span class='ocrx_word' id='word_1_42' title='bbox 898 817 996 891; x_wconf 84' lang='lat' dir='ltr'><strong>hlium</strong></span> <span class='ocrx_word' id='word_1_43' title='bbox 1015 841 1110 890; x_wconf 89' lang='lat' dir='ltr'><strong>suum</strong></span> <span class='ocrx_word' id='word_1_44' title='bbox 1127 822 1258 915; x_wconf 85' lang='lat' dir='ltr'><strong>primo-</strong></span> 
     </span>
     <span class='ocr_line' id='line_1_7' title="bbox 120 914 1257 1012; baseline 0.003 -26"><span class='ocrx_word' id='word_1_45' title='bbox 120 919 269 1008; x_wconf 85' lang='lat' dir='ltr'><strong>genitum</strong></span> <span class='ocrx_word' id='word_1_46' title='bbox 296 919 428 986; x_wconf 92' lang='lat' dir='ltr'><strong>nomine</strong></span> <span class='ocrx_word' id='word_1_47' title='bbox 454 914 667 988; x_wconf 87' lang='lat' dir='ltr'><strong>Ludewicnm</strong></span> <span class='ocrx_word' id='word_1_48' title='bbox 701 915 743 988; x_wconf 93' lang='lat' dir='ltr'><strong>ibi</strong></span> <span class='ocrx_word' id='word_1_49' title='bbox 769 915 990 990; x_wconf 79' lang='lat' dir='ltr'><strong>marchionem</strong></span> <span class='ocrx_word' id='word_1_50' title='bbox 1018 917 1112 1006; x_wconf 70' lang='lat' dir='ltr'><strong>sectr,</strong></span> <span class='ocrx_word' id='word_1_51' title='bbox 1143 921 1196 1012; x_wconf 86' lang='lat' dir='ltr'><strong>qui</strong></span> <span class='ocrx_word' id='word_1_52' title='bbox 1223 921 1257 990; x_wconf 90' lang='lat' dir='ltr'><strong>in</strong></span> 
     </span>
     <span class='ocr_line' id='line_1_8' title="bbox 119 1012 1256 1108; baseline 0.006 -25"><span class='ocrx_word' id='word_1_53' title='bbox 119 1012 333 1108; x_wconf 86' lang='lat' dir='ltr'><strong>adipiscendo</strong></span> <span class='ocrx_word' id='word_1_54' title='bbox 359 1013 478 1086; x_wconf 88' lang='lat' dir='ltr'><strong>eodem</strong></span> <span class='ocrx_word' id='word_1_55' title='bbox 502 1015 723 1086; x_wconf 71' lang='lat' dir='ltr'><strong>marchionatu</strong></span> <span class='ocrx_word' id='word_1_56' title='bbox 747 1018 966 1088; x_wconf 73' lang='lat' dir='ltr'><strong>resistentiam</strong></span> <span class='ocrx_word' id='word_1_57' title='bbox 990 1037 1111 1108; x_wconf 88' lang='lat' dir='ltr'><strong>passus</strong></span> <span class='ocrx_word' id='word_1_58' title='bbox 1135 1026 1199 1104; x_wconf 65' lang='lat' dir='ltr'><strong>est,</strong></span> <span class='ocrx_word' id='word_1_59' title='bbox 1223 1017 1256 1090; x_wconf 91' lang='lat' dir='ltr'><strong>in</strong></span> 
     </span>
     <span class='ocr_line' id='line_1_9' title="bbox 120 1109 1256 1210; baseline 0.002 -28"><span class='ocrx_word' id='word_1_60' title='bbox 120 1115 214 1183; x_wconf 88' lang='lat' dir='ltr'><strong>euius</strong></span> <span class='ocrx_word' id='word_1_61' title='bbox 232 1110 340 1182; x_wconf 82' lang='lat' dir='ltr'><strong>odnrm</strong></span> <span class='ocrx_word' id='word_1_62' title='bbox 358 1109 493 1206; x_wconf 87' lang='lat' dir='ltr'><strong>predicti</strong></span> <span class='ocrx_word' id='word_1_63' title='bbox 511 1115 630 1208; x_wconf 83' lang='lat' dir='ltr'><strong>pagani</strong></span> <span class='ocrx_word' id='word_1_64' title='bbox 649 1114 904 1186; x_wconf 84' lang='lat' dir='ltr'><strong>marchionatum</strong></span> <span class='ocrx_word' id='word_1_65' title='bbox 916 1111 1154 1210; x_wconf 87' lang='lat' dir='ltr'><strong>depopulantur</strong></span> <span class='ocrx_word' id='word_1_66' title='bbox 1171 1135 1256 1208; x_wconf 82' lang='lat' dir='ltr'><strong>per·</strong></span> 
     </span>
     <span class='ocr_line' id='line_1_10' title="bbox 119 1207 704 1305; baseline 0.007 -25"><span class='ocrx_word' id='word_1_67' title='bbox 119 1211 268 1280; x_wconf 90' lang='lat' dir='ltr'><strong>mittente</strong></span> <span class='ocrx_word' id='word_1_68' title='bbox 285 1207 431 1280; x_wconf 87' lang='lat' dir='ltr'><strong>Iohanne</strong></span> <span class='ocrx_word' id='word_1_69' title='bbox 447 1233 531 1305; x_wconf 92' lang='lat' dir='ltr'><strong>papa</strong></span> <span class='ocrx_word' id='word_1_70' title='bbox 549 1209 704 1305; x_wconf 89' lang='lat' dir='ltr'><strong>predicto.</strong></span> 
     </span>
    </p>

    <p class='ocr_par' dir='ltr' id='par_1_3' title="bbox 109 1305 1417 4135">
     <span class='ocr_line' id='line_1_11' title="bbox 169 1305 1340 1404; baseline 0.004 -26"><span class='ocrx_word' id='word_1_71' title='bbox 169 1308 270 1379; x_wconf 87' lang='lat' dir='ltr'><strong>Anno</strong></span> <span class='ocrx_word' id='word_1_72' title='bbox 288 1305 517 1378; x_wconf 85' lang='lat' dir='ltr'><strong>decimotercio</strong></span> <span class='ocrx_word' id='word_1_73' title='bbox 534 1312 631 1400; x_wconf 84' lang='lat' dir='ltr'><strong>regni</strong></span> <span class='ocrx_word' id='word_1_74' title='bbox 648 1313 698 1381; x_wconf 90' lang='lat' dir='ltr'><strong>sui</strong></span> <span class='ocrx_word' id='word_1_75' title='bbox 717 1331 791 1381; x_wconf 89' lang='lat' dir='ltr'><strong>oum</strong></span> <span class='ocrx_word' id='word_1_76' title='bbox 810 1332 929 1402; x_wconf 84' lang='lat' dir='ltr'><strong>magna</strong></span> <span class='ocrx_word' id='word_1_77' title='bbox 942 1313 1097 1404; x_wconf 69' lang='lat' dir='ltr'><strong>potentia,</strong></span> <span class='ocrx_word' id='word_1_78' title='bbox 1115 1319 1254 1382; x_wconf 88' lang='lat' dir='ltr'><strong>vocatus</strong></span> <span class='ocrx_word' id='word_1_79' title='bbox 1271 1311 1340 1370; x_wconf 74' lang='lat'>¹³²8</span> 
     </span>
     <span class='ocr_line' id='line_1_12' title="bbox 119 1403 1255 1503; baseline 0.004 -29"><span class='ocrx_word' id='word_1_80' title='bbox 119 1428 138 1474; x_wconf 89' lang='lat' dir='ltr'><strong>a</strong></span> <span class='ocrx_word' id='word_1_81' title='bbox 164 1405 284 1498; x_wconf 87' lang='lat' dir='ltr'><strong>poprdo</strong></span> <span class='ocrx_word' id='word_1_82' title='bbox 307 1403 456 1477; x_wconf 85' lang='lat' dir='ltr'><strong>Romano</strong></span> <span class='ocrx_word' id='word_1_83' title='bbox 481 1415 515 1476; x_wconf 91' lang='lat' dir='ltr'><strong>et</strong></span> <span class='ocrx_word' id='word_1_84' title='bbox 537 1409 680 1478; x_wconf 77' lang='lat' dir='ltr'><strong>inanime</strong></span> <span class='ocrx_word' id='word_1_85' title='bbox 702 1429 763 1501; x_wconf 90' lang='lat' dir='ltr'><strong>per</strong></span> <span class='ocrx_word' id='word_1_86' title='bbox 787 1407 945 1503; x_wconf 91' lang='lat' dir='ltr'><strong>quosdam</strong></span> <span class='ocrx_word' id='word_1_87' title='bbox 969 1405 1096 1480; x_wconf 90' lang='lat' dir='ltr'><strong>nobiles</strong></span> <span class='ocrx_word' id='word_1_88' title='bbox 1121 1407 1163 1478; x_wconf 89' lang='lat' dir='ltr'><strong>de</strong></span> <span class='ocrx_word' id='word_1_89' title='bbox 1181 1405 1255 1479; x_wconf 86' lang='lat' dir='ltr'><strong>Co-</strong></span> 
     </span>
     <span class='ocr_line' id='line_1_13' title="bbox 117 1501 1253 1602; baseline 0.002 -28"><span class='ocrx_word' id='word_1_90' title='bbox 117 1503 265 1596; x_wconf 65' lang='lat' dir='ltr'><strong>lumpna„</strong></span> <span class='ocrx_word' id='word_1_91' title='bbox 288 1504 373 1572; x_wconf 89' lang='lat' dir='ltr'><strong>inter</strong></span> <span class='ocrx_word' id='word_1_92' title='bbox 395 1522 476 1596; x_wconf 87' lang='lat' dir='ltr'><strong>quos</strong></span> <span class='ocrx_word' id='word_1_93' title='bbox 500 1501 559 1574; x_wconf 87' lang='lat' dir='ltr'><strong>init</strong></span> <span class='ocrx_word' id='word_1_94' title='bbox 576 1503 705 1602; x_wconf 85' lang='lat' dir='ltr'><strong>quidam</strong></span> <span class='ocrx_word' id='word_1_95' title='bbox 723 1509 855 1578; x_wconf 90' lang='lat' dir='ltr'><strong>nomine</strong></span> <span class='ocrx_word' id='word_1_96' title='bbox 873 1505 973 1577; x_wconf 87' lang='lat' dir='ltr'><strong>Serra</strong></span> <span class='ocrx_word' id='word_1_97' title='bbox 994 1504 1040 1600; x_wconf 90' lang='lat' dir='ltr'><strong>de</strong></span> <span class='ocrx_word' id='word_1_98' title='bbox 1059 1503 1253 1599; x_wconf 73' lang='lat' dir='ltr'><strong>Columpna,</strong></span> 
     </span>
     <span class='ocr_line' id='line_1_14' title="bbox 118 1599 1253 1696; baseline 0.003 -26"><span class='ocrx_word' id='word_1_99' title='bbox 118 1603 172 1694; x_wconf 82' lang='lat' dir='ltr'><strong>qui</strong></span> <span class='ocrx_word' id='word_1_100' title='bbox 190 1599 334 1671; x_wconf 85' lang='lat' dir='ltr'><strong>interluit</strong></span> <span class='ocrx_word' id='word_1_101' title='bbox 357 1603 495 1693; x_wconf 87' lang='lat' dir='ltr'><strong>captioni</strong></span> <span class='ocrx_word' id='word_1_102' title='bbox 518 1623 603 1696; x_wconf 90' lang='lat' dir='ltr'><strong>pape</strong></span> <span class='ocrx_word' id='word_1_103' title='bbox 619 1599 787 1692; x_wconf 68' lang='lat' dir='ltr'><strong>Bonilaoii,</strong></span> <span class='ocrx_word' id='word_1_104' title='bbox 811 1606 942 1674; x_wconf 91' lang='lat' dir='ltr'><strong>intravit</strong></span> <span class='ocrx_word' id='word_1_105' title='bbox 966 1599 1080 1674; x_wconf 90' lang='lat' dir='ltr'><strong>urbem</strong></span> <span class='ocrx_word' id='word_1_106' title='bbox 1100 1605 1178 1693; x_wconf 91' lang='lat' dir='ltr'><strong>[ian.</strong></span> <span class='ocrx_word' id='word_1_107' title='bbox 1198 1601 1253 1693; x_wconf 68' lang='grc'><strong>7],</strong></span> 
     </span>
     <span class='ocr_line' id='line_1_15' title="bbox 117 1691 1253 1795; baseline 0.004 -27"><span class='ocrx_word' id='word_1_108' title='bbox 117 1708 153 1768; x_wconf 92' lang='lat' dir='ltr'><strong>et</strong></span> <span class='ocrx_word' id='word_1_109' title='bbox 168 1695 288 1768; x_wconf 86' lang='lat' dir='ltr'><strong>ibidem</strong></span> <span class='ocrx_word' id='word_1_110' title='bbox 306 1691 484 1768; x_wconf 84' lang='lat' dir='ltr'><strong>honorifice</strong></span> <span class='ocrx_word' id='word_1_111' title='bbox 502 1709 676 1793; x_wconf 86' lang='lat' dir='ltr'><strong>susceptus</strong></span> <span class='ocrx_word' id='word_1_112' title='bbox 695 1711 755 1772; x_wconf 88' lang='lat' dir='ltr'><strong>est.</strong></span> <span class='ocrx_word' id='word_1_113' title='bbox 787 1699 851 1772; x_wconf 91' lang='lat' dir='ltr'><strong>Ubi</strong></span> <span class='ocrx_word' id='word_1_114' title='bbox 868 1723 944 1772; x_wconf 89' lang='lat' dir='ltr'><strong>eum</strong></span> <span class='ocrx_word' id='word_1_115' title='bbox 962 1699 1150 1795; x_wconf 88' lang='lat' dir='ltr'><strong>relinquens</strong></span> <span class='ocrx_word' id='word_1_116' title='bbox 1168 1723 1253 1794; x_wconf 90' lang='lat' dir='ltr'><strong>pre-</strong></span> 
     </span>
     <span class='ocr_line' id='line_1_16' title="bbox 117 1791 1254 1892; baseline 0.006 -28"><span class='ocrx_word' id='word_1_117' title='bbox 117 1794 224 1866; x_wconf 89' lang='lat' dir='ltr'><strong>dictus</strong></span> <span class='ocrx_word' id='word_1_118' title='bbox 243 1791 444 1883; x_wconf 64' lang='lat' dir='ltr'><strong>casuucus,</strong></span> <span class='ocrx_word' id='word_1_119' title='bbox 463 1797 607 1892; x_wconf 89' lang='lat' dir='ltr'><strong>quicum</strong></span> <span class='ocrx_word' id='word_1_120' title='bbox 626 1819 667 1869; x_wconf 95' lang='lat' dir='ltr'><strong>eo</strong></span> <span class='ocrx_word' id='word_1_121' title='bbox 684 1796 824 1870; x_wconf 86' lang='lat' dir='ltr'><strong>Romam</strong></span> <span class='ocrx_word' id='word_1_122' title='bbox 843 1809 994 1886; x_wconf 69' lang='lat' dir='ltr'><strong>venerat,</strong></span> <span class='ocrx_word' id='word_1_123' title='bbox 1017 1819 1179 1872; x_wconf 88' lang='lat' dir='ltr'><strong>reversus</strong></span> <span class='ocrx_word' id='word_1_124' title='bbox 1201 1807 1254 1871; x_wconf 87' lang='lat' dir='ltr'><strong>est</strong></span> 
     </span>
     <span class='ocr_line' id='line_1_17' title="bbox 116 1889 1253 1991; baseline 0.004 -27"><span class='ocrx_word' id='word_1_125' title='bbox 116 1896 150 1964; x_wconf 94' lang='lat' dir='ltr'><strong>in</strong></span> <span class='ocrx_word' id='word_1_126' title='bbox 167 1889 371 1972; x_wconf 85' lang='lat' dir='ltr'><strong>Tusciamin</strong></span> <span class='ocrx_word' id='word_1_127' title='bbox 389 1889 568 1964; x_wconf 86' lang='lat' dir='ltr'><strong>subsidium</strong></span> <span class='ocrx_word' id='word_1_128' title='bbox 590 1892 729 1966; x_wconf 88' lang='lat' dir='ltr'><strong>civitatis</strong></span> <span class='ocrx_word' id='word_1_129' title='bbox 748 1895 969 1985; x_wconf 69' lang='lat' dir='ltr'><strong>tnsmnensts,</strong></span> <span class='ocrx_word' id='word_1_130' title='bbox 993 1918 1089 1991; x_wconf 89' lang='lat' dir='ltr'><strong>quam</strong></span> <span class='ocrx_word' id='word_1_131' title='bbox 1107 1893 1253 1968; x_wconf 77' lang='lat' dir='ltr'><strong>Floren-</strong></span> 
     </span>
     <span class='ocr_line' id='line_1_18' title="bbox 116 1985 1254 2080; baseline 0.005 -20"><span class='ocrx_word' id='word_1_132' title='bbox 116 1992 173 2060; x_wconf 90' lang='lat' dir='ltr'><strong>tini</strong></span> <span class='ocrx_word' id='word_1_133' title='bbox 189 1985 398 2061; x_wconf 87' lang='lat' dir='ltr'><strong>obsederant</strong></span> <span class='ocrx_word' id='word_1_134' title='bbox 432 1987 473 2060; x_wconf 83' lang='lat' dir='ltr'><strong>ln</strong></span> <span class='ocrx_word' id='word_1_135' title='bbox 498 2010 571 2062; x_wconf 90' lang='lat' dir='ltr'><strong>eam</strong></span> <span class='ocrx_word' id='word_1_136' title='bbox 593 1989 744 2063; x_wconf 87' lang='lat' dir='ltr'><strong>liberavit</strong></span> <span class='ocrx_word' id='word_1_137' title='bbox 766 1990 808 2063; x_wconf 94' lang='lat' dir='ltr'><strong>de</strong></span> <span class='ocrx_word' id='word_1_138' title='bbox 827 1992 976 2066; x_wconf 89' lang='lat' dir='ltr'><strong>manibus</strong></span> <span class='ocrx_word' id='word_1_139' title='bbox 995 1991 1194 2080; x_wconf 67' lang='lat' dir='ltr'><strong>eorundem,</strong></span> <span class='ocrx_word' id='word_1_140' title='bbox 1220 2000 1254 2066; x_wconf 87' lang='lat' dir='ltr'><strong>et</strong></span> 
     </span>
     <span class='ocr_line' id='line_1_19' title="bbox 115 2087 1252 2182; baseline 0.005 -25"><span class='ocrx_word' id='word_1_141' title='bbox 115 2095 192 2182; x_wconf 89' lang='lat' dir='ltr'><strong>post</strong></span> <span class='ocrx_word' id='word_1_142' title='bbox 209 2109 274 2157; x_wconf 92' lang='lat' dir='ltr'><strong>non</strong></span> <span class='ocrx_word' id='word_1_143' title='bbox 292 2087 426 2158; x_wconf 88' lang='lat' dir='ltr'><strong>multum</strong></span> <span class='ocrx_word' id='word_1_144' title='bbox 445 2091 600 2181; x_wconf 89' lang='lat' dir='ltr'><strong>temporis</strong></span> <span class='ocrx_word' id='word_1_145' title='bbox 624 2099 675 2160; x_wconf 90' lang='lat' dir='ltr'><strong>est</strong></span> <span class='ocrx_word' id='word_1_146' title='bbox 693 2089 876 2163; x_wconf 80' lang='lat' dir='ltr'><strong>defunctus.</strong></span> <span class='ocrx_word' id='word_1_147' title='bbox 909 2089 1036 2162; x_wconf 88' lang='lat' dir='ltr'><strong>Eodem</strong></span> <span class='ocrx_word' id='word_1_148' title='bbox 1060 2113 1147 2164; x_wconf 86' lang='lat' dir='ltr'><strong>anno</strong></span> <span class='ocrx_word' id='word_1_149' title='bbox 1164 2089 1252 2163; x_wconf 87' lang='lat' dir='ltr'><strong>idern</strong></span> 
     </span>
     <span class='ocr_line' id='line_1_20' title="bbox 115 2181 1252 2283; baseline 0.004 -29"><span class='ocrx_word' id='word_1_150' title='bbox 115 2181 316 2256; x_wconf 80' lang='lat' dir='ltr'><strong>Ludeuious</strong></span> <span class='ocrx_word' id='word_1_151' title='bbox 335 2183 375 2254; x_wconf 93' lang='lat' dir='ltr'><strong>ad</strong></span> <span class='ocrx_word' id='word_1_152' title='bbox 394 2185 661 2278; x_wconf 88' lang='lat' dir='ltr'><strong>complacendum</strong></span> <span class='ocrx_word' id='word_1_153' title='bbox 684 2189 805 2283; x_wconf 92' lang='lat' dir='ltr'><strong>populo</strong></span> <span class='ocrx_word' id='word_1_154' title='bbox 823 2187 973 2260; x_wconf 87' lang='lat' dir='ltr'><strong>Romano</strong></span> <span class='ocrx_word' id='word_1_155' title='bbox 997 2199 1030 2258; x_wconf 89' lang='lat' dir='ltr'><strong>et</strong></span> <span class='ocrx_word' id='word_1_156' title='bbox 1053 2187 1093 2258; x_wconf 95' lang='lat' dir='ltr'><strong>ad</strong></span> <span class='ocrx_word' id='word_1_157' title='bbox 1116 2209 1252 2280; x_wconf 78' lang='lat' dir='ltr'><strong>sugge-</strong></span> 
     </span>
     <span class='ocr_line' id='line_1_21' title="bbox 116 2279 1250 2379; baseline 0.004 -27"><span class='ocrx_word' id='word_1_158' title='bbox 116 2285 257 2353; x_wconf 91' lang='lat' dir='ltr'><strong>stionem</strong></span> <span class='ocrx_word' id='word_1_159' title='bbox 276 2279 476 2376; x_wconf 84' lang='lat' dir='ltr'><strong>quorundam</strong></span> <span class='ocrx_word' id='word_1_160' title='bbox 491 2283 684 2356; x_wconf 85' lang='lat' dir='ltr'><strong>clericorum</strong></span> <span class='ocrx_word' id='word_1_161' title='bbox 703 2295 735 2356; x_wconf 89' lang='lat' dir='ltr'><strong>et</strong></span> <span class='ocrx_word' id='word_1_162' title='bbox 752 2286 921 2373; x_wconf 64' lang='lat' dir='ltr'><strong>laicorum,</strong></span> <span class='ocrx_word' id='word_1_163' title='bbox 940 2283 1102 2379; x_wconf 83' lang='lat' dir='ltr'><strong>quendam</strong></span> <span class='ocrx_word' id='word_1_164' title='bbox 1115 2284 1250 2356; x_wconf 83' lang='lat' dir='ltr'><strong>fratrem</strong></span> 
     </span>
     <span class='ocr_line' id='line_1_22' title="bbox 115 2373 1343 2470; baseline 0.004 -20"><span class='ocrx_word' id='word_1_165' title='bbox 115 2378 158 2450; x_wconf 92' lang='lat' dir='ltr'><strong>de</strong></span> <span class='ocrx_word' id='word_1_166' title='bbox 183 2377 298 2449; x_wconf 92' lang='lat' dir='ltr'><strong>ordine</strong></span> <span class='ocrx_word' id='word_1_167' title='bbox 321 2373 485 2451; x_wconf 83' lang='lat' dir='ltr'><strong>Minorem</strong></span> <span class='ocrx_word' id='word_1_168' title='bbox 512 2385 644 2452; x_wconf 92' lang='lat' dir='ltr'><strong>nomine</strong></span> <span class='ocrx_word' id='word_1_169' title='bbox 666 2383 798 2454; x_wconf 88' lang='lat' dir='ltr'><strong>Petrum</strong></span> <span class='ocrx_word' id='word_1_170' title='bbox 821 2382 863 2454; x_wconf 90' lang='lat' dir='ltr'><strong>de</strong></span> <span class='ocrx_word' id='word_1_171' title='bbox 888 2382 1048 2455; x_wconf 87' lang='lat' dir='ltr'><strong>Curvario</strong></span> <span class='ocrx_word' id='word_1_172' title='bbox 1072 2385 1192 2470; x_wconf 68' lang='lat' dir='ltr'><strong>erexit,</strong></span> <span class='ocrx_word' id='word_1_173' title='bbox 1216 2393 1250 2454; x_wconf 91' lang='lat' dir='ltr'><strong>et</strong></span> <span class='ocrx_word' id='word_1_174' title='bbox 1341 2391 1343 2396; x_wconf 85' lang='lat'>&#39;</span> 
     </span>
     <span class='ocr_line' id='line_1_23' title="bbox 113 2479 1249 2575; baseline 0.005 -27"><span class='ocrx_word' id='word_1_175' title='bbox 113 2485 190 2572; x_wconf 87' lang='lat' dir='ltr'><strong>post</strong></span> <span class='ocrx_word' id='word_1_176' title='bbox 204 2480 445 2549; x_wconf 87' lang='lat' dir='ltr'><strong>coronationem</strong></span> <span class='ocrx_word' id='word_1_177' title='bbox 460 2500 566 2567; x_wconf 65' lang='lat' dir='ltr'><strong>suam,</strong></span> <span class='ocrx_word' id='word_1_178' title='bbox 586 2491 619 2551; x_wconf 92' lang='lat' dir='ltr'><strong>ut</strong></span> <span class='ocrx_word' id='word_1_179' title='bbox 629 2479 725 2567; x_wconf 68' lang='lat' dir='ltr'><strong>inira,</strong></span> <span class='ocrx_word' id='word_1_180' title='bbox 736 2480 872 2574; x_wconf 82' lang='lat' dir='ltr'><strong>prefecit</strong></span> <span class='ocrx_word' id='word_1_181' title='bbox 884 2483 915 2552; x_wconf 94' lang='lat' dir='ltr'><strong>in</strong></span> <span class='ocrx_word' id='word_1_182' title='bbox 927 2502 1058 2575; x_wconf 69' lang='lat' dir='ltr'><strong>papam,</strong></span> <span class='ocrx_word' id='word_1_183' title='bbox 1076 2480 1131 2554; x_wconf 82' lang='lat' dir='ltr'><strong>vel</strong></span> <span class='ocrx_word' id='word_1_184' title='bbox 1141 2482 1249 2574; x_wconf 87' lang='lat' dir='ltr'><strong>potius</strong></span> 
     </span>
     <span class='ocr_line' id='line_1_24' title="bbox 113 2572 1248 2672; baseline 0.004 -28"><span class='ocrx_word' id='word_1_185' title='bbox 113 2577 146 2644; x_wconf 93' lang='lat' dir='ltr'><strong>in</strong></span> <span class='ocrx_word' id='word_1_186' title='bbox 166 2577 363 2668; x_wconf 58' lang='lat' dir='ltr'><strong>antipapam,</strong></span> <span class='ocrx_word' id='word_1_187' title='bbox 388 2572 558 2670; x_wconf 90' lang='lat' dir='ltr'><strong>deponens</strong></span> <span class='ocrx_word' id='word_1_188' title='bbox 577 2599 695 2672; x_wconf 89' lang='lat' dir='ltr'><strong>papam</strong></span> <span class='ocrx_word' id='word_1_189' title='bbox 710 2575 890 2650; x_wconf 86' lang='lat' dir='ltr'><strong>Iohannem</strong></span> <span class='ocrx_word' id='word_1_190' title='bbox 909 2581 1102 2650; x_wconf 89' lang='lat' dir='ltr'><strong>vicesimum</strong></span> <span class='ocrx_word' id='word_1_191' title='bbox 1119 2599 1248 2649; x_wconf 91' lang='lat' dir='ltr'><strong>secun-</strong></span> 
     </span>
     <span class='ocr_line' id='line_1_25' title="bbox 113 2670 1249 2768; baseline 0.001 -26"><span class='ocrx_word' id='word_1_192' title='bbox 113 2670 205 2760; x_wconf 60' lang='lat' dir='ltr'><strong>dum,</strong></span> <span class='ocrx_word' id='word_1_193' title='bbox 224 2674 276 2764; x_wconf 91' lang='lat' dir='ltr'><strong>qui</strong></span> <span class='ocrx_word' id='word_1_194' title='bbox 293 2681 369 2743; x_wconf 88' lang='lat' dir='ltr'><strong>tunc</strong></span> <span class='ocrx_word' id='word_1_195' title='bbox 386 2675 509 2744; x_wconf 90' lang='lat' dir='ltr'><strong>curiam</strong></span> <span class='ocrx_word' id='word_1_196' title='bbox 526 2673 708 2746; x_wconf 88' lang='lat' dir='ltr'><strong>Romanam</strong></span> <span class='ocrx_word' id='word_1_197' title='bbox 726 2675 894 2747; x_wconf 86' lang='lat' dir='ltr'><strong>Avinione</strong></span> <span class='ocrx_word' id='word_1_198' title='bbox 915 2671 1056 2746; x_wconf 89' lang='lat' dir='ltr'><strong>tenebat.</strong></span> <span class='ocrx_word' id='word_1_199' title='bbox 1091 2675 1152 2762; x_wconf 86' lang='lat' dir='ltr'><strong>Qui</strong></span> <span class='ocrx_word' id='word_1_200' title='bbox 1171 2676 1249 2768; x_wconf 91' lang='lat' dir='ltr'><strong>qui-</strong></span> 
     </span>
     <span class='ocr_line' id='line_1_26' title="bbox 113 2767 1248 2867; baseline 0 -24"><span class='ocrx_word' id='word_1_201' title='bbox 113 2767 191 2843; x_wconf 89' lang='lat' dir='ltr'><strong>dem</strong></span> <span class='ocrx_word' id='word_1_202' title='bbox 209 2772 359 2864; x_wconf 83' lang='lat' dir='ltr'><strong>antipapa</strong></span> <span class='ocrx_word' id='word_1_203' title='bbox 377 2791 416 2840; x_wconf 90' lang='lat' dir='ltr'><strong>se</strong></span> <span class='ocrx_word' id='word_1_204' title='bbox 434 2771 611 2866; x_wconf 87' lang='lat' dir='ltr'><strong>appellavit</strong></span> <span class='ocrx_word' id='word_1_205' title='bbox 629 2771 798 2845; x_wconf 90' lang='lat' dir='ltr'><strong>Nicolaum</strong></span> <span class='ocrx_word' id='word_1_206' title='bbox 822 2775 966 2867; x_wconf 86' lang='lat' dir='ltr'><strong>quintum</strong></span> <span class='ocrx_word' id='word_1_207' title='bbox 985 2783 1018 2844; x_wconf 92' lang='lat' dir='ltr'><strong>et</strong></span> <span class='ocrx_word' id='word_1_208' title='bbox 1034 2782 1248 2845; x_wconf 85' lang='lat' dir='ltr'><strong>consecratus</strong></span> 
     </span>
     <span class='ocr_line' id='line_1_27' title="bbox 113 2863 1417 2960; baseline 0.001 -20"><span class='ocrx_word' id='word_1_209' title='bbox 113 2875 166 2940; x_wconf 84' lang='lat' dir='ltr'><strong>est</strong></span> <span class='ocrx_word' id='word_1_210' title='bbox 183 2863 224 2936; x_wconf 90' lang='lat' dir='ltr'><strong>ab</strong></span> <span class='ocrx_word' id='word_1_211' title='bbox 236 2869 391 2960; x_wconf 87' lang='lat' dir='ltr'><strong>episcopo</strong></span> <span class='ocrx_word' id='word_1_212' title='bbox 403 2867 592 2940; x_wconf 85' lang='lat' dir='ltr'><strong>Castellano</strong></span> <span class='ocrx_word' id='word_1_213' title='bbox 610 2871 730 2942; x_wconf 83' lang='lat' dir='ltr'><strong>etaliis</strong></span> <span class='ocrx_word' id='word_1_214' title='bbox 741 2869 961 2943; x_wconf 86' lang='lat' dir='ltr'><strong>heresiarchis</strong></span> <span class='ocrx_word' id='word_1_215' title='bbox 972 2874 1010 2942; x_wconf 92' lang='lat' dir='ltr'><strong>in</strong></span> <span class='ocrx_word' id='word_1_216' title='bbox 1028 2867 1118 2942; x_wconf 86' lang='lat' dir='ltr'><strong>urbe.</strong></span> <span class='ocrx_word' id='word_1_217' title='bbox 1147 2868 1249 2940; x_wconf 86' lang='lat' dir='ltr'><strong>Anno</strong></span> <span class='ocrx_word' id='word_1_218' title='bbox 1355 2897 1359 2904; x_wconf 91' lang='lat'>·</span> <span class='ocrx_word' id='word_1_219' title='bbox 1411 2897 1417 2904; x_wconf 94' lang='lat'><em>·</em></span> 
     </span>
     <span class='ocr_line' id='line_1_28' title="bbox 111 2961 1248 3058; baseline 0.003 -25"><span class='ocrx_word' id='word_1_220' title='bbox 111 2961 260 3058; x_wconf 90' lang='lat' dir='ltr'><strong>predicto</strong></span> <span class='ocrx_word' id='word_1_221' title='bbox 282 2967 315 3035; x_wconf 96' lang='lat' dir='ltr'><strong>in</strong></span> <span class='ocrx_word' id='word_1_222' title='bbox 339 2987 456 3038; x_wconf 88' lang='lat' dir='ltr'><strong>mense</strong></span> <span class='ocrx_word' id='word_1_223' title='bbox 480 2969 625 3038; x_wconf 82' lang='lat' dir='ltr'><strong>ianumio</strong></span> <span class='ocrx_word' id='word_1_224' title='bbox 644 2970 723 3058; x_wconf 89' lang='lat' dir='ltr'><strong>[ian.</strong></span> <span class='ocrx_word' id='word_1_225' title='bbox 746 2966 807 3058; x_wconf 79' lang='lat'><strong>17]</strong></span> <span class='ocrx_word' id='word_1_226' title='bbox 833 2980 1007 3040; x_wconf 91' lang='lat' dir='ltr'><strong>coronatus</strong></span> <span class='ocrx_word' id='word_1_227' title='bbox 1029 2965 1116 3039; x_wconf 89' lang='lat' dir='ltr'><strong>idem</strong></span> <span class='ocrx_word' id='word_1_228' title='bbox 1133 2965 1248 3038; x_wconf 85' lang='lat' dir='ltr'><strong>Lude-</strong></span> 
     </span>
     <span class='ocr_line' id='line_1_29' title="bbox 113 3062 1247 3161; baseline 0.003 -30"><span class='ocrx_word' id='word_1_229' title='bbox 113 3062 222 3132; x_wconf 87' lang='lat' dir='ltr'><strong>wicus</strong></span> <span class='ocrx_word' id='word_1_230' title='bbox 239 3064 273 3131; x_wconf 92' lang='lat' dir='ltr'><strong>in</strong></span> <span class='ocrx_word' id='word_1_231' title='bbox 287 3065 517 3156; x_wconf 89' lang='lat' dir='ltr'><strong>imperatorem</strong></span> <span class='ocrx_word' id='word_1_232' title='bbox 535 3068 567 3136; x_wconf 91' lang='lat' dir='ltr'><strong>in</strong></span> <span class='ocrx_word' id='word_1_233' title='bbox 584 3065 677 3152; x_wconf 65' lang='lat' dir='ltr'><strong>urbe,</strong></span> <span class='ocrx_word' id='word_1_234' title='bbox 695 3077 728 3136; x_wconf 90' lang='lat' dir='ltr'><strong>el</strong></span> <span class='ocrx_word' id='word_1_235' title='bbox 745 3063 786 3136; x_wconf 90' lang='lat' dir='ltr'><strong>ab</strong></span> <span class='ocrx_word' id='word_1_236' title='bbox 804 3089 845 3136; x_wconf 89' lang='lat' dir='ltr'><strong>eo</strong></span> <span class='ocrx_word' id='word_1_237' title='bbox 862 3077 1009 3161; x_wconf 89' lang='lat' dir='ltr'><strong>tempore</strong></span> <span class='ocrx_word' id='word_1_238' title='bbox 1027 3069 1105 3137; x_wconf 91' lang='lat' dir='ltr'><strong>citra</strong></span> <span class='ocrx_word' id='word_1_239' title='bbox 1125 3086 1163 3137; x_wconf 90' lang='lat' dir='ltr'><strong>se</strong></span> <span class='ocrx_word' id='word_1_240' title='bbox 1179 3067 1247 3134; x_wconf 92' lang='lat' dir='ltr'><strong>im-</strong></span> 
     </span>
     <span class='ocr_line' id='line_1_30' title="bbox 111 3158 1286 3259; baseline 0.004 -32"><span class='ocrx_word' id='word_1_241' title='bbox 111 3167 300 3252; x_wconf 89' lang='lat' dir='ltr'><strong>peratorem</strong></span> <span class='ocrx_word' id='word_1_242' title='bbox 318 3163 456 3254; x_wconf 89' lang='lat' dir='ltr'><strong>scripsit.</strong></span> <span class='ocrx_word' id='word_1_243' title='bbox 507 3159 580 3233; x_wconf 91' lang='lat' dir='ltr'><strong>Non</strong></span> <span class='ocrx_word' id='word_1_244' title='bbox 606 3163 783 3256; x_wconf 60' lang='lat' dir='ltr'><strong>intelligas„</strong></span> <span class='ocrx_word' id='word_1_245' title='bbox 807 3161 892 3259; x_wconf 87' lang='lat' dir='ltr'><strong>quod</strong></span> <span class='ocrx_word' id='word_1_246' title='bbox 913 3167 1063 3256; x_wconf 88' lang='lat' dir='ltr'><strong>antipapa</strong></span> <span class='ocrx_word' id='word_1_247' title='bbox 1103 3158 1247 3233; x_wconf 87' lang='lat' dir='ltr'><strong>redictus</strong></span> <span class='ocrx_word' id='word_1_248' title='bbox 1275 3235 1286 3242; x_wconf 72' lang='grc'><strong>,,</strong></span> 
     </span>
     <span class='ocr_line' id='line_1_31' title="bbox 111 3187 1248 3356; baseline 0.004 -30"><span class='ocrx_word' id='word_1_249' title='bbox 111 3259 221 3350; x_wconf 88' lang='lat' dir='ltr'><strong>ipsum</strong></span> <span class='ocrx_word' id='word_1_250' title='bbox 239 3260 409 3330; x_wconf 85' lang='lat' dir='ltr'><strong>coronavit</strong></span> <span class='ocrx_word' id='word_1_251' title='bbox 426 3283 444 3330; x_wconf 94' lang='lat' dir='ltr'><strong>a</strong></span> <span class='ocrx_word' id='word_1_252' title='bbox 463 3263 639 3355; x_wconf 62' lang='lat' dir='ltr'><strong>principio„</strong></span> <span class='ocrx_word' id='word_1_253' title='bbox 666 3260 727 3334; x_wconf 90' lang='lat' dir='ltr'><strong>sed</strong></span> <span class='ocrx_word' id='word_1_254' title='bbox 749 3259 878 3355; x_wconf 85' lang='lat' dir='ltr'><strong>quidam</strong></span> <span class='ocrx_word' id='word_1_255' title='bbox 902 3263 1052 3356; x_wconf 89' lang='lat' dir='ltr'><strong>antiquus</strong></span> <span class='ocrx_word' id='word_1_256' title='bbox 1078 3187 1248 3332; x_wconf 74' lang='lat' dir='ltr'><strong>humanus</strong></span> 
     </span>
     <span class='ocr_line' id='line_1_32' title="bbox 111 3351 1247 3454; baseline 0.004 -32"><span class='ocrx_word' id='word_1_257' title='bbox 111 3351 281 3448; x_wconf 82' lang='lat' dir='ltr'><strong>prefectus</strong></span> <span class='ocrx_word' id='word_1_258' title='bbox 300 3353 388 3430; x_wconf 87' lang='lat' dir='ltr'><strong>urbis</strong></span> <span class='ocrx_word' id='word_1_259' title='bbox 407 3366 439 3427; x_wconf 88' lang='lat' dir='ltr'><strong>et</strong></span> <span class='ocrx_word' id='word_1_260' title='bbox 456 3356 606 3430; x_wconf 87' lang='lat' dir='ltr'><strong>dominus</strong></span> <span class='ocrx_word' id='word_1_261' title='bbox 624 3362 656 3430; x_wconf 93' lang='lat' dir='ltr'><strong>in</strong></span> <span class='ocrx_word' id='word_1_262' title='bbox 672 3359 829 3449; x_wconf 67' lang='lat' dir='ltr'><strong>euterun,</strong></span> <span class='ocrx_word' id='word_1_263' title='bbox 848 3357 1007 3432; x_wconf 91' lang='lat' dir='ltr'><strong>dominica</strong></span> <span class='ocrx_word' id='word_1_264' title='bbox 1026 3381 1088 3454; x_wconf 86' lang='lat' dir='ltr'><strong>qua</strong></span> <span class='ocrx_word' id='word_1_265' title='bbox 1106 3360 1247 3429; x_wconf 88' lang='lat' dir='ltr'><strong>canitur:</strong></span> 
     </span>
     <span class='ocr_line' id='line_1_33' title="bbox 112 3447 1248 3551; baseline 0.004 -32"><span class='ocrx_word' id='word_1_266' title='bbox 112 3447 229 3521; x_wconf 85' lang='lat' dir='ltr'><strong>Omnis</strong></span> <span class='ocrx_word' id='word_1_267' title='bbox 254 3463 350 3524; x_wconf 87' lang='lat' dir='ltr'><strong>terra.</strong></span> <span class='ocrx_word' id='word_1_268' title='bbox 394 3453 435 3527; x_wconf 85' lang='lat' dir='ltr'><strong>Et</strong></span> <span class='ocrx_word' id='word_1_269' title='bbox 464 3466 538 3551; x_wconf 90' lang='lat' dir='ltr'><strong>post</strong></span> <span class='ocrx_word' id='word_1_270' title='bbox 564 3454 648 3528; x_wconf 88' lang='lat' dir='ltr'><strong>hanc</strong></span> <span class='ocrx_word' id='word_1_271' title='bbox 674 3461 918 3530; x_wconf 88' lang='lat' dir='ltr'><strong>coronationem</strong></span> <span class='ocrx_word' id='word_1_272' title='bbox 946 3457 1064 3528; x_wconf 91' lang='lat' dir='ltr'><strong>eodem</strong></span> <span class='ocrx_word' id='word_1_273' title='bbox 1092 3477 1178 3528; x_wconf 90' lang='lat' dir='ltr'><strong>anno</strong></span> <span class='ocrx_word' id='word_1_274' title='bbox 1205 3451 1248 3526; x_wconf 89' lang='lat' dir='ltr'><strong>de</strong></span> 
     </span>
     <span class='ocr_line' id='line_1_34' title="bbox 110 3550 1247 3649; baseline 0.003 -29"><span class='ocrx_word' id='word_1_275' title='bbox 110 3569 231 3620; x_wconf 89' lang='lat' dir='ltr'><strong>mense</strong></span> <span class='ocrx_word' id='word_1_276' title='bbox 255 3550 365 3645; x_wconf 91' lang='lat' dir='ltr'><strong>aprilis</strong></span> <span class='ocrx_word' id='word_1_277' title='bbox 389 3556 539 3648; x_wconf 88' lang='lat' dir='ltr'><strong>sequenti</strong></span> <span class='ocrx_word' id='word_1_278' title='bbox 563 3557 642 3645; x_wconf 90' lang='lat' dir='ltr'><strong>[mai</strong></span> <span class='ocrx_word' id='word_1_279' title='bbox 662 3555 743 3646; x_wconf 72' lang='grc'><strong>12],</strong></span> <span class='ocrx_word' id='word_1_280' title='bbox 768 3555 948 3649; x_wconf 90' lang='lat' dir='ltr'><strong>predictum</strong></span> <span class='ocrx_word' id='word_1_281' title='bbox 965 3553 1097 3628; x_wconf 84' lang='lat' dir='ltr'><strong>Petrum</strong></span> <span class='ocrx_word' id='word_1_282' title='bbox 1114 3556 1247 3648; x_wconf 88' lang='lat' dir='ltr'><strong>antipa-</strong></span> 
     </span>
     <span class='ocr_line' id='line_1_35' title="bbox 109 3647 1246 3748; baseline 0.004 -32"><span class='ocrx_word' id='word_1_283' title='bbox 109 3668 189 3741; x_wconf 92' lang='lat' dir='ltr'><strong>pam</strong></span> <span class='ocrx_word' id='word_1_284' title='bbox 211 3657 245 3718; x_wconf 90' lang='lat' dir='ltr'><strong>ut</strong></span> <span class='ocrx_word' id='word_1_285' title='bbox 261 3647 437 3742; x_wconf 90' lang='lat' dir='ltr'><strong>predicitur</strong></span> <span class='ocrx_word' id='word_1_286' title='bbox 457 3651 544 3740; x_wconf 70' lang='lat' dir='ltr'><strong>lecit</strong></span> <span class='ocrx_word' id='word_1_287' title='bbox 569 3655 621 3748; x_wconf 88' lang='lat' dir='ltr'><strong>qui</strong></span> <span class='ocrx_word' id='word_1_288' title='bbox 642 3663 757 3747; x_wconf 89' lang='lat' dir='ltr'><strong>postea</strong></span> <span class='ocrx_word' id='word_1_289' title='bbox 781 3653 972 3728; x_wconf 85' lang='lat' dir='ltr'><strong>exercitium</strong></span> <span class='ocrx_word' id='word_1_290' title='bbox 993 3650 1093 3744; x_wconf 85' lang='lat' dir='ltr'><strong>gladii</strong></span> <span class='ocrx_word' id='word_1_291' title='bbox 1112 3661 1246 3744; x_wconf 84' lang='lat' dir='ltr'><strong>tempe·</strong></span> 
     </span>
     <span class='ocr_line' id='line_1_36' title="bbox 109 3743 1247 3844; baseline 0 -28"><span class='ocrx_word' id='word_1_292' title='bbox 109 3743 191 3816; x_wconf 87' lang='lat' dir='ltr'><strong>ralis</strong></span> <span class='ocrx_word' id='word_1_293' title='bbox 209 3749 370 3820; x_wconf 88' lang='lat' dir='ltr'><strong>commisit</strong></span> <span class='ocrx_word' id='word_1_294' title='bbox 387 3747 504 3820; x_wconf 90' lang='lat' dir='ltr'><strong>eidem.</strong></span> <span class='ocrx_word' id='word_1_295' title='bbox 534 3749 602 3821; x_wconf 90' lang='lat' dir='ltr'><strong>Sed</strong></span> <span class='ocrx_word' id='word_1_296' title='bbox 620 3761 696 3844; x_wconf 86' lang='lat' dir='ltr'><strong>post</strong></span> <span class='ocrx_word' id='word_1_297' title='bbox 709 3772 882 3824; x_wconf 86' lang='lat' dir='ltr'><strong>recessum</strong></span> <span class='ocrx_word' id='word_1_298' title='bbox 900 3748 1068 3822; x_wconf 85' lang='lat' dir='ltr'><strong>ludewici</strong></span> <span class='ocrx_word' id='word_1_299' title='bbox 1084 3747 1126 3820; x_wconf 94' lang='lat' dir='ltr'><strong>de</strong></span> <span class='ocrx_word' id='word_1_300' title='bbox 1142 3745 1247 3834; x_wconf 64' lang='lat' dir='ltr'><strong>ltalia„</strong></span> 
     </span>
     <span class='ocr_line' id='line_1_37' title="bbox 109 3837 1246 3944; baseline 0.004 -32"><span class='ocrx_word' id='word_1_301' title='bbox 109 3837 247 3914; x_wconf 88' lang='lat' dir='ltr'><strong>rediens</strong></span> <span class='ocrx_word' id='word_1_302' title='bbox 265 3849 415 3940; x_wconf 88' lang='lat' dir='ltr'><strong>antipapa</strong></span> <span class='ocrx_word' id='word_1_303' title='bbox 432 3843 472 3918; x_wconf 90' lang='lat' dir='ltr'><strong>ad</strong></span> <span class='ocrx_word' id='word_1_304' title='bbox 491 3851 629 3936; x_wconf 85' lang='lat' dir='ltr'><strong>gratiam</strong></span> <span class='ocrx_word' id='word_1_305' title='bbox 644 3846 797 3920; x_wconf 90' lang='lat' dir='ltr'><strong>lobannis</strong></span> <span class='ocrx_word' id='word_1_306' title='bbox 818 3870 916 3943; x_wconf 64' lang='lat' dir='ltr'><strong>pape,</strong></span> <span class='ocrx_word' id='word_1_307' title='bbox 938 3850 1072 3944; x_wconf 84' lang='lat' dir='ltr'><strong>penituit</strong></span> <span class='ocrx_word' id='word_1_308' title='bbox 1089 3845 1130 3918; x_wconf 94' lang='lat' dir='ltr'><strong>de</strong></span> <span class='ocrx_word' id='word_1_309' title='bbox 1149 3866 1246 3916; x_wconf 91' lang='lat' dir='ltr'><strong>eom-</strong></span> 
     </span>
     <span class='ocr_line' id='line_1_38' title="bbox 110 3939 1246 4040; baseline 0.002 -28"><span class='ocrx_word' id='word_1_310' title='bbox 110 3939 238 4030; x_wconf 69' lang='lat' dir='ltr'><strong>missis,</strong></span> <span class='ocrx_word' id='word_1_311' title='bbox 253 3953 287 4016; x_wconf 90' lang='lat' dir='ltr'><strong>et</strong></span> <span class='ocrx_word' id='word_1_312' title='bbox 297 3943 444 4038; x_wconf 87' lang='lat' dir='ltr'><strong>seprdtus</strong></span> <span class='ocrx_word' id='word_1_313' title='bbox 456 3953 510 4016; x_wconf 89' lang='lat' dir='ltr'><strong>est</strong></span> <span class='ocrx_word' id='word_1_314' title='bbox 520 3943 701 4036; x_wconf 68' lang='lat' dir='ltr'><strong>Aviniona</strong></span> <span class='ocrx_word' id='word_1_315' title='bbox 719 3957 753 4017; x_wconf 87' lang='lat' dir='ltr'><strong>ut</strong></span> <span class='ocrx_word' id='word_1_316' title='bbox 769 3968 867 4040; x_wconf 91' lang='lat' dir='ltr'><strong>supra</strong></span> <span class='ocrx_word' id='word_1_317' title='bbox 881 3947 1033 4017; x_wconf 88' lang='lat' dir='ltr'><strong>invenies</strong></span> <span class='ocrx_word' id='word_1_318' title='bbox 1047 3947 1131 4016; x_wconf 85' lang='lat' dir='ltr'><strong>inter</strong></span> <span class='ocrx_word' id='word_1_319' title='bbox 1149 3949 1246 4034; x_wconf 85' lang='lat' dir='ltr'><strong>geste</strong></span> 
     </span>
     <span class='ocr_line' id='line_1_39' title="bbox 109 4037 531 4135; baseline 0.009 -26"><span class='ocrx_word' id='word_1_320' title='bbox 109 4037 267 4111; x_wconf 91' lang='lat' dir='ltr'><strong>lobannis</strong></span> <span class='ocrx_word' id='word_1_321' title='bbox 284 4063 369 4135; x_wconf 89' lang='lat' dir='ltr'><strong>papa</strong></span> <span class='ocrx_word' id='word_1_322' title='bbox 386 4041 531 4135; x_wconf 89' lang='lat' dir='ltr'><strong>predicti.</strong></span> 
     </span>
    </p>

    <p class='ocr_par' dir='ltr' id='par_1_4' title="bbox 161 4133 1245 4237">
     <span class='ocr_line' id='line_1_40' title="bbox 161 4133 1245 4237; baseline 0.002 -29"><span class='ocrx_word' id='word_1_323' title='bbox 161 4133 289 4208; x_wconf 83' lang='lat' dir='ltr'><strong>Eodem</strong></span> <span class='ocrx_word' id='word_1_324' title='bbox 307 4161 395 4210; x_wconf 86' lang='lat' dir='ltr'><strong>anno</strong></span> <span class='ocrx_word' id='word_1_325' title='bbox 411 4138 588 4212; x_wconf 89' lang='lat' dir='ltr'><strong>cumidem</strong></span> <span class='ocrx_word' id='word_1_326' title='bbox 605 4137 804 4216; x_wconf 81' lang='lat' dir='ltr'><strong>ludewicus</strong></span> <span class='ocrx_word' id='word_1_327' title='bbox 822 4141 1085 4237; x_wconf 80' lang='lat' dir='ltr'><strong>proficisceretur</strong></span> <span class='ocrx_word' id='word_1_328' title='bbox 1104 4139 1146 4212; x_wconf 88' lang='lat' dir='ltr'><strong>do</strong></span> <span class='ocrx_word' id='word_1_329' title='bbox 1165 4137 1245 4212; x_wconf 82' lang='lat' dir='ltr'><strong>rubo</strong></span> 
     </span>
    </p>
   </div>
   <div class='ocr_carea' id='block_1_3' title="bbox 112 4235 1246 4338">
    <p class='ocr_par' dir='ltr' id='par_1_5' title="bbox 112 4235 1246 4344">
     <span class='ocr_line' id='line_1_41' title="bbox 112 4235 1246 4338; baseline 0.01 -35"><span class='ocrx_word' id='word_1_330' title='bbox 112 4235 213 4325; x_wconf 82' lang='lat' dir='ltr'><strong>[iun]</strong></span> <span class='ocrx_word' id='word_1_331' title='bbox 239 4257 428 4333; x_wconf 86' lang='lat' dir='ltr'><strong>proponens</strong></span> <span class='ocrx_word' id='word_1_332' title='bbox 458 4236 579 4311; x_wconf 91' lang='lat' dir='ltr'><strong>intrare</strong></span> <span class='ocrx_word' id='word_1_333' title='bbox 605 4237 899 4335; x_wconf 83' lang='lat' dir='ltr'><strong>Apulianroontra</strong></span> <span class='ocrx_word' id='word_1_334' title='bbox 924 4236 1103 4338; x_wconf 73' lang='lat' dir='ltr'><strong>Rupes-tum</strong></span> <span class='ocrx_word' id='word_1_335' title='bbox 1128 4256 1246 4334; x_wconf 84' lang='lat' dir='ltr'><strong>regem</strong></span> 
     </span>
    </p>
   </div>
   <div class='ocr_carea' id='block_1_4' title="bbox 0 0 1510 4822">
    <p class='ocr_par' dir='ltr' id='par_1_6' title="bbox 0 0 1510 4822">
     <span class='ocr_line' id='line_1_42' title="bbox 0 0 1510 4822; baseline 0 5"><span class='ocrx_word' id='word_1_336' title='bbox 0 0 1510 4822; x_wconf 95' lang='lat' dir='ltr'><strong> </strong></span> 
     </span>
    </p>
   </div>
  </div>
 </body>
</html>
