3010 4822
471 193 917 260 mmmoosonooommsn.
1186 199 1256 295 535

124 368 345 444 Frankeulurt
370 370 510 462 eligitur.
542 371 604 458 Qui
631 367 777 465 pluribus
801 368 992 446 ebdomadis
1016 394 1090 446 oum
1113 376 1257 469 puteum
1272 383 1342 444 1349

124 477 250 544 oman
276 470 309 540 iu
333 469 456 562 eampis
483 469 572 542 iuxta
600 466 820 542 Fronkeoiurt
841 470 939 542 iuouit
962 481 1037 542 onte
1061 469 1256 542 electionem

124 587 233 654 suum,
259 567 401 637 maxime
424 587 485 658 per
504 565 659 638 armillum
676 563 860 658 Mogontini
876 589 916 640 oo
932 565 1070 663 Ruperti
1086 571 1257 662 prescrip-

123 659 395 751 erumnarum
421 661 528 736 udhuo
550 665 582 735 in
607 661 763 736 Bohemiu
792 665 965 738 existente.
1000 665 1072 754 Quo
1099 667 1257 737 veniente

122 765 214 836 iuxto
231 757 384 834 Rhenum
408 759 505 855 aliqui
525 763 761 855 premissorum
779 759 958 834 electorum
981 765 1024 834 ito
1042 763 1173 835 sineere
1190 784 1257 836 non

123 861 283 934 ossistumt
298 854 457 951 predicto,
474 856 629 932 videlieet
652 860 758 932 eleoto
774 857 817 930 de
836 857 1140 950 Sohwuruenhurg,
1160 869 1257 954 prout

122 966 200 1028 ante
217 957 443 1050 promiserant.
476 953 579 1028 Immo
602 956 699 1050 aliqui
722 976 837 1030 eorum
854 965 929 1054 post
948 958 1142 1030 electionem
1160 978 1255 1030 suom

122 1051 374 1128 declinaverunt
389 1051 431 1126 od
447 1063 574 1148 perlem
591 1051 712 1126 Koroli.

170 1150 224 1224 Do
242 1172 358 1226 menso
376 1153 530 1226 mertiiio
550 1149 710 1224 dominica
728 1151 981 1248 quadragesime
1002 1153 1109 1244 [meru
1132 1151 1170 1242 1]
1191 1173 1255 1226 su-

120 1247 863 1442 tttttttttltt‘lttttttttltt
877 1247 1266 1442 tttttttltlttt

120 1465 245 1532 verso,
278 1447 356 1536 que¹
387 1465 473 1514 anno
507 1441 627 1516 domini
660 1443 838 1516 moeotiii.
873 1443 915 1516 de
949 1464 1066 1516 mense
1099 1441 1254 1516 februarii

122 1538 205 1634 [ioh.
222 1539 262 1634 2]
281 1537 366 1614 obiit.
399 1538 484 1612 Num
506 1543 596 1635 prior
615 1561 699 1630 uxor
719 1562 793 1634 suu,
813 1562 908 1614 soror
924 1543 1016 1634 regis
1034 1539 1172 1614 Fronoie
1196 1539 1255 1612 luit

120 1641 219 1712 etiem
237 1650 373 1712 mortuo.
1254 1679 1256 1685 ,

170 1738 259 1829 Regi
271 1735 393 1811 Konolo
406 1758 523 1812 omnes
540 1739 690 1810 civitates
706 1738 833 1830 imperii
849 1738 881 1808 in
895 1734 1069 1810 Alumonio
1083 1737 1253 1828 assistunt,

117 1834 222 1910 tribus
238 1837 386 1930 exeeptis
404 1856 468 1928 que
485 1837 644 1908 assistunt
659 1833 705 1906 illi
721 1833 763 1904 de
777 1831 1081 1925 Sohworzenhurg‚
1099 1832 1254 1908 videlieet

117 1935 146 2006 F
147 1931 352 2022 rankenfum,
368 1929 559 2024 Fridbercln‚
577 1929 828 2025 Geylnhuusen,
846 1954 909 2026 que
928 1940 1003 2004 sunt
1019 1927 1253 2003 inWetheru-

117 2035 197 2106 wis
228 2027 272 2103 Et
287 2032 502 2102 oommuniter
518 2029 639 2100 derisio
659 2027 789 2101 videtur
806 2025 1001 2118 tumnitros,
1025 2026 1111 2122 quod
1134 2027 1188 2102 hio
1210 2028 1252 2101 tle

117 2151 226 2220 regno
250 2149 289 2200 se
307 2129 498 2216 intromittit,
522 2127 596 2220 quio
618 2125 760 2199 Korolus
780 2125 914 2216 divitis,
936 2122 1114 2198 honoribus
1139 2135 1173 2197 et
1194 2128 1252 2197 iu-

117 2230 205 2300 stitio
222 2225 301 2300 torti
318 2225 443 2316 regulis
460 2226 568 2319 ipsum
585 2222 725 2296 exoedit.

169 2323 221 2395 De
239 2343 355 2396 mense
372 2322 464 2416 aprili
476 2320 617 2396 Kurolus
632 2319 770 2416 inspira
784 2330 954 2394 naculum
972 2343 1128 2416 maguum
1141 2317 1252 2394 habuit

118 2445 194 2494 oum
210 2418 393 2494 civitatibus
412 2420 538 2514 imperii
553 2419 586 2490 in
603 2417 729 2491 Suevin
749 2429 783 2491 et
801 2420 890 2491 iuxta
907 2417 1070 2493 Rhenum.
1103 2415 1148 2490 Et
1164 2439 1251 2492 oon-

118 2519 287 2592 iederotus
305 2527 358 2590 est
374 2539 449 2588 oum
466 2519 525 2589 eis.

165 2616 219 2691 De
246 2637 363 2686 mense
397 2616 471 2686 moii
497 2617 700 2710 prescriptos
726 2613 869 2688 Knrolus
896 2625 1101 2707 oongregoto
1128 2639 1252 2710 magno

118 2716 268 2788 exercitu
290 2715 381 2784 iuxta
403 2709 607 2804 Mogontiom
633 2734 694 2808 per
717 2713 872 2784 auxilium
899 2713 1064 2784 ciuitatum
1087 2713 1196 2786 Rheni
1219 2723 1252 2788 ot

117 2811 250 2886 Gerlnoi
269 2807 506 2904 archiepiscopi
522 2809 707 2901 Moguntini
731 2832 769 2882 so
792 2813 882 2904 ponit
904 2805 947 2880 od
969 2831 1120 2906 eampum
1139 2819 1252 2884 contm

117 2911 347 2984 adversarium
372 2930 468 2980 suum
487 2907 529 2978 de
544 2903 851 2999 Sohwuruenhurg‚
872 2908 926 3003 qui
945 2930 1020 2979 oum
1043 2911 1173 3004 antiquo
1190 2931 1251 2979 or-

115 3007 329 3101 eluiopisoopo
346 3003 539 3096 Mogontioo
557 3015 591 3076 et
609 3004 693 3076 duce
711 3005 764 3076 Ru
788 3013 858 3074 erto
874 3008 1057 3098 prescripto
1081 3016 1115 3078 et
1137 3027 1252 3078 eorum

115 3107 269 3183 exereitu
293 3124 331 3176 se
348 3105 451 3174 tenuit
472 3104 506 3175 in
529 3101 648 3196 oppido
664 3028 839 3196 Atttplyu
856 3105 946 3176 iuxta
962 3099 1175 3194 Mogontinm.
1210 3101 1253 3174 Et

116 3225 194 3277 eum
214 3211 351 3294 utroquo
368 3223 445 3295 pors
465 3222 504 3276 so
524 3209 717 3295 prepararet
741 3199 782 3272 od
798 3196 934 3289 bollum,
957 3195 1064 3272 subito
1083 3197 1252 3274 infirmitas

115 3297 345 3374 iuvasitillum
362 3293 724 3390 dominororum,
749 3306 783 3368 et
801 3307 986 3378 oontrootus
1010 3305 1062 3368 ost
1084 3293 1253 3384 manibus3

115 3395 205 3493 quod
222 3397 344 3469 inotum
360 3393 420 3468 sibi
438 3418 484 3468 ex
497 3416 630 3466 veneno
643 3395 755 3488 plures
771 3390 976 3468 asserebant.
1002 3391 1086 3464 Nom
1105 3392 1252 3468 medious

116 3517 201 3570 suus
224 3516 300 3570 oum
324 3489 384 3565 sibi
400 3496 566 3588 potionem
583 3495 768 3568 ministrare
785 3489 933 3584 deberet,
953 3501 1100 3567 astantes
1118 3488 1178 3566 sibi
1195 3490 1252 3561 di-

115 3589 238 3666 osbout
254 3588 340 3686 quod
355 3593 428 3686 ipse
446 3599 666 3686 progustaret
703 3589 765 3678 Qui
788 3613 862 3662 oum
885 3591 990 3684 primo
1014 3585 1252 3683 quodammodo

115 3683 885 3780 renuerettunourgeboutmedioumsumere;
899 3710 960 3782 qua
973 3683 1252 3780 motteasuupu,

115 3787 172 3860 die
189 3788 284 3858 tertio
302 3795 449 3858 mortuus
467 3795 519 3858 est
535 3783 692 3862 medicus.
719 3783 811 3856 Multi
825 3794 935 3865 nutem
947 3779 1097 3856 dioebnnt
1110 3781 1253 3856 viudioto

117 3885 231 3958 tiviro
248 3883 339 3956 illurn
354 3881 395 3956 de
408 3879 701 3976 Schwarzenburg
713 3891 780 3954 tum
793 3878 899 3956 subito
913 3877 1119 3955 decumbere.
1138 3879 1253 3950 Stante

117 3993 231 4059 arou
249 3991 386 4076 uroque
403 3983 552 4060 exercitu
567 3977 970 4076 superremrtuternens
986 3976 1130 4062 morolio
1140 3975 1253 4053 Bran-

117 4079 362 4172 deulturgeosis
378 4100 571 4174 sompnum
587 4089 700 4172 geute.
727 4077 789 4164 Qui
806 4077 1005 4164 familiariter
1022 4085 1055 4152 et
1070 4069 1251 4164 honorifice

173 4201 204 4276 i)
222 4218 274 4275 que
291 4197 329 4260 ist
345 4217 400 4262 von
418 4200 468 4260 mir
484 4205 603 4274 orgium.
638 4201 670 4274 2)
688 4199 777 4263 Etntt
