2966 4842
429 211 629 272 munuum
642 211 831 271 inmunem.
1175 219 1222 290 15

90 373 307 466 omnipotenti
324 369 389 442 deo
406 367 630 460 atutbuarunt,
654 379 687 440 et
706 371 769 460 [ut]
788 391 848 464 pro
865 373 984 444 oooisis
1001 379 1035 440 et
1050 368 1228 442 iuterfeotis

91 469 156 542 deo
174 470 425 558 satisfaoerent,
449 471 585 542 missam
607 479 766 562 perpetuo
784 465 1014 540 celebrandam
1031 465 1231 562 inhospitali

90 591 277 664 pauperum
295 565 500 639 dotaverunt.

142 665 229 738 Cum
246 675 357 736 autem
374 661 617 756 Friburgenses
636 666 685 736 sio
701 667 804 736 ooaoti
820 685 880 756 per
888 661 1081 738 Beruenses
1094 685 1154 758 pro
1165 687 1230 734 ou·-

90 764 213 838 stodia¹
241 765 381 836 civitatis
400 783 514 834 eorum
532 759 768 834 conduxissent
784 759 949 832 domiuum
963 759 1171 835 Burkardum
1188 759 1229 830 de

88 860 288 936 Ellerbaoh²
299 857 620 932 advooatumduuum
630 859 767 932 Austris
777 857 1007 952 predictorum,
1019 883 1061 932 ue
1071 858 1230 932 Beruen-

90 985 151 1034 ses
169 963 338 1032 civitatem
354 955 612 1047 Friburgensem
629 953 772 1028 funditus
791 955 958 1046 delerent,
975 955 1063 1028 idem
1080 954 1229 1029 domiuus

91 1057 136 1128 de
154 1055 334 1130 Eiierbaoh
358 1077 433 1128 oum
449 1049 725 1144 Frihurgeusibus
750 1063 784 1124 et
801 1054 871 1128 aliis
889 1076 972 1149 quos
990 1077 1105 1126 senum
1121 1049 1231 1124 ha'buit

89 1155 288 1228 Beruenses
306 1173 501 1248 expugnare
518 1173 578 1244 pro
595 1148 719 1224 viribus
731 1149 860 1222 studuit.
960 1151 1028 1222 Sed
1038 1151 1229 1236 Beruenses

91 1253 147 1323 dei
159 1253 249 1324 douo
260 1251 387 1324 viribus
397 1270 464 1322 nou
475 1249 631 1320 ooniraeti
642 1245 893 1322 etiulaboribus
905 1248 1076 1340 indefessi„
1094 1251 1127 1320 iu
1138 1249 1230 1342 equis

90 1361 124 1420 et
142 1355 176 1420 in
194 1348 381 1422 homiuibus
399 1367 532 1439 semper
549 1356 739 1436 creverunt,
757 1343 1062 1438 uhiFrihurgeuses
1073 1348 1180 1438 magis
1192 1367 1232 1416 ao

89 1451 202 1540 magis
227 1447 423 1518 deieoeruut
440 1465 513 1516 oum
531 1440 729 1516 adiutoribus
754 1442 952 1532 eorundem3
976 1465 1113 1538 quorum
1136 1441 1230 1514 malis

91 1545 266 1617 conatibus
278 1545 362 1617 dens
372 1543 500 1630 restitit,
512 1550 545 1612 et
555 1538 747 1612 Beruenses
755 1543 837 1612 mire
846 1565 907 1636 per
913 1545 1137 1637 prosperitatis
1145 1562 1230 1632 gra-

91 1645 169 1713 tiam
187 1665 326 1736 semper
342 1639 490 1712 nunno.

141 1739 309 1814 Veientes
322 1742 408 1810 euim
426 1735 544 1808 eodem
560 1745 708 1829 tempore
718 1733 911 1810 Beruenses
922 1735 1075 1810 obsidere
1087 1745 1229 1808 oestrum

91 1841 123 1910 in
139 1837 372 1930 Burgeusteiu
383 1845 417 1905 et
425 1837 532 1928 ipsum
543 1855 752 1926 expugnare,
771 1837 843 1928 quia
854 1834 882 1904 F
883 1831 1129 1927 riburgensibus
1146 1854 1230 1926 pre-

91 1933 157 2008 buit
174 1935 350 2022 aunuum
381 1935 487 2004 statim
504 1933 658 2023 inprime
676 1951 843 2021 aggressu
859 1935 962 2027 ipsius
980 1934 1078 2006 oastri
1101 1930 1230 2025 quidam

94 2035 144 2123 [e]
177 2029 409 2104 Beruensibus
439 2027 585 2119 dirigens
616 2031 768 2118 sagittam
797 2029 962 2102 dominum
984 2027 1159 2102 lordauum
1189 2024 1231 2097 de

90 2131 320 2223 Burgeustein
337 2125 471 2198 militem
488 2135 522 2195 et
537 2123 703 2196 domiuum
714 2124 863 2198 eiusdem
874 2131 983 2218 nostri
1002 2126 1229 2198 adversarium

92 2227 331 2316 demensum,
349 2229 382 2294 iu
400 2227 505 2318 capite
524 2222 737 2295 vulneravit.
757 2225 819 2311 Qui
836 2222 959 2298 oadeus
970 2229 1003 2296 iu
1014 2235 1135 2296 terram
1146 2244 1230 2316 pro-

91 2329 175 2399 tinus
188 2326 386 2418 exspiravit.
405 2319 506 2392 Cuius
518 2329 661 2392 nastrum
673 2323 745 2393 siue
755 2343 846 2393 mora
861 2321 1022 2396 dilationis
1037 2321 1228 2392 Beruenses

92 2420 130 2492 uh
147 2427 223 2496 eius
235 2443 344 2494 uxore
365 2421 575 2512 recipientes,
594 2420 699 2513 ipsum
717 2419 943 2512 spoliaverunt
959 2431 992 2492 et
1002 2417 1144 2491 fitnditus
1163 2416 1229 2487 de-

92 2529 263 2594 eruentes
281 2514 483 2610 etusquead
495 2515 602 2588 solum
612 2526 874 2609 prosternentes,
891 2541 956 2590 neo
971 2517 1113 2614 lapidem
1130 2537 1230 2611 super

91 2617 198 2712 lapide
217 2619 411 2689 omiserunt.

137 2714 274 2789 Aoeidit
283 2723 395 2784 autem
404 2721 439 2782 ut
448 2709 639 2784 Beruenses
651 2709 719 2781 die⁵
732 2712 871 2805 quadem
881 2716 915 2786 iu
925 2717 1024 2788 armis
1036 2715 1228 2786 cumomni-

93 2809 149 2886 bus
157 2813 298 2886 vexillis
307 2813 543 2884 suismterrnn
550 2811 675 2882 comitis
683 2808 1095 2905 deKyburgpmoederent
1102 2823 1136 2884 et
1143 2835 1228 2884 ver-

93 2932 148 2983 sus
155 2903 345 3002 Zwiugen6
351 2905 425 3001 plus
433 2905 577 3002 quemad
591 2917 728 3000 quatuor
739 2909 885 2980 milliaria
893 2933 998 3005 usque
1004 2909 1227 3002 inLangatan⁷

93 3011 199 3080 omnia
216 3005 372 3078 iuoeudio
390 3007 545 3098 etrapiua
556 3016 784 3078 vastaverunt.
802 3008 893 3079 Ante
903 3030 1041 3102 quorum
1050 3011 1228 3082 reversio-

93 3127 168 3176 uem
184 3106 309 3176 saetam
321 3101 439 3174 eadem
456 3099 508 3172 die
527 3112 560 3172 et
576 3099 656 3174 hora
674 3101 714 3174 ab
732 3104 795 3175 alia
806 3114 898 3198 parte
910 3103 1091 3177 advocatus
1109 3101 1227 3176 duoum

94 3203 229 3276 Austrie
248 3201 405 3274 videlieet
422 3200 463 3270 de
477 3195 653 3272 Biierhaoh
678 3224 752 3272 cum
768 3199 1044 3293 Friburgensibus
1063 3205 1229 3274 civitatem

92 3299 304 3372 Beruensem
321 3321 393 3370 oum
412 3297 560 3370 ducentis
578 3296 738 3391 equitibus
756 3309 789 3369 et
811 3298 1089 3393 Friburgeusibus
1107 3310 1141 3372 et
1157 3301 1228 3374 aliis

94 3398 238 3470 colieotis
257 3399 471 3491 impugnavit.
490 3395 580 3482 Quos
599 3395 718 3468 eodem
736 3394 789 3467 die
800 3420 901 3470 senes
914 3408 948 3468 et
958 3395 1084 3472 debiles
1096 3396 1229 3470 etmulti

95 3497 252 3584 inermes„
270 3498 374 3589 quiin
391 3491 501 3565 Berno
519 3505 762 3585 remanserunt,
781 3507 943 3570 exeuntes
955 3500 989 3567 iu
1000 3495 1129 3588 Sulgeu
1145 3518 1229 3590 pro-

96 3596 177 3666 tinus
201 3596 236 3664 in
260 3593 376 3684 iugem
399 3599 571 3662 verterunt
588 3601 620 3662 et
638 3614 697 3664 eos
716 3615 790 3664 oum
808 3593 1000 3666 contusione
1018 3593 1179 3665 resedere
1197 3603 1230 3663 et

95 3711 166 3762 num
182 3686 474 3780 Friburgeusihus,
492 3688 570 3760 vdie
587 3691 621 3760 in
631 3688 749 3760 Kuuitn
760 3693 1228 3786 pereosspoliataetiuoensm

95 3786 200 3858 redire
219 3798 391 3880 ungerunt.

130 3879 159 3950 i)
173 3883 242 3941 notia
263 3881 334 3952 iolgt
344 3882 400 3936 hier
410 3881 479 3936 uooir
491 3881 703 3938 unverstiudiioh
715 3883 741 3938 in
750 3885 799 3939 der
809 3885 849 3940 hs.
873 3884 903 3954 2)
914 3884 1007 3940 Erlnoh
1023 3884 1094 3938 stelit
1103 3879 1160 3936 hier
1174 3881 1226 3938 und

96 3951 162 4006 noch
177 3944 296 4008 andnimai
312 3959 402 4025 spiter
421 3953 488 4022 irrig
501 3953 528 4007 iu
544 3955 862 4024 uerus.‚1ustingerhnt
877 3955 928 4011 deu
942 3956 1050 4010 rechten
1061 3969 1163 4022 namen,
1179 3953 1226 4008 der

97 4023 160 4078 anoh
172 4041 225 4080 von
236 4023 407 4080 Suoheuwirt
416 4023 530 4092 geieiert
538 4025 615 4080 wird.
652 4025 683 4093 3)
693 4043 798 4098 semper
808 4026 889 4082 edidit
900 4028 938 4081 hs.
976 4026 1007 4094 4)
1021 4023 1226 4080 vulneraverunt

98 4092 135 4148 hs.
170 4099 199 4164 5)
218 4096 308 4150 dehs.
345 4095 376 4164 6)
390 4095 550 4165 Zoviugen?
586 4097 616 4164 7)
637 4097 771 4166 lustinger
791 4098 857 4152 itast
877 4097 968 4154 diesen
990 4097 1108 4166 heernug
1128 4095 1224 4152 tistiioi

99 4165 159 4220 nach
174 4167 274 4238 Signou
290 4167 345 4222 und
364 4167 418 4224 Lau
441 4185 500 4236 nau,
521 4167 590 4222 daun
609 4167 690 4223 herai)
705 4169 787 4225 durch
809 4170 856 4224 das
876 4166 1039 4226 Bmmenthai
1055 4170 1120 4225 nach
1135 4169 1226 4238 Burg-

100 4234 158 4291 dori
170 4239 221 4296 und
233 4239 329 4296 weiter
344 4241 410 4296 nach
461 4243 586 4309 mentha!
601 4239 699 4310 gehen,
