3010 4822
447 231 621 291 nemarcos
641 231 894 294 oennourunsts.
1165 235 1237 313 547

105 417 137 479 et
155 405 288 479 mandat
307 406 516 504 principibus,
533 407 709 484 baronibus
728 421 761 483 et
778 409 960 487 civitatibus
984 409 1145 486 invadere
1172 433 1236 484 co-
1252 426 1322 483 teob

103 509 199 577 mites
229 528 328 600 supra
357 511 505 602 scriptos.
557 506 598 578 Et
625 512 674 580 sic
700 509 836 580 collecta
865 513 1005 582 manime
1034 508 1236 582 multitudine

104 615 303 675 armatorum
321 627 395 676 oum
413 609 556 699 potentia
572 609 756 677 comitatum
773 606 993 701 predictorum
1010 606 1168 682 hostiliter
1177 611 1236 679 in-

104 700 202 773 vadit.
255 701 322 772 Sed
341 702 503 776 Rntotns
521 701 589 776 dux
605 703 742 777 Austrie
766 727 873 797 gener
899 707 1103 800 imperatoris
1121 713 1236 777 uacat

103 820 230 892 pacem.
282 799 379 871 Unde
396 799 530 895 predicti
548 804 698 893 condies,
715 802 869 876 videntes
888 825 926 876 se
941 825 1008 876 non
1025 823 1127 898 posse
1143 805 1236 876 resi-

103 907 193 968 stere
211 900 355 991 potentie
372 900 591 993 imperamus,
610 921 671 972 sue
687 903 793 992 gratie
810 899 1032 975 submiserunt
1052 903 1145 994 [aug.
1157 898 1234 990 31].

102 993 197 1087 Ergo
213 998 353 1089 oportuit
370 1017 430 1068 eos
447 997 623 1068 restituere
639 1000 748 1068 omnia
769 1009 876 1072 castre
903 1010 937 1070 et
960 998 1063 1088 bona,
1087 1019 1151 1093 que
1174 999 1236 1091 ipsi

103 1101 136 1162 et
153 1095 384 1188 progenitores
402 1097 453 1166 sui
469 1092 613 1185 obligata
631 1093 671 1165 ab
701 1098 835 1191 imperio
859 1096 1017 1170 hactenus
1041 1095 1236 1186 tabuerunt,

101 1191 224 1262 telonia
241 1199 274 1260 et
291 1190 432 1286 pedagia
450 1195 641 1264 inconsueto
656 1193 862 1286 relaxabant,
881 1203 914 1266 et
930 1196 991 1266 iuri
1004 1215 1115 1266 eoram
1129 1191 1236 1265 iudice

101 1291 274 1381 provincie
291 1311 393 1383 super
409 1291 532 1362 iniuriis
551 1289 734 1364 civitatibus
753 1291 848 1366 illotis
866 1296 968 1364 coacti
986 1303 1063 1366 sunt
1080 1303 1178 1366 stare.

150 1385 234 1457 item
258 1407 344 1457 anno
372 1387 492 1459 domini
519 1389 701 1461 m.cec.lx.i.
730 1392 762 1461 in
792 1393 949 1486 principio
978 1394 1102 1464 mensis
1131 1391 1235 1461 martii
1252 1381 1318 1441 ¹3⁶¹

103 1482 188 1577 [leb.
206 1483 272 1574 261
290 1487 480 1580 imperatrix
496 1487 530 1557 in
552 1484 752 1580 Nurenberg
778 1487 878 1560 blium
903 1488 1084 1562 masculum
1109 1491 1235 1580 genuit

100 1583 144 1655 de
164 1605 230 1676 quo
246 1585 424 1676 imperator
448 1584 582 1656 letitiam
606 1582 717 1656 babuit
740 1607 805 1657 non
833 1583 1012 1676 motion,
1036 1597 1069 1658 et
1093 1583 1235 1656 eundem

99 1679 331 1776 baptizandum
355 1683 579 1778 sollempniter
602 1687 791 1756 reservavit
815 1705 998 1780 perunum
1026 1705 1175 1757 mensem
1203 1692 1237 1753 et

99 1778 251 1874 amplius.
302 1777 388 1851 Nam
411 1779 453 1852 ad
480 1777 674 1878 baptismum
699 1784 802 1876 ipsius
829 1792 992 1855 convocat
1019 1781 1235 1876 sollempnem

99 1881 225 1950 curiam
242 1881 273 1950 in
291 1876 481 1970 Nurnbergq
501 1888 535 1949 et
561 1878 723 1951 electores
747 1881 873 1975 imperii
897 1881 989 1974 quasi
1015 1901 1142 1953 omnes.
1193 1876 1235 1950 m

98 1974 153 2047 hic
170 1974 256 2050 lilius
276 1975 458 2071 baptizatus
482 1987 534 2049 est
558 1975 738 2068 dominica,
756 1999 819 2073 qua
844 1989 992 2052 cantetur
1008 1977 1234 2053 Misericordia

100 2073 237 2165 domini7
256 2097 320 2170 que
336 2085 414 2146 tnnc
430 2073 489 2146 luit
505 2074 590 2145 iiiid.
610 2075 719 2169 aprilis
730 2077 813 2170 [apr.
827 2075 904 2167 11],
921 2080 955 2148 in
970 2075 1236 2171 parocbiasancti

97 2170 251 2244 Sewoldi
269 2176 302 2244 in
318 2171 518 2264 Nmenberg
541 2170 832 2265 babenbergensis
863 2173 1023 2264 diocesis,
1049 2185 1083 2246 et
1104 2175 1235 2247 levatus

97 2269 143 2340 de
158 2269 251 2342 fonte
280 2293 340 2367 per
364 2269 628 2365 archiepiscopos
653 2269 963 2363 lloguntinensem
987 2271 1232 2360 Coloniensemp

97 2365 321 2459 bragensem,
344 2379 377 2439 et
392 2390 454 2462 per
470 2371 643 2462 episcopos
662 2389 737 2459 sex,
756 2380 789 2441 et
800 2372 941 2464 quinque
952 2367 1100 2460 abbates,
1118 2377 1152 2440 et
1165 2389 1234 2440 no-

97 2487 178 2536 men
196 2469 268 2538 eius
286 2465 505 2539 Wenetnlaus
523 2465 729 2560 appellatum.
770 2465 812 2538 Et
829 2467 959 2539 duravit
975 2465 1038 2538 heo
1054 2469 1143 2538 curia
1162 2487 1236 2538 cum

97 2585 224 2656 magno
243 2562 364 2655 gaudio
381 2585 441 2657 per
457 2573 530 2634 octo
548 2561 629 2636 dies.
672 2562 757 2635 Nam
771 2574 805 2635 et
819 2566 960 2656 insignio
977 2565 1145 2658 imperalia
1163 2567 1231 2634 im-

92 2671 235 2756 perator
251 2658 339 2732 iubet
356 2659 473 2731 deduci
490 2659 532 2731 de
548 2658 719 2752 bohemia,
737 2683 811 2733 cum
823 2661 995 2756 sollempni
1010 2670 1179 2757 nppuratu7
1199 2669 1234 2730 et

92 2757 246 2833 ostendit
260 2755 388 2828 ibidem.
425 2757 467 2830 Et
484 2755 699 2830 existentibus
718 2755 836 2830 ibidem
860 2757 1089 2832 denuntiantur
1112 2779 1235 2850 magne

93 2855 317 2947 indulgentie
336 2875 417 2950 quas
434 2854 644 2929 Innocentius
663 2867 778 2929 sextus
797 2879 880 2951 pape
896 2868 974 2930 tunc
984 2861 1130 2950 gratiose
1148 2879 1236 2928 oon-

92 2955 215 3042 cessin
232 2952 387 3024 videlicet
404 2952 540 3026 easdem
568 2951 808 3046 indulgentiam
832 2977 913 3048 quas
943 2957 977 3025 in
994 2953 1076 3026 urbe
1092 2955 1233 3026 Romani

90 3049 322 3148 pontificesin
344 3048 398 3121 die
425 3073 508 3122 eene
534 3049 654 3122 demini
678 3049 863 3124 concedere
887 3061 1142 3124 consueverunt.
1193 3049 1237 3121 Et

90 3147 208 3220 babitu
232 3145 274 3218 ibi
297 3158 373 3220 sunt
396 3147 566 3221 hastiludia
592 3157 625 3220 et
655 3149 717 3220 ulia
743 3149 858 3222 solatia
881 3147 1013 3220 infinita.
1065 3150 1143 3222 Post
1170 3147 1233 3218 hcc

90 3252 279 3340 imperator
295 3245 435 3340 disponit
451 3247 587 3319 visitare
604 3245 714 3317 limina
729 3245 827 3317 beate
853 3249 990 3340 virginis
1015 3247 1231 3342 Aquisgrani

92 3342 164 3418 sed
184 3339 344 3414 deliberat
361 3345 488 3414 mittere
505 3341 702 3415 offertorium
714 3343 789 3415 illuc
799 3364 859 3438 pro
870 3341 935 3416 lilio
952 3355 1110 3417 suonato.
1137 3341 1235 3414 Unde

88 3440 189 3513 iubet
205 3439 306 3511 filium
321 3438 506 3534 ponderare
523 3443 556 3510 in
581 3449 704 3512 statera
727 3463 800 3512 cum
825 3463 924 3532 auro„
953 3444 1006 3535 qui
1031 3439 1233 3538 ponderabat

88 3536 247 3614 sedecim
265 3559 393 3611 marcas
411 3539 493 3628 auri,
511 3559 592 3631 quas
609 3541 701 3610 mittit
716 3539 928 3632 Aquisgrani.

143 3633 191 3707 Et
206 3638 280 3729 ipse
297 3657 370 3705 cum
388 3655 494 3707 uxore
512 3645 545 3705 et
561 3634 627 3707 lilio
645 3646 678 3707 et
694 3637 844 3727 insigniis
863 3638 1090 3731 suprascriptis
1107 3637 1140 3705 in
1157 3634 1231 3705 Bo·

87 3733 242 3808 bemiam
260 3741 311 3804 est
327 3753 498 3805 reversus.
536 3731 578 3803 Et
594 3741 683 3824 noim
701 3732 787 3828 quod
803 3735 944 3825 insignio
956 3732 1148 3827 imperialim
1166 3751 1230 3824 quc

86 3845 176 3906 tunc
193 3829 275 3920 vidia
293 3827 335 3898 de
363 3829 477 3923 quibus
501 3851 585 3924 papa
612 3835 762 3925 proxime
786 3833 924 3925 scriptus
955 3831 1074 3903 festum
1101 3827 1228 3915 indixit,

88 3938 176 4006 sunt
193 3925 271 3998 bec:
289 3929 427 4022 primum
446 3924 597 4000 videlicet
614 3927 737 3999 lenum
753 3929 890 4018 lancee,
914 3950 978 4021 que
997 3925 1159 4001 transfixit
1174 3925 1230 3998 tc-

88 4041 149 4102 tns
171 4024 310 4113 Cbristi3
327 4027 405 4096 item
422 4025 538 4099 clavus
557 4047 630 4098 cum
648 4025 777 4120 aliquali
787 4029 873 4120 petia
891 4025 971 4116 ligni
982 4035 1095 4099 sancte
1113 4025 1233 4110 cruos,

86 4129 148 4222 qni
169 4124 323 4196 transivit
339 4145 470 4194 manum
487 4121 623 4213 Christ13
641 4126 719 4195 item
736 4123 865 4215 gladius
877 4121 989 4194 Karoli
1000 4124 1123 4215 magni,
1134 4122 1227 4215 primi

84 4224 306 4320 imperatoris
334 4221 576 4314 Romanorum
604 4244 699 4317 quem
728 4231 804 4294 tunc
830 4225 1006 4318 imperator
1032 4217 1165 4294 tenebat
1197 4221 1231 4296 itt

962 4361 1021 4418 35*
