<?xml version="1.0" encoding="UTF-8"?>
<!DOCTYPE html PUBLIC "-//W3C//DTD XHTML 1.0 Transitional//EN"
    "http://www.w3.org/TR/xhtml1/DTD/xhtml1-transitional.dtd">
<html xmlns="http://www.w3.org/1999/xhtml" xml:lang="en" lang="en">
 <head>
  <title>
</title>
<meta http-equiv="Content-Type" content="text/html;charset=utf-8" />
  <meta name='ocr-system' content='tesseract 3.04.00' />
  <meta name='ocr-capabilities' content='ocr_page ocr_carea ocr_par ocr_line ocrx_word'/>
</head>
<body>
  <div class='ocr_page' id='page_1' title='image "./fontesrerumgerm01hubegoog_0177.png"; bbox 0 0 2960 4832; ppageno 0'>
   <div class='ocr_carea' id='block_1_1' title="bbox 264 223 1088 318">
    <p class='ocr_par' dir='ltr' id='par_1_1' title="bbox 264 223 1088 318">
     <span class='ocr_line' id='line_1_1' title="bbox 264 223 1088 318; baseline -0.013 -20"><span class='ocrx_word' id='word_1_1' title='bbox 264 243 338 318; x_wconf 87' lang='lat'><strong>100</strong></span> <span class='ocrx_word' id='word_1_2' title='bbox 575 223 1088 295; x_wconf 76' lang='lat' dir='ltr'><strong>unnuousonnntssnuuovnu.</strong></span> 
     </span>
    </p>
   </div>
   <div class='ocr_carea' id='block_1_2' title="bbox 183 401 1470 794">
    <p class='ocr_par' dir='ltr' id='par_1_2' title="bbox 183 401 1470 794">
     <span class='ocr_line' id='line_1_2' title="bbox 183 401 1470 507; baseline -0.012 -22"><span class='ocrx_word' id='word_1_3' title='bbox 183 409 249 504; x_wconf 72' lang='lat' dir='ltr'><strong>tuos</strong></span> <span class='ocrx_word' id='word_1_4' title='bbox 265 417 443 507; x_wconf 83' lang='lat' dir='ltr'><strong>inperator</strong></span> <span class='ocrx_word' id='word_1_5' title='bbox 459 412 519 482; x_wconf 84' lang='lat' dir='ltr'><strong>ivit</strong></span> <span class='ocrx_word' id='word_1_6' title='bbox 534 410 568 479; x_wconf 92' lang='lat' dir='ltr'><strong>in</strong></span> <span class='ocrx_word' id='word_1_7' title='bbox 582 406 788 497; x_wconf 59' lang='lat' dir='ltr'><strong>Bohemien</strong></span> <span class='ocrx_word' id='word_1_8' title='bbox 805 405 874 478; x_wconf 82' lang='lat' dir='ltr'><strong>dux</strong></span> <span class='ocrx_word' id='word_1_9' title='bbox 891 425 975 478; x_wconf 89' lang='lat' dir='ltr'><strong>vero</strong></span> <span class='ocrx_word' id='word_1_10' title='bbox 991 403 1151 478; x_wconf 77' lang='lat' dir='ltr'><strong>Albertrrs</strong></span> <span class='ocrx_word' id='word_1_11' title='bbox 1168 403 1203 472; x_wconf 90' lang='lat' dir='ltr'><strong>in</strong></span> <span class='ocrx_word' id='word_1_12' title='bbox 1218 401 1399 473; x_wconf 78' lang='lat' dir='ltr'><strong>Austriann</strong></span> <span class='ocrx_word' id='word_1_13' title='bbox 1469 441 1470 454; x_wconf 30' lang='grc' dir='ltr'><strong>κ</strong></span> 
     </span>
     <span class='ocr_line' id='line_1_3' title="bbox 264 495 1401 603; baseline -0.013 -20"><span class='ocrx_word' id='word_1_14' title='bbox 264 509 332 583; x_wconf 89' lang='lat' dir='ltr'><strong>Sed</strong></span> <span class='ocrx_word' id='word_1_15' title='bbox 343 510 557 603; x_wconf 82' lang='lat' dir='ltr'><strong>imperatorin</strong></span> <span class='ocrx_word' id='word_1_16' title='bbox 563 504 720 577; x_wconf 88' lang='lat' dir='ltr'><strong>Bohemia</strong></span> <span class='ocrx_word' id='word_1_17' title='bbox 727 514 902 598; x_wconf 90' lang='lat' dir='ltr'><strong>postsuam</strong></span> <span class='ocrx_word' id='word_1_18' title='bbox 908 505 1138 575; x_wconf 88' lang='lat' dir='ltr'><strong>reversionem</strong></span> <span class='ocrx_word' id='word_1_19' title='bbox 1145 499 1267 570; x_wconf 77' lang='lat' dir='ltr'><strong>mrdws</strong></span> <span class='ocrx_word' id='word_1_20' title='bbox 1273 495 1401 568; x_wconf 88' lang='lat' dir='ltr'><strong>nobiles</strong></span> 
     </span>
     <span class='ocr_line' id='line_1_4' title="bbox 264 593 1401 697; baseline -0.014 -18"><span class='ocrx_word' id='word_1_21' title='bbox 264 608 341 679; x_wconf 87' lang='lat' dir='ltr'><strong>ieoit</strong></span> <span class='ocrx_word' id='word_1_22' title='bbox 356 605 460 678; x_wconf 87' lang='lat' dir='ltr'><strong>oeeidi</strong></span> <span class='ocrx_word' id='word_1_23' title='bbox 475 626 535 697; x_wconf 86' lang='lat' dir='ltr'><strong>per</strong></span> <span class='ocrx_word' id='word_1_24' title='bbox 551 605 711 674; x_wconf 89' lang='lat' dir='ltr'><strong>iustioiam</strong></span> <span class='ocrx_word' id='word_1_25' title='bbox 722 612 880 672; x_wconf 83' lang='lat' dir='ltr'><strong>eteorum</strong></span> <span class='ocrx_word' id='word_1_26' title='bbox 889 610 997 674; x_wconf 86' lang='lat' dir='ltr'><strong>oestro</strong></span> <span class='ocrx_word' id='word_1_27' title='bbox 1008 599 1104 689; x_wconf 66' lang='lat' dir='ltr'><strong>dirui,</strong></span> <span class='ocrx_word' id='word_1_28' title='bbox 1121 600 1196 692; x_wconf 85' lang='lat' dir='ltr'><strong>quie</strong></span> <span class='ocrx_word' id='word_1_29' title='bbox 1207 605 1265 666; x_wconf 85' lang='lat' dir='ltr'><strong>aut</strong></span> <span class='ocrx_word' id='word_1_30' title='bbox 1275 593 1401 689; x_wconf 85' lang='lat' dir='ltr'><strong>prede-</strong></span> 
     </span>
     <span class='ocr_line' id='line_1_5' title="bbox 265 699 913 794; baseline -0.012 -18"><span class='ocrx_word' id='word_1_31' title='bbox 265 714 383 776; x_wconf 87' lang='lat' dir='ltr'><strong>verant</strong></span> <span class='ocrx_word' id='word_1_32' title='bbox 399 713 455 774; x_wconf 83' lang='lat' dir='ltr'><strong>eut</strong></span> <span class='ocrx_word' id='word_1_33' title='bbox 470 699 634 794; x_wconf 81' lang='lat' dir='ltr'><strong>predones</strong></span> <span class='ocrx_word' id='word_1_34' title='bbox 651 707 913 791; x_wconf 88' lang='lat' dir='ltr'><strong>reeeptaverent.</strong></span> 
     </span>
    </p>
   </div>
   <div class='ocr_carea' id='block_1_3' title="bbox 267 827 1470 1110">
    <p class='ocr_par' dir='ltr' id='par_1_3' title="bbox 267 789 1470 1134">
     <span class='ocr_line' id='line_1_6' title="bbox 267 827 1403 926; baseline -0.009 -20"><span class='ocrx_word' id='word_1_35' title='bbox 267 837 364 926; x_wconf 79' lang='lat' dir='ltr'><strong>Quod</strong></span> <span class='ocrx_word' id='word_1_36' title='bbox 379 838 519 924; x_wconf 70' lang='lat' dir='ltr'><strong>pedum</strong></span> <span class='ocrx_word' id='word_1_37' title='bbox 531 851 615 921; x_wconf 81' lang='lat' dir='ltr'><strong>pars</strong></span> <span class='ocrx_word' id='word_1_38' title='bbox 631 833 771 901; x_wconf 66' lang='lat' dir='ltr'><strong>ooimb&#39;s</strong></span> <span class='ocrx_word' id='word_1_39' title='bbox 790 831 1043 900; x_wconf 61' lang='lat' dir='ltr'><strong>Contentionis</strong></span> <span class='ocrx_word' id='word_1_40' title='bbox 1060 848 1122 917; x_wconf 80' lang='lat' dir='ltr'><strong>pue</strong></span> <span class='ocrx_word' id='word_1_41' title='bbox 1139 829 1262 916; x_wconf 73' lang='lat' dir='ltr'><strong>dietim</strong></span> <span class='ocrx_word' id='word_1_42' title='bbox 1280 827 1403 896; x_wconf 79' lang='lat' dir='ltr'><strong>Nider-</strong></span> 
     </span>
     <span class='ocr_line' id='line_1_7' title="bbox 365 927 1470 1022; baseline -0.009 -20"><span class='ocrx_word' id='word_1_43' title='bbox 365 936 447 1022; x_wconf 78' lang='lat' dir='ltr'><strong>burp</strong></span> <span class='ocrx_word' id='word_1_44' title='bbox 463 933 649 1018; x_wconf 74' lang='lat' dir='ltr'><strong>combusii,</strong></span> <span class='ocrx_word' id='word_1_45' title='bbox 677 936 709 998; x_wconf 81' lang='lat' dir='ltr'><strong>et</strong></span> <span class='ocrx_word' id='word_1_46' title='bbox 730 930 819 1014; x_wconf 83' lang='lat' dir='ltr'><strong>qood</strong></span> <span class='ocrx_word' id='word_1_47' title='bbox 839 930 952 998; x_wconf 82' lang='lat' dir='ltr'><strong>eodem</strong></span> <span class='ocrx_word' id='word_1_48' title='bbox 975 936 1118 1014; x_wconf 83' lang='lat' dir='ltr'><strong>tempore</strong></span> <span class='ocrx_word' id='word_1_49' title='bbox 1139 929 1209 996; x_wconf 81' lang='lat' dir='ltr'><strong>doe</strong></span> <span class='ocrx_word' id='word_1_50' title='bbox 1226 927 1359 994; x_wconf 73' lang='lat' dir='ltr'><strong>Austris</strong></span> <span class='ocrx_word' id='word_1_51' title='bbox 1375 932 1406 993; x_wconf 78' lang='lat' dir='ltr'><strong>ot</strong></span> <span class='ocrx_word' id='word_1_52' title='bbox 1469 959 1470 1013; x_wconf 55' lang='lat' dir='ltr'><strong>p</strong></span> 
     </span>
     <span class='ocr_line' id='line_1_8' title="bbox 368 1026 889 1110; baseline -0.012 -10"><span class='ocrx_word' id='word_1_53' title='bbox 368 1031 577 1101; x_wconf 62' lang='lat' dir='ltr'><strong>thuricenses</strong></span> <span class='ocrx_word' id='word_1_54' title='bbox 591 1026 677 1110; x_wconf 78' lang='lat' dir='ltr'><strong>sacti</strong></span> <span class='ocrx_word' id='word_1_55' title='bbox 692 1033 768 1094; x_wconf 76' lang='lat' dir='ltr'><strong>eum</strong></span> <span class='ocrx_word' id='word_1_56' title='bbox 781 1028 889 1094; x_wconf 71' lang='lat' dir='ltr'><strong>omini.</strong></span> 
     </span>
    </p>
   </div>
   <div class='ocr_carea' id='block_1_4' title="bbox 259 1136 1470 2364">
    <p class='ocr_par' dir='ltr' id='par_1_4' title="bbox 259 1136 1470 2322">
     <span class='ocr_line' id='line_1_9' title="bbox 314 1136 1403 1232; baseline -0.01 -16"><span class='ocrx_word' id='word_1_57' title='bbox 314 1144 398 1216; x_wconf 89' lang='lat' dir='ltr'><strong>Item</strong></span> <span class='ocrx_word' id='word_1_58' title='bbox 413 1164 530 1214; x_wconf 89' lang='lat' dir='ltr'><strong>mense</strong></span> <span class='ocrx_word' id='word_1_59' title='bbox 548 1142 680 1232; x_wconf 82' lang='lat' dir='ltr'><strong>augusti</strong></span> <span class='ocrx_word' id='word_1_60' title='bbox 697 1160 783 1209; x_wconf 90' lang='lat' dir='ltr'><strong>anno</strong></span> <span class='ocrx_word' id='word_1_61' title='bbox 801 1138 922 1209; x_wconf 87' lang='lat' dir='ltr'><strong>domini</strong></span> <span class='ocrx_word' id='word_1_62' title='bbox 938 1138 1112 1228; x_wconf 50' lang='lat' dir='ltr'><strong>m.oeo.lv.q</strong></span> <span class='ocrx_word' id='word_1_63' title='bbox 1128 1140 1160 1209; x_wconf 92' lang='lat' dir='ltr'><strong>ii.</strong></span> <span class='ocrx_word' id='word_1_64' title='bbox 1177 1136 1252 1209; x_wconf 87' lang='lat' dir='ltr'><strong>idus</strong></span> <span class='ocrx_word' id='word_1_65' title='bbox 1271 1137 1403 1227; x_wconf 82' lang='lat' dir='ltr'><strong>augusti</strong></span> 
     </span>
     <span class='ocr_line' id='line_1_10' title="bbox 265 1233 1470 1331; baseline -0.01 -18"><span class='ocrx_word' id='word_1_66' title='bbox 265 1246 299 1313; x_wconf 91' lang='lat' dir='ltr'><strong>in</strong></span> <span class='ocrx_word' id='word_1_67' title='bbox 316 1240 424 1312; x_wconf 89' lang='lat' dir='ltr'><strong>medio</strong></span> <span class='ocrx_word' id='word_1_68' title='bbox 441 1240 545 1311; x_wconf 85' lang='lat' dir='ltr'><strong>noetis</strong></span> <span class='ocrx_word' id='word_1_69' title='bbox 561 1240 649 1328; x_wconf 82' lang='lat' dir='ltr'><strong>ignis</strong></span> <span class='ocrx_word' id='word_1_70' title='bbox 667 1238 773 1331; x_wconf 78' lang='lat' dir='ltr'><strong>erupit</strong></span> <span class='ocrx_word' id='word_1_71' title='bbox 789 1247 823 1306; x_wconf 89' lang='lat' dir='ltr'><strong>et</strong></span> <span class='ocrx_word' id='word_1_72' title='bbox 838 1245 965 1330; x_wconf 83' lang='lat' dir='ltr'><strong>partein</strong></span> <span class='ocrx_word' id='word_1_73' title='bbox 983 1238 1122 1308; x_wconf 85' lang='lat' dir='ltr'><strong>civitatis</strong></span> <span class='ocrx_word' id='word_1_74' title='bbox 1140 1233 1405 1307; x_wconf 85' lang='lat' dir='ltr'><strong>Constantiensis</strong></span> <span class='ocrx_word' id='word_1_75' title='bbox 1469 1255 1470 1320; x_wconf 64' lang='lat' dir='ltr'><strong>i</strong></span> 
     </span>
     <span class='ocr_line' id='line_1_11' title="bbox 266 1321 1470 1434; baseline -0.01 -25"><span class='ocrx_word' id='word_1_76' title='bbox 266 1360 331 1434; x_wconf 86' lang='lat' dir='ltr'><strong>que</strong></span> <span class='ocrx_word' id='word_1_77' title='bbox 345 1337 460 1408; x_wconf 88' lang='lat' dir='ltr'><strong>dieitur</strong></span> <span class='ocrx_word' id='word_1_78' title='bbox 469 1333 657 1425; x_wconf 84' lang='lat' dir='ltr'><strong>Niderburg</strong></span> <span class='ocrx_word' id='word_1_79' title='bbox 674 1336 887 1426; x_wconf 62' lang='lat' dir='ltr'><strong>oonsumpsib</strong></span> <span class='ocrx_word' id='word_1_80' title='bbox 905 1343 939 1403; x_wconf 91' lang='lat' dir='ltr'><strong>et</strong></span> <span class='ocrx_word' id='word_1_81' title='bbox 955 1343 1031 1403; x_wconf 89' lang='lat' dir='ltr'><strong>ante</strong></span> <span class='ocrx_word' id='word_1_82' title='bbox 1047 1343 1154 1404; x_wconf 88' lang='lat' dir='ltr'><strong>ortum</strong></span> <span class='ocrx_word' id='word_1_83' title='bbox 1171 1330 1236 1402; x_wconf 92' lang='lat' dir='ltr'><strong>diei</strong></span> <span class='ocrx_word' id='word_1_84' title='bbox 1252 1353 1335 1425; x_wconf 86' lang='lat' dir='ltr'><strong>pars</strong></span> <span class='ocrx_word' id='word_1_85' title='bbox 1353 1330 1405 1400; x_wconf 86' lang='lat' dir='ltr'><strong>illa</strong></span> <span class='ocrx_word' id='word_1_86' title='bbox 1469 1321 1470 1366; x_wconf 61' lang='lat' dir='ltr'><strong>l</strong></span> 
     </span>
     <span class='ocr_line' id='line_1_12' title="bbox 265 1425 1403 1525; baseline -0.009 -19"><span class='ocrx_word' id='word_1_87' title='bbox 265 1445 383 1508; x_wconf 87' lang='lat' dir='ltr'><strong>exusta</strong></span> <span class='ocrx_word' id='word_1_88' title='bbox 392 1430 626 1505; x_wconf 84' lang='lat' dir='ltr'><strong>estEteodem</strong></span> <span class='ocrx_word' id='word_1_89' title='bbox 634 1441 947 1502; x_wconf 85' lang='lat' dir='ltr'><strong>menseetannoxv.</strong></span> <span class='ocrx_word' id='word_1_90' title='bbox 955 1429 1019 1501; x_wconf 88' lang='lat' dir='ltr'><strong>kal.</strong></span> <span class='ocrx_word' id='word_1_91' title='bbox 1029 1427 1224 1525; x_wconf 88' lang='lat' dir='ltr'><strong>septembris</strong></span> <span class='ocrx_word' id='word_1_92' title='bbox 1235 1425 1403 1518; x_wconf 86' lang='lat' dir='ltr'><strong>[eug.18]</strong></span> 
     </span>
     <span class='ocr_line' id='line_1_13' title="bbox 265 1526 1407 1612; baseline -0.01 -9"><span class='ocrx_word' id='word_1_93' title='bbox 265 1533 350 1604; x_wconf 83' lang='lat' dir='ltr'><strong>saeta</strong></span> <span class='ocrx_word' id='word_1_94' title='bbox 367 1531 426 1602; x_wconf 87' lang='lat' dir='ltr'><strong>init</strong></span> <span class='ocrx_word' id='word_1_95' title='bbox 442 1527 614 1600; x_wconf 89' lang='lat' dir='ltr'><strong>ooneordie</strong></span> <span class='ocrx_word' id='word_1_96' title='bbox 632 1526 947 1599; x_wconf 86' lang='lat' dir='ltr'><strong>interThurioenses</strong></span> <span class='ocrx_word' id='word_1_97' title='bbox 966 1537 998 1598; x_wconf 88' lang='lat' dir='ltr'><strong>et</strong></span> <span class='ocrx_word' id='word_1_98' title='bbox 1014 1527 1194 1600; x_wconf 85' lang='lat' dir='ltr'><strong>Vallenses</strong></span> <span class='ocrx_word' id='word_1_99' title='bbox 1212 1547 1259 1598; x_wconf 86' lang='lat' dir='ltr'><strong>ex</strong></span> <span class='ocrx_word' id='word_1_100' title='bbox 1275 1547 1358 1612; x_wconf 68' lang='lat' dir='ltr'><strong>una,</strong></span> <span class='ocrx_word' id='word_1_101' title='bbox 1374 1533 1407 1593; x_wconf 90' lang='lat' dir='ltr'><strong>et</strong></span> 
     </span>
     <span class='ocr_line' id='line_1_14' title="bbox 266 1623 1407 1718; baseline -0.008 -19"><span class='ocrx_word' id='word_1_102' title='bbox 266 1628 432 1700; x_wconf 88' lang='lat' dir='ltr'><strong>dominum</strong></span> <span class='ocrx_word' id='word_1_103' title='bbox 454 1625 629 1699; x_wconf 86' lang='lat' dir='ltr'><strong>Albertum</strong></span> <span class='ocrx_word' id='word_1_104' title='bbox 656 1623 773 1695; x_wconf 83' lang='lat' dir='ltr'><strong>ducem</strong></span> <span class='ocrx_word' id='word_1_105' title='bbox 795 1625 932 1696; x_wconf 85' lang='lat' dir='ltr'><strong>Austrie</strong></span> <span class='ocrx_word' id='word_1_106' title='bbox 959 1646 1005 1696; x_wconf 81' lang='lat' dir='ltr'><strong>ex</strong></span> <span class='ocrx_word' id='word_1_107' title='bbox 1030 1633 1123 1718; x_wconf 83' lang='lat' dir='ltr'><strong>parte</strong></span> <span class='ocrx_word' id='word_1_108' title='bbox 1149 1624 1275 1712; x_wconf 71' lang='lat' dir='ltr'><strong>aare,</strong></span> <span class='ocrx_word' id='word_1_109' title='bbox 1303 1643 1407 1714; x_wconf 91' lang='lat' dir='ltr'><strong>super</strong></span> 
     </span>
     <span class='ocr_line' id='line_1_15' title="bbox 266 1717 1406 1816; baseline -0.008 -20"><span class='ocrx_word' id='word_1_110' title='bbox 266 1727 475 1798; x_wconf 81' lang='lat' dir='ltr'><strong>dissensione</strong></span> <span class='ocrx_word' id='word_1_111' title='bbox 494 1745 557 1816; x_wconf 85' lang='lat' dir='ltr'><strong>que</strong></span> <span class='ocrx_word' id='word_1_112' title='bbox 574 1720 629 1793; x_wconf 92' lang='lat' dir='ltr'><strong>diu</strong></span> <span class='ocrx_word' id='word_1_113' title='bbox 645 1731 721 1793; x_wconf 86' lang='lat' dir='ltr'><strong>ente</strong></span> <span class='ocrx_word' id='word_1_114' title='bbox 739 1743 813 1792; x_wconf 91' lang='lat' dir='ltr'><strong>ourn</strong></span> <span class='ocrx_word' id='word_1_115' title='bbox 830 1719 1042 1793; x_wconf 75' lang='lat' dir='ltr'><strong>vallensibus</strong></span> <span class='ocrx_word' id='word_1_116' title='bbox 1060 1719 1239 1792; x_wconf 81' lang='lat' dir='ltr'><strong>duraverat</strong></span> <span class='ocrx_word' id='word_1_117' title='bbox 1255 1717 1406 1812; x_wconf 87' lang='lat' dir='ltr'><strong>quadra-</strong></span> 
     </span>
     <span class='ocr_line' id='line_1_16' title="bbox 266 1813 1408 1914; baseline -0.009 -20"><span class='ocrx_word' id='word_1_118' title='bbox 266 1827 356 1914; x_wconf 79' lang='lat' dir='ltr'><strong>ginta</strong></span> <span class='ocrx_word' id='word_1_119' title='bbox 374 1825 482 1912; x_wconf 68' lang='lat' dir='ltr'><strong>annis,</strong></span> <span class='ocrx_word' id='word_1_120' title='bbox 500 1819 559 1891; x_wconf 88' lang='lat' dir='ltr'><strong>sed</strong></span> <span class='ocrx_word' id='word_1_121' title='bbox 578 1841 651 1890; x_wconf 90' lang='lat' dir='ltr'><strong>oum</strong></span> <span class='ocrx_word' id='word_1_122' title='bbox 668 1816 923 1890; x_wconf 81' lang='lat' dir='ltr'><strong>lborieensibus</strong></span> <span class='ocrx_word' id='word_1_123' title='bbox 941 1829 1078 1912; x_wconf 83' lang='lat' dir='ltr'><strong>quatuor</strong></span> <span class='ocrx_word' id='word_1_124' title='bbox 1094 1821 1189 1891; x_wconf 87' lang='lat' dir='ltr'><strong>anrris</strong></span> <span class='ocrx_word' id='word_1_125' title='bbox 1206 1827 1345 1888; x_wconf 88' lang='lat' dir='ltr'><strong>tantum.</strong></span> <span class='ocrx_word' id='word_1_126' title='bbox 1366 1813 1408 1884; x_wconf 88' lang='lat' dir='ltr'><strong>Et</strong></span> 
     </span>
     <span class='ocr_line' id='line_1_17' title="bbox 267 1913 1407 2013; baseline -0.005 -25"><span class='ocrx_word' id='word_1_127' title='bbox 267 1917 443 2013; x_wconf 85' lang='lat' dir='ltr'><strong>approbata</strong></span> <span class='ocrx_word' id='word_1_128' title='bbox 461 1927 495 1987; x_wconf 94' lang='lat' dir='ltr'><strong>et</strong></span> <span class='ocrx_word' id='word_1_129' title='bbox 510 1913 671 2010; x_wconf 85' lang='lat' dir='ltr'><strong>publioata</strong></span> <span class='ocrx_word' id='word_1_130' title='bbox 688 1915 747 1986; x_wconf 86' lang='lat' dir='ltr'><strong>init</strong></span> <span class='ocrx_word' id='word_1_131' title='bbox 770 1913 943 1986; x_wconf 87' lang='lat' dir='ltr'><strong>coneordie</strong></span> <span class='ocrx_word' id='word_1_132' title='bbox 960 1913 1107 2007; x_wconf 83' lang='lat' dir='ltr'><strong>Thruegi</strong></span> <span class='ocrx_word' id='word_1_133' title='bbox 1123 1913 1269 2010; x_wconf 81' lang='lat' dir='ltr'><strong>predicta</strong></span> <span class='ocrx_word' id='word_1_134' title='bbox 1295 1913 1351 1983; x_wconf 88' lang='lat' dir='ltr'><strong>die</strong></span> <span class='ocrx_word' id='word_1_135' title='bbox 1374 1915 1407 1982; x_wconf 92' lang='lat' dir='ltr'><strong>in</strong></span> 
     </span>
     <span class='ocr_line' id='line_1_18' title="bbox 266 2009 1407 2110; baseline -0.005 -24"><span class='ocrx_word' id='word_1_136' title='bbox 266 2015 385 2110; x_wconf 94' lang='lat' dir='ltr'><strong>oppido</strong></span> <span class='ocrx_word' id='word_1_137' title='bbox 402 2014 606 2102; x_wconf 66' lang='lat' dir='ltr'><strong>Thurioensi,</strong></span> <span class='ocrx_word' id='word_1_138' title='bbox 633 2009 841 2106; x_wconf 80' lang='lat' dir='ltr'><strong>presentibus</strong></span> <span class='ocrx_word' id='word_1_139' title='bbox 859 2011 1075 2084; x_wconf 81' lang='lat' dir='ltr'><strong>Veliensibus</strong></span> <span class='ocrx_word' id='word_1_140' title='bbox 1090 2024 1123 2084; x_wconf 92' lang='lat' dir='ltr'><strong>et</strong></span> <span class='ocrx_word' id='word_1_141' title='bbox 1140 2009 1303 2082; x_wconf 87' lang='lat' dir='ltr'><strong>edvooato</strong></span> <span class='ocrx_word' id='word_1_142' title='bbox 1320 2031 1407 2106; x_wconf 92' lang='lat' dir='ltr'><strong>pre-</strong></span> 
     </span>
     <span class='ocr_line' id='line_1_19' title="bbox 267 2107 1405 2204; baseline -0.003 -23"><span class='ocrx_word' id='word_1_143' title='bbox 267 2112 342 2182; x_wconf 84' lang='lat' dir='ltr'><strong>dieti</strong></span> <span class='ocrx_word' id='word_1_144' title='bbox 352 2111 472 2182; x_wconf 88' lang='lat' dir='ltr'><strong>domini</strong></span> <span class='ocrx_word' id='word_1_145' title='bbox 484 2109 588 2200; x_wconf 70' lang='lat' dir='ltr'><strong>dunis,</strong></span> <span class='ocrx_word' id='word_1_146' title='bbox 607 2109 879 2204; x_wconf 88' lang='lat' dir='ltr'><strong>quieonoordiam</strong></span> <span class='ocrx_word' id='word_1_147' title='bbox 889 2107 965 2180; x_wconf 88' lang='lat' dir='ltr'><strong>hine</strong></span> <span class='ocrx_word' id='word_1_148' title='bbox 977 2109 1053 2180; x_wconf 89' lang='lat' dir='ltr'><strong>inde</strong></span> <span class='ocrx_word' id='word_1_149' title='bbox 1063 2111 1256 2200; x_wconf 74' lang='lat' dir='ltr'><strong>inrapemnt</strong></span> <span class='ocrx_word' id='word_1_150' title='bbox 1265 2129 1327 2180; x_wconf 87' lang='lat' dir='ltr'><strong>xv.</strong></span> <span class='ocrx_word' id='word_1_151' title='bbox 1339 2107 1405 2178; x_wconf 85' lang='lat' dir='ltr'><strong>kal.</strong></span> 
     </span>
     <span class='ocr_line' id='line_1_20' title="bbox 259 2206 1470 2322; baseline -0.006 -40"><span class='ocrx_word' id='word_1_152' title='bbox 259 2206 473 2322; x_wconf 72' lang='lat' dir='ltr'><strong>septembris.</strong></span> <span class='ocrx_word' id='word_1_153' title='bbox 1469 2265 1470 2322; x_wconf 60' lang='lat' dir='ltr'><strong>p</strong></span> 
     </span>
    </p>

    <p class='ocr_par' dir='ltr' id='par_1_5' title="bbox 1469 2325 1470 2364">
     <span class='ocr_line' id='line_1_21' title="bbox 1469 2325 1470 2364; baseline 0 0"><span class='ocrx_word' id='word_1_154' title='bbox 1469 2325 1470 2364; x_wconf 86' lang='lat' dir='ltr'><strong>i</strong></span> 
     </span>
    </p>
   </div>
   <div class='ocr_carea' id='block_1_5' title="bbox 273 2356 1470 2548">
    <p class='ocr_par' dir='ltr' id='par_1_6' title="bbox 273 2356 1470 2560">
     <span class='ocr_line' id='line_1_22' title="bbox 273 2356 1470 2458; baseline -0.008 -24"><span class='ocrx_word' id='word_1_155' title='bbox 273 2361 422 2450; x_wconf 80' lang='lat' dir='ltr'><strong>Qualiter</strong></span> <span class='ocrx_word' id='word_1_156' title='bbox 453 2361 634 2430; x_wconf 73' lang='lat' dir='ltr'><strong>corwordio</strong></span> <span class='ocrx_word' id='word_1_157' title='bbox 659 2356 762 2442; x_wconf 76' lang='lat' dir='ltr'><strong>suerit</strong></span> <span class='ocrx_word' id='word_1_158' title='bbox 785 2357 878 2442; x_wconf 77' lang='lat' dir='ltr'><strong>soem</strong></span> <span class='ocrx_word' id='word_1_159' title='bbox 904 2363 989 2430; x_wconf 80' lang='lat' dir='ltr'><strong>inter</strong></span> <span class='ocrx_word' id='word_1_160' title='bbox 1014 2360 1192 2430; x_wconf 79' lang='lat' dir='ltr'><strong>labeonem</strong></span> <span class='ocrx_word' id='word_1_161' title='bbox 1217 2361 1409 2449; x_wconf 77' lang='lat' dir='ltr'><strong>epe&#39;seopen</strong></span> <span class='ocrx_word' id='word_1_162' title='bbox 1469 2369 1470 2458; x_wconf 58' lang='lat' dir='ltr'><strong>p</strong></span> 
     </span>
     <span class='ocr_line' id='line_1_23' title="bbox 369 2458 1290 2548; baseline -0.003 -19"><span class='ocrx_word' id='word_1_163' title='bbox 369 2460 693 2529; x_wconf 56' lang='lat' dir='ltr'><strong>&amp;ammonemur</strong></span> <span class='ocrx_word' id='word_1_164' title='bbox 710 2458 1290 2548; x_wconf 76' lang='lat' dir='ltr'><strong>CoorodomdeHonburpmilitom.</strong></span> 
     </span>
    </p>
   </div>
   <div class='ocr_carea' id='block_1_6' title="bbox 215 2579 1470 3742">
    <p class='ocr_par' dir='ltr' id='par_1_7' title="bbox 215 2579 1470 3646">
     <span class='ocr_line' id='line_1_24' title="bbox 318 2579 1408 2676; baseline -0.003 -24"><span class='ocrx_word' id='word_1_165' title='bbox 318 2581 402 2653; x_wconf 88' lang='lat' dir='ltr'><strong>Item</strong></span> <span class='ocrx_word' id='word_1_166' title='bbox 419 2601 505 2652; x_wconf 89' lang='lat' dir='ltr'><strong>enno</strong></span> <span class='ocrx_word' id='word_1_167' title='bbox 521 2582 567 2654; x_wconf 89' lang='lat' dir='ltr'><strong>lv.</strong></span> <span class='ocrx_word' id='word_1_168' title='bbox 585 2579 730 2674; x_wconf 75' lang='lat' dir='ltr'><strong>predicto</strong></span> <span class='ocrx_word' id='word_1_169' title='bbox 747 2580 812 2651; x_wconf 84' lang='lat' dir='ltr'><strong>lrel.</strong></span> <span class='ocrx_word' id='word_1_170' title='bbox 832 2579 1028 2676; x_wconf 84' lang='lat' dir='ltr'><strong>septembris</strong></span> <span class='ocrx_word' id='word_1_171' title='bbox 1045 2581 1130 2652; x_wconf 85' lang='lat' dir='ltr'><strong>faeta</strong></span> <span class='ocrx_word' id='word_1_172' title='bbox 1147 2581 1207 2651; x_wconf 89' lang='lat' dir='ltr'><strong>fuit</strong></span> <span class='ocrx_word' id='word_1_173' title='bbox 1229 2579 1408 2652; x_wconf 85' lang='lat' dir='ltr'><strong>oonoordin</strong></span> 
     </span>
     <span class='ocr_line' id='line_1_25' title="bbox 215 2676 1408 2771; baseline -0.002 -20"><span class='ocrx_word' id='word_1_174' title='bbox 215 2703 219 2709; x_wconf 92' lang='lat'>·</span> <span class='ocrx_word' id='word_1_175' title='bbox 270 2683 355 2764; x_wconf 87' lang='lat' dir='ltr'><strong>inter</strong></span> <span class='ocrx_word' id='word_1_176' title='bbox 376 2676 555 2749; x_wconf 84' lang='lat' dir='ltr'><strong>iohannem</strong></span> <span class='ocrx_word' id='word_1_177' title='bbox 578 2681 767 2771; x_wconf 85' lang='lat' dir='ltr'><strong>episcopum</strong></span> <span class='ocrx_word' id='word_1_178' title='bbox 785 2676 1073 2752; x_wconf 71' lang='lat' dir='ltr'><strong>constantiensem</strong></span> <span class='ocrx_word' id='word_1_179' title='bbox 1096 2687 1130 2749; x_wconf 93' lang='lat' dir='ltr'><strong>et</strong></span> <span class='ocrx_word' id='word_1_180' title='bbox 1151 2676 1342 2748; x_wconf 85' lang='lat' dir='ltr'><strong>Conrednm</strong></span> <span class='ocrx_word' id='word_1_181' title='bbox 1366 2677 1408 2747; x_wconf 89' lang='lat' dir='ltr'><strong>de</strong></span> 
     </span>
     <span class='ocr_line' id='line_1_26' title="bbox 271 2773 1408 2870; baseline -0.003 -23"><span class='ocrx_word' id='word_1_182' title='bbox 271 2773 433 2866; x_wconf 85' lang='lat' dir='ltr'><strong>Honburg</strong></span> <span class='ocrx_word' id='word_1_183' title='bbox 455 2775 588 2845; x_wconf 87' lang='lat' dir='ltr'><strong>militem</strong></span> <span class='ocrx_word' id='word_1_184' title='bbox 611 2785 645 2844; x_wconf 90' lang='lat' dir='ltr'><strong>et</strong></span> <span class='ocrx_word' id='word_1_185' title='bbox 668 2796 746 2847; x_wconf 92' lang='lat' dir='ltr'><strong>suos</strong></span> <span class='ocrx_word' id='word_1_186' title='bbox 770 2774 916 2848; x_wconf 82' lang='lat' dir='ltr'><strong>fautores</strong></span> <span class='ocrx_word' id='word_1_187' title='bbox 940 2796 1041 2870; x_wconf 88' lang='lat' dir='ltr'><strong>super</strong></span> <span class='ocrx_word' id='word_1_188' title='bbox 1062 2774 1160 2867; x_wconf 93' lang='lat' dir='ltr'><strong>opido</strong></span> <span class='ocrx_word' id='word_1_189' title='bbox 1183 2783 1217 2843; x_wconf 87' lang='lat' dir='ltr'><strong>et</strong></span> <span class='ocrx_word' id='word_1_190' title='bbox 1239 2778 1359 2846; x_wconf 82' lang='lat' dir='ltr'><strong>eastris</strong></span> <span class='ocrx_word' id='word_1_191' title='bbox 1377 2777 1408 2844; x_wconf 91' lang='lat' dir='ltr'><strong>in</strong></span> 
     </span>
     <span class='ocr_line' id='line_1_27' title="bbox 269 2870 1470 2966; baseline 0 -23"><span class='ocrx_word' id='word_1_192' title='bbox 269 2870 471 2962; x_wconf 61' lang='lat' dir='ltr'><strong>Merohdorf„</strong></span> <span class='ocrx_word' id='word_1_193' title='bbox 496 2874 544 2943; x_wconf 92' lang='lat' dir='ltr'><strong>sio</strong></span> <span class='ocrx_word' id='word_1_194' title='bbox 560 2870 715 2948; x_wconf 85' lang='lat' dir='ltr'><strong>videlieet</strong></span> <span class='ocrx_word' id='word_1_195' title='bbox 737 2871 823 2965; x_wconf 93' lang='lat' dir='ltr'><strong>quod</strong></span> <span class='ocrx_word' id='word_1_196' title='bbox 847 2876 1020 2966; x_wconf 86' lang='lat' dir='ltr'><strong>episeopus</strong></span> <span class='ocrx_word' id='word_1_197' title='bbox 1041 2870 1206 2965; x_wconf 81' lang='lat' dir='ltr'><strong>prediatus</strong></span> <span class='ocrx_word' id='word_1_198' title='bbox 1222 2871 1408 2963; x_wconf 79' lang='lat' dir='ltr'><strong>predictum</strong></span> <span class='ocrx_word' id='word_1_199' title='bbox 1469 2879 1470 2956; x_wconf 77' lang='lat' dir='ltr'><strong>i</strong></span> 
     </span>
     <span class='ocr_line' id='line_1_28' title="bbox 271 2966 1470 3063; baseline -0.003 -22"><span class='ocrx_word' id='word_1_200' title='bbox 271 2968 425 3063; x_wconf 88' lang='lat' dir='ltr'><strong>oppidum</strong></span> <span class='ocrx_word' id='word_1_201' title='bbox 442 2978 475 3039; x_wconf 89' lang='lat' dir='ltr'><strong>et</strong></span> <span class='ocrx_word' id='word_1_202' title='bbox 486 2978 592 3039; x_wconf 85' lang='lat' dir='ltr'><strong>eastra</strong></span> <span class='ocrx_word' id='word_1_203' title='bbox 602 2967 748 3062; x_wconf 82' lang='lat' dir='ltr'><strong>predicto</strong></span> <span class='ocrx_word' id='word_1_204' title='bbox 765 2969 856 3040; x_wconf 85' lang='lat' dir='ltr'><strong>militi</strong></span> <span class='ocrx_word' id='word_1_205' title='bbox 872 2967 1100 3061; x_wconf 81' lang='lat' dir='ltr'><strong>obligavitpro</strong></span> <span class='ocrx_word' id='word_1_206' title='bbox 1109 2971 1165 3040; x_wconf 87' lang='lat' dir='ltr'><strong>xii.</strong></span> <span class='ocrx_word' id='word_1_207' title='bbox 1177 2967 1263 3038; x_wconf 90' lang='lat' dir='ltr'><strong>ilor¹.</strong></span> <span class='ocrx_word' id='word_1_208' title='bbox 1277 2966 1408 3062; x_wconf 90' lang='lat' dir='ltr'><strong>etquod</strong></span> <span class='ocrx_word' id='word_1_209' title='bbox 1469 2967 1470 3048; x_wconf 81' lang='lat' dir='ltr'><strong>i</strong></span> 
     </span>
     <span class='ocr_line' id='line_1_29' title="bbox 270 3057 1470 3162; baseline 0.001 -25"><span class='ocrx_word' id='word_1_210' title='bbox 270 3069 343 3162; x_wconf 90' lang='lat' dir='ltr'><strong>ipse</strong></span> <span class='ocrx_word' id='word_1_211' title='bbox 366 3069 541 3161; x_wconf 88' lang='lat' dir='ltr'><strong>episeopus</strong></span> <span class='ocrx_word' id='word_1_212' title='bbox 565 3076 621 3136; x_wconf 88' lang='lat' dir='ltr'><strong>eut</strong></span> <span class='ocrx_word' id='word_1_213' title='bbox 643 3069 694 3137; x_wconf 88' lang='lat' dir='ltr'><strong>sui</strong></span> <span class='ocrx_word' id='word_1_214' title='bbox 718 3087 934 3140; x_wconf 87' lang='lat' dir='ltr'><strong>sueoessores</strong></span> <span class='ocrx_word' id='word_1_215' title='bbox 954 3075 1092 3160; x_wconf 86' lang='lat' dir='ltr'><strong>possent</strong></span> <span class='ocrx_word' id='word_1_216' title='bbox 1108 3088 1149 3136; x_wconf 88' lang='lat' dir='ltr'><strong>ea</strong></span> <span class='ocrx_word' id='word_1_217' title='bbox 1165 3063 1332 3137; x_wconf 87' lang='lat' dir='ltr'><strong>redimere</strong></span> <span class='ocrx_word' id='word_1_218' title='bbox 1349 3087 1409 3159; x_wconf 92' lang='lat' dir='ltr'><strong>pro</strong></span> <span class='ocrx_word' id='word_1_219' title='bbox 1469 3057 1470 3138; x_wconf 78' lang='lat' dir='ltr'><strong>i</strong></span> 
     </span>
     <span class='ocr_line' id='line_1_30' title="bbox 270 3157 1470 3258; baseline 0 -22"><span class='ocrx_word' id='word_1_220' title='bbox 270 3185 398 3236; x_wconf 87' lang='lat' dir='ltr'><strong>summa</strong></span> <span class='ocrx_word' id='word_1_221' title='bbox 415 3157 630 3257; x_wconf 75' lang='lat' dir='ltr'><strong>predicte&#39;Et</strong></span> <span class='ocrx_word' id='word_1_222' title='bbox 646 3165 694 3234; x_wconf 91' lang='lat' dir='ltr'><strong>sio</strong></span> <span class='ocrx_word' id='word_1_223' title='bbox 710 3165 891 3258; x_wconf 81' lang='lat' dir='ltr'><strong>proprietas</strong></span> <span class='ocrx_word' id='word_1_224' title='bbox 909 3165 1065 3257; x_wconf 82' lang='lat' dir='ltr'><strong>aequisita</strong></span> <span class='ocrx_word' id='word_1_225' title='bbox 1082 3172 1135 3236; x_wconf 91' lang='lat' dir='ltr'><strong>est</strong></span> <span class='ocrx_word' id='word_1_226' title='bbox 1151 3162 1295 3234; x_wconf 90' lang='lat' dir='ltr'><strong>eeolesie</strong></span> <span class='ocrx_word' id='word_1_227' title='bbox 1314 3161 1408 3233; x_wconf 83' lang='lat' dir='ltr'><strong>Gon·</strong></span> <span class='ocrx_word' id='word_1_228' title='bbox 1469 3159 1470 3236; x_wconf 70' lang='lat'><em>3</em></span> 
     </span>
     <span class='ocr_line' id='line_1_31' title="bbox 271 3258 1470 3364; baseline -0.003 -31"><span class='ocrx_word' id='word_1_229' title='bbox 271 3263 441 3334; x_wconf 85' lang='lat' dir='ltr'><strong>stentiensi</strong></span> <span class='ocrx_word' id='word_1_230' title='bbox 458 3258 545 3354; x_wconf 91' lang='lat' dir='ltr'><strong>opidi</strong></span> <span class='ocrx_word' id='word_1_231' title='bbox 562 3271 596 3329; x_wconf 89' lang='lat' dir='ltr'><strong>et</strong></span> <span class='ocrx_word' id='word_1_232' title='bbox 612 3269 793 3350; x_wconf 85' lang='lat' dir='ltr'><strong>castrorum</strong></span> <span class='ocrx_word' id='word_1_233' title='bbox 832 3259 1042 3350; x_wconf 68' lang='lat' dir='ltr'><strong>redietorum,</strong></span> <span class='ocrx_word' id='word_1_234' title='bbox 1104 3265 1256 3332; x_wconf 85' lang='lat' dir='ltr'><strong>eentee²</strong></span> <span class='ocrx_word' id='word_1_235' title='bbox 1265 3259 1407 3331; x_wconf 84' lang='lat' dir='ltr'><strong>feodali</strong></span> <span class='ocrx_word' id='word_1_236' title='bbox 1469 3275 1470 3364; x_wconf 58' lang='lat' dir='ltr'><strong>p</strong></span> 
     </span>
     <span class='ocr_line' id='line_1_32' title="bbox 271 3354 1470 3451; baseline 0 -23"><span class='ocrx_word' id='word_1_237' title='bbox 271 3365 395 3428; x_wconf 67' lang='lat' dir='ltr'><strong>unium</strong></span> <span class='ocrx_word' id='word_1_238' title='bbox 417 3356 549 3427; x_wconf 80' lang='lat' dir='ltr'><strong>fuerunt</strong></span> <span class='ocrx_word' id='word_1_239' title='bbox 570 3356 699 3426; x_wconf 91' lang='lat' dir='ltr'><strong>illorum</strong></span> <span class='ocrx_word' id='word_1_240' title='bbox 723 3354 765 3425; x_wconf 91' lang='lat' dir='ltr'><strong>de</strong></span> <span class='ocrx_word' id='word_1_241' title='bbox 820 3355 984 3449; x_wconf 70' lang='lat' dir='ltr'><strong>arobdors,</strong></span> <span class='ocrx_word' id='word_1_242' title='bbox 1010 3379 1054 3428; x_wconf 93' lang='lat' dir='ltr'><strong>un</strong></span> <span class='ocrx_word' id='word_1_243' title='bbox 1079 3379 1099 3427; x_wconf 90' lang='lat' dir='ltr'><strong>e</strong></span> <span class='ocrx_word' id='word_1_244' title='bbox 1123 3357 1288 3451; x_wconf 77' lang='lat' dir='ltr'><strong>predictus</strong></span> <span class='ocrx_word' id='word_1_245' title='bbox 1313 3356 1407 3428; x_wconf 87' lang='lat' dir='ltr'><strong>miles</strong></span> <span class='ocrx_word' id='word_1_246' title='bbox 1469 3367 1470 3402; x_wconf 79' lang='lat'>³</span> 
     </span>
     <span class='ocr_line' id='line_1_33' title="bbox 261 3452 1470 3550; baseline 0.003 -24"><span class='ocrx_word' id='word_1_247' title='bbox 261 3452 1075 3550; x_wconf 71' lang='lat' dir='ltr'><strong>&#39;uxoremdrureratqueseheredemprediotorunr</strong></span> <span class='ocrx_word' id='word_1_248' title='bbox 1085 3452 1407 3540; x_wconf 78' lang='lat' dir='ltr'><strong>bonorumasseruit</strong></span> <span class='ocrx_word' id='word_1_249' title='bbox 1469 3525 1470 3530; x_wconf 75' lang='grc'>,</span> 
     </span>
     <span class='ocr_line' id='line_1_34' title="bbox 271 3549 1406 3646; baseline 0 -26"><span class='ocrx_word' id='word_1_250' title='bbox 271 3553 345 3646; x_wconf 83' lang='lat' dir='ltr'><strong>quie</strong></span> <span class='ocrx_word' id='word_1_251' title='bbox 363 3549 427 3621; x_wconf 85' lang='lat' dir='ltr'><strong>iilia</strong></span> <span class='ocrx_word' id='word_1_252' title='bbox 444 3553 540 3620; x_wconf 88' lang='lat' dir='ltr'><strong>uniea</strong></span> <span class='ocrx_word' id='word_1_253' title='bbox 557 3551 616 3621; x_wconf 85' lang='lat' dir='ltr'><strong>fuit</strong></span> <span class='ocrx_word' id='word_1_254' title='bbox 632 3553 728 3624; x_wconf 88' lang='lat' dir='ltr'><strong>unius</strong></span> <span class='ocrx_word' id='word_1_255' title='bbox 746 3550 788 3621; x_wconf 93' lang='lat' dir='ltr'><strong>de</strong></span> <span class='ocrx_word' id='word_1_256' title='bbox 804 3549 998 3624; x_wconf 89' lang='lat' dir='ltr'><strong>Merohdorf</strong></span> <span class='ocrx_word' id='word_1_257' title='bbox 1017 3561 1050 3622; x_wconf 91' lang='lat' dir='ltr'><strong>et</strong></span> <span class='ocrx_word' id='word_1_258' title='bbox 1069 3554 1119 3624; x_wconf 89' lang='lat' dir='ltr'><strong>sio</strong></span> <span class='ocrx_word' id='word_1_259' title='bbox 1134 3551 1189 3623; x_wconf 87' lang='lat' dir='ltr'><strong>ille</strong></span> <span class='ocrx_word' id='word_1_260' title='bbox 1207 3552 1406 3645; x_wconf 81' lang='lat' dir='ltr'><strong>genealogie</strong></span> 
     </span>
    </p>

    <p class='ocr_par' dir='ltr' id='par_1_8' title="bbox 271 3645 1186 3742">
     <span class='ocr_line' id='line_1_35' title="bbox 271 3645 1186 3742; baseline 0.003 -25"><span class='ocrx_word' id='word_1_261' title='bbox 271 3647 314 3717; x_wconf 92' lang='lat' dir='ltr'><strong>de</strong></span> <span class='ocrx_word' id='word_1_262' title='bbox 330 3645 524 3719; x_wconf 84' lang='lat' dir='ltr'><strong>Merohdorf</strong></span> <span class='ocrx_word' id='word_1_263' title='bbox 536 3646 642 3742; x_wconf 87' lang='lat' dir='ltr'><strong>quoad</strong></span> <span class='ocrx_word' id='word_1_264' title='bbox 658 3648 779 3719; x_wconf 85' lang='lat' dir='ltr'><strong>lineam</strong></span> <span class='ocrx_word' id='word_1_265' title='bbox 796 3647 1011 3722; x_wconf 79' lang='lat' dir='ltr'><strong>masculinam</strong></span> <span class='ocrx_word' id='word_1_266' title='bbox 1028 3647 1157 3720; x_wconf 87' lang='lat' dir='ltr'><strong>deioeit.</strong></span> <span class='ocrx_word' id='word_1_267' title='bbox 1182 3649 1186 3656; x_wconf 83' lang='lat'>&#39;</span> 
     </span>
    </p>
   </div>
   <div class='ocr_carea' id='block_1_7' title="bbox 143 3783 1405 3900">
    <p class='ocr_par' dir='ltr' id='par_1_9' title="bbox 143 3783 1405 3900">
     <span class='ocr_line' id='line_1_36' title="bbox 143 3783 1405 3900; baseline 0 -30"><span class='ocrx_word' id='word_1_268' title='bbox 143 3897 144 3900; x_wconf 4' lang='grc' dir='ltr'><strong>Ἴ</strong></span> <span class='ocrx_word' id='word_1_269' title='bbox 275 3801 424 3888; x_wconf 69' lang='lat' dir='ltr'><strong>Quotim</strong></span> <span class='ocrx_word' id='word_1_270' title='bbox 439 3800 601 3870; x_wconf 79' lang='lat' dir='ltr'><strong>lebannes</strong></span> <span class='ocrx_word' id='word_1_271' title='bbox 617 3801 788 3889; x_wconf 79' lang='lat' dir='ltr'><strong>opiscopus</strong></span> <span class='ocrx_word' id='word_1_272' title='bbox 807 3783 1067 3872; x_wconf 57' lang='lat' dir='ltr'><strong>&amp;mundatus</strong></span> <span class='ocrx_word' id='word_1_273' title='bbox 1077 3803 1249 3872; x_wconf 78' lang='lat' dir='ltr'><strong>recesserit</strong></span> <span class='ocrx_word' id='word_1_274' title='bbox 1263 3804 1306 3871; x_wconf 81' lang='lat' dir='ltr'><strong>de</strong></span> <span class='ocrx_word' id='word_1_275' title='bbox 1327 3803 1405 3872; x_wconf 84' lang='lat' dir='ltr'><strong>Got-</strong></span> 
     </span>
    </p>
   </div>
   <div class='ocr_carea' id='block_1_8' title="bbox 272 3897 1408 4292">
    <p class='ocr_par' dir='ltr' id='par_1_10' title="bbox 371 3897 1405 3988">
     <span class='ocr_line' id='line_1_37' title="bbox 371 3897 1405 3988; baseline -0.002 -20"><span class='ocrx_word' id='word_1_276' title='bbox 371 3897 475 3969; x_wconf 72' lang='lat' dir='ltr'><strong>toton</strong></span> <span class='ocrx_word' id='word_1_277' title='bbox 497 3901 611 3969; x_wconf 72' lang='lat' dir='ltr'><strong>onem</strong></span> <span class='ocrx_word' id='word_1_278' title='bbox 626 3916 661 3968; x_wconf 82' lang='lat' dir='ltr'><strong>ee</strong></span> <span class='ocrx_word' id='word_1_279' title='bbox 683 3901 848 3988; x_wconf 82' lang='lat' dir='ltr'><strong>captivari</strong></span> <span class='ocrx_word' id='word_1_280' title='bbox 864 3919 929 3988; x_wconf 83' lang='lat' dir='ltr'><strong>per</strong></span> <span class='ocrx_word' id='word_1_281' title='bbox 946 3903 1141 3980; x_wconf 65' lang='lat' dir='ltr'><strong>eduorum</strong></span> <span class='ocrx_word' id='word_1_282' title='bbox 1158 3901 1250 3970; x_wconf 75' lang='lat' dir='ltr'><strong>doeio</strong></span> <span class='ocrx_word' id='word_1_283' title='bbox 1267 3901 1405 3970; x_wconf 64' lang='lat' dir='ltr'><strong>Attene.</strong></span> 
     </span>
    </p>

    <p class='ocr_par' dir='ltr' id='par_1_11' title="bbox 320 4009 1408 4107">
     <span class='ocr_line' id='line_1_38' title="bbox 320 4009 1408 4107; baseline 0.004 -23"><span class='ocrx_word' id='word_1_284' title='bbox 320 4009 402 4084; x_wconf 87' lang='lat' dir='ltr'><strong>ltem</strong></span> <span class='ocrx_word' id='word_1_285' title='bbox 419 4034 506 4084; x_wconf 82' lang='lat' dir='ltr'><strong>enno</strong></span> <span class='ocrx_word' id='word_1_286' title='bbox 521 4013 568 4087; x_wconf 76' lang='lat' dir='ltr'><strong>lv.</strong></span> <span class='ocrx_word' id='word_1_287' title='bbox 579 4014 760 4107; x_wconf 76' lang='lat' dir='ltr'><strong>prescripto</strong></span> <span class='ocrx_word' id='word_1_288' title='bbox 776 4016 818 4085; x_wconf 90' lang='lat' dir='ltr'><strong>iii.</strong></span> <span class='ocrx_word' id='word_1_289' title='bbox 836 4013 909 4088; x_wconf 89' lang='lat' dir='ltr'><strong>idus</strong></span> <span class='ocrx_word' id='word_1_290' title='bbox 922 4011 1062 4087; x_wconf 88' lang='lat' dir='ltr'><strong>ootobris</strong></span> <span class='ocrx_word' id='word_1_291' title='bbox 1077 4016 1156 4104; x_wconf 85' lang='lat' dir='ltr'><strong>[oet</strong></span> <span class='ocrx_word' id='word_1_292' title='bbox 1165 4010 1228 4102; x_wconf 88' lang='grc'><strong>13]</strong></span> <span class='ocrx_word' id='word_1_293' title='bbox 1240 4011 1408 4088; x_wconf 82' lang='lat' dir='ltr'><strong>lebannes</strong></span> 
     </span>
    </p>

    <p class='ocr_par' dir='ltr' id='par_1_12' title="bbox 272 4107 1408 4292">
     <span class='ocr_line' id='line_1_39' title="bbox 272 4107 1408 4209; baseline 0.008 -32"><span class='ocrx_word' id='word_1_294' title='bbox 272 4113 446 4204; x_wconf 88' lang='lat' dir='ltr'><strong>episeopus</strong></span> <span class='ocrx_word' id='word_1_295' title='bbox 465 4109 738 4202; x_wconf 71' lang='lat' dir='ltr'><strong>consentiendo,</strong></span> <span class='ocrx_word' id='word_1_296' title='bbox 765 4115 819 4207; x_wconf 83' lang='lat' dir='ltr'><strong>qui</strong></span> <span class='ocrx_word' id='word_1_297' title='bbox 835 4111 878 4183; x_wconf 86' lang='lat' dir='ltr'><strong>ed</strong></span> <span class='ocrx_word' id='word_1_298' title='bbox 894 4134 1013 4209; x_wconf 88' lang='lat' dir='ltr'><strong>prooes</strong></span> <span class='ocrx_word' id='word_1_299' title='bbox 1030 4110 1152 4188; x_wconf 86' lang='lat' dir='ltr'><strong>domiui</strong></span> <span class='ocrx_word' id='word_1_300' title='bbox 1167 4107 1299 4184; x_wconf 75' lang='lat' dir='ltr'><strong>Albern&#39;</strong></span> <span class='ocrx_word' id='word_1_301' title='bbox 1316 4109 1408 4186; x_wconf 77' lang='lat' dir='ltr'><strong>dues</strong></span> 
     </span>
     <span class='ocr_line' id='line_1_40' title="bbox 310 4216 906 4292; baseline 0.013 -19"><span class='ocrx_word' id='word_1_302' title='bbox 310 4216 339 4286; x_wconf 82' lang='lat'><strong>1)</strong></span> <span class='ocrx_word' id='word_1_303' title='bbox 354 4237 386 4274; x_wconf 84' lang='lat' dir='ltr'><strong>eo</strong></span> <span class='ocrx_word' id='word_1_304' title='bbox 399 4221 425 4274; x_wconf 86' lang='lat' dir='ltr'><strong>in</strong></span> <span class='ocrx_word' id='word_1_305' title='bbox 442 4221 489 4277; x_wconf 89' lang='lat' dir='ltr'><strong>der</strong></span> <span class='ocrx_word' id='word_1_306' title='bbox 503 4225 543 4279; x_wconf 84' lang='lat' dir='ltr'><strong>hs.</strong></span> <span class='ocrx_word' id='word_1_307' title='bbox 570 4223 601 4292; x_wconf 78' lang='lat'><strong>2)</strong></span> <span class='ocrx_word' id='word_1_308' title='bbox 616 4226 694 4278; x_wconf 67' lang='lat' dir='ltr'><strong>enka</strong></span> <span class='ocrx_word' id='word_1_309' title='bbox 708 4221 736 4280; x_wconf 85' lang='lat' dir='ltr'><strong>iu</strong></span> <span class='ocrx_word' id='word_1_310' title='bbox 749 4223 794 4280; x_wconf 88' lang='lat' dir='ltr'><strong>bet</strong></span> <span class='ocrx_word' id='word_1_311' title='bbox 808 4222 851 4281; x_wconf 88' lang='lat' dir='ltr'><strong>die</strong></span> <span class='ocrx_word' id='word_1_312' title='bbox 865 4225 906 4281; x_wconf 85' lang='lat' dir='ltr'><strong>bs.</strong></span> 
     </span>
    </p>
   </div>
   <div class='ocr_carea' id='block_1_9' title="bbox 0 0 1492 4832">
    <p class='ocr_par' dir='ltr' id='par_1_13' title="bbox 0 0 1492 4832">
     <span class='ocr_line' id='line_1_41' title="bbox 0 0 1492 4832; baseline 0 0"><span class='ocrx_word' id='word_1_313' title='bbox 0 0 1492 4832; x_wconf 95' lang='lat' dir='ltr'><strong> </strong></span> 
     </span>
    </p>
   </div>
  </div>
 </body>
</html>
