2960 4832
261 197 311 272 93
576 187 1091 250 immarcosaanmssnnnovnn.

182 405 249 461 4355
264 364 474 461 principibus,
485 369 643 455 coronati,
654 375 820 436 annuente
829 375 863 435 et
872 363 1047 435 mandante
1060 383 1145 456 papa
1157 360 1353 432 Innocentio
1360 363 1407 430 vi.

265 472 515 557 supranotato„
542 485 629 534 anno
654 466 704 535 sui
731 461 935 557 pontificatus
964 463 1084 553 tercio,
1112 471 1147 532 et
1167 461 1267 551 regni
1289 457 1408 528 Karcli

263 581 351 631 nono
368 583 464 632 anno.

267 748 415 836 Qualiter
426 747 656 836 patriarcham
662 741 920 836 Aquitepieasem
929 743 1068 829 fratrem
1077 764 1170 816 mum
1183 749 1410 836 posceritpra

362 846 686 916 maariosuaitomc.
1474 837 1475 928 t

314 991 398 1066 Item
421 1015 537 1066 mense
564 994 674 1087 aprilis
698 1015 860 1067 reversus
881 993 990 1066 Senas
1018 993 1059 1065 de
1083 993 1204 1084 Roma,
1230 969 1410 1088 postauam

267 1089 442 1188 expulerat
458 1089 578 1162 ibidem
589 1089 650 1164 sibi
667 1089 885 1163 adversantes
904 1103 938 1162 ct
953 1103 1110 1186 posuerat
1126 1089 1168 1162 ibi
1184 1091 1410 1187 patriarcham
1474 1083 1475 1154 i

266 1187 542 1284 Aquilegiensem
555 1210 617 1281 pro
627 1187 757 1258 domino
768 1199 801 1258 et
811 1191 948 1278 vicario7
966 1179 1039 1283 quia
1051 1189 1409 1261 eratiraternaturalis
1474 1159 1475 1248 i

266 1293 391 1356 anam
407 1285 613 1379 imperatoris
624 1282 736 1356 Karoli
754 1282 902 1378 predicti„
921 1296 953 1357 et
966 1285 1042 1356 inde
1057 1286 1221 1359 recedens
1228 1287 1408 1360 Senenses

289 1379 482 1452 atriarcham
494 1378 689 1547 guibusdam
702 1382 829 1476 placitis
841 1382 1108 1454 licenciaverunt.
1125 1381 1311 1478 Imperator
1327 1388 1406 1456 ruit¹

295 1481 374 1570 aas,
402 1488 435 1549 et
450 1475 492 1548 ibi
515 1500 569 1549 em
587 1477 745 1574 aliquibus
764 1476 878 1550 diebus
903 1501 1029 1551 moram
1049 1503 1123 1552 cum
1145 1483 1359 1576 imperatrice
1377 1493 1409 1552 et
1474 1503 1475 1548 t

267 1577 336 1648 suis
349 1574 543 1668 sequacibus
554 1577 587 1645 in
597 1597 680 1669 pace
691 1597 797 1670 usque
807 1574 848 1648 ad
859 1573 1084 1648 mediummaii
1095 1581 1237 1673 peregit,
1248 1588 1409 1674 tanquam

266 1693 341 1743 cum
359 1676 427 1743 suis
445 1668 608 1762 fidelibus,
635 1668 751 1766 quibus
776 1673 914 1766 amplius
939 1697 1036 1767 quam
1056 1674 1214 1769 aliquibus
1232 1679 1267 1746 in
1285 1676 1408 1748 Tussia

265 1771 392 1840 ratione
417 1772 517 1863 partis
542 1766 702 1839 Gibelline
727 1767 919 1842 confidebab
946 1769 1023 1864 Ipse
1047 1775 1223 1865 imperator
1241 1771 1319 1844 dum
1347 1779 1410 1844 iret

265 1865 405 1936 Romam
428 1889 487 1960 pro
511 1888 570 1938 sua
595 1869 812 1937 coronacione
836 1870 1025 1963 episcopum
1043 1868 1296 1960 Augustensem
1321 1893 1408 1964 prc-

265 1961 1036 2058 vincieMaguntinensisnominedlarquardum,
1046 1967 1185 2038 inarmis
1197 1976 1409 2050 strennuum,

266 2061 425 2130 vicarium
449 2082 545 2133 suum
568 2058 687 2129 ibidem
708 2059 847 2154 reliquit,
871 2082 968 2155 quem
987 2065 1093 2134 eciam
1108 2064 1218 2138 Pisani
1235 2087 1347 2159 usque
1367 2064 1407 2134 ad

265 2159 495 2229 reversionem
506 2159 585 2230 satis
603 2153 814 2228 amicabiliter
830 2167 1064 2231 cacaverant.

267 2343 416 2433 Qualiter
439 2347 573 2432 quidam
591 2345 762 2433 palacium
779 2347 915 2414 maioris
938 2347 1078 2415 civitatis
1094 2345 1178 2416 Pisis
1200 2349 1411 2420 mandarint

362 2443 419 2512 abi
435 2446 613 2531 imperator
629 2461 702 2511 cum
718 2444 925 2532 imperatrice
942 2451 1035 2512 nocta
1051 2445 1260 2514 dormierunt.
1474 2447 1475 2538 t

316 2589 398 2662 ltern
416 2611 534 2662 mense
551 2591 627 2660 maii
644 2594 720 2662 anni
736 2591 782 2662 lv.
801 2590 937 2685 predicti
951 2593 1029 2663 xiiii.
1054 2591 1119 2664 ka.
1138 2595 1216 2666 imi
1236 2595 1320 2682 [mai
1339 2593 1404 2682 19]

267 2685 346 2759 dum
360 2685 1258 2784 imparatorKaroluscumimperatricePisisinpalacio
1268 2694 1405 2766 maioris

267 2788 410 2861 civitatis
423 2783 579 2855 dormiret
594 2787 766 2858 incensum
782 2785 841 2856 brit
856 2786 1017 2880 paludum
1033 2789 1067 2857 in
1084 2797 1193 2878 nocte,
1211 2798 1245 2859 et
1255 2787 1407 2863 vixnud

267 2891 460 2969 evasenrnb
484 2889 518 2950 et
533 2883 728 2974 imperatrici
745 2885 853 2954 omnia
871 2905 936 2977 que
950 2881 1092 2955 babebat
1113 2906 1174 2978 per
1196 2887 1313 2976 ignem
1330 2895 1406 2959 sunt

266 2987 420 3051 cremata.
447 2975 681 3071 impingebatur
703 2981 851 3052 incensio
873 2977 1066 3074 quibusdam
1088 2982 1215 3054 Pisanis
1243 2982 1339 3056 dictis
1365 2983 1406 3054 de
1474 2991 1475 3046 ὲ

266 3073 571 3166 eoruscantibus,
589 3079 768 3170 quipostea
780 3075 925 3150 confessi
942 3087 1018 3151 sunt
1035 3099 1162 3152 soreos
1173 3083 1405 3166 cenomania

264 3183 303 3244 et
315 3171 502 3246 corbeianis
517 3195 580 3246 seu
597 3173 772 3246 sedicionis
789 3173 894 3248 fitisse
912 3185 1077 3266 auctores,
1101 3175 1146 3246 de
1162 3199 1226 3270 qna
1244 3181 1404 3272 sequitur.

262 3269 461 3364 lneetprcnti
472 3269 525 3340 die
536 3270 660 3345 scilicet
670 3273 737 3342 xiii
748 3270 813 3342 kat.
832 3274 912 3342 iunii
922 3271 1027 3346 raons
1037 3272 1219 3344 isitrumor
1234 3277 1270 3344 in
1286 3277 1404 3346 minori
1474 3325 1475 3364 ;

264 3369 394 3443 ovida
401 3368 533 3456 Pisana,
550 3365 605 3438 ubi
622 3377 699 3438 tunc
708 3367 821 3462 plumes
839 3367 882 3438 de
900 3371 1047 3443 exercitu
1064 3372 1270 3465 imperatoris
1282 3370 1403 3466 bospi-
1474 3379 1475 3428 ἐ

262 3460 424 3555 tabanum
452 3485 538 3558 quoe-
557 3460 715 3538 votebant
736 3463 908 3542 occidisse.
935 3465 978 3538 Et
999 3463 1119 3537 ibidem
1145 3470 1245 3540 occisi
1270 3469 1404 3541 narmi
1474 3487 1475 3560 ἢ

262 3559 477 3655 quadraginta
494 3560 793 3638 miiitesetnobiles
804 3561 847 3634 de
857 3566 1006 3638 exercitu
1021 3566 1242 3658 imperatoris,
1259 3575 1294 3637 et
1305 3569 1403 3660 epis·
1474 3565 1475 3568 ’

262 3658 598 3752 copusAugusteasis
608 3659 774 3754 pradictus
785 3661 845 3732 itit
852 3659 972 3732 ibidem
981 3658 1084 3736 tribus
1091 3660 1285 3734 vulneribus
1298 3663 1402 3736 lesus.

260 3755 307 3828 Et
326 3755 517 3831 domasset
545 3759 593 3829 sic
618 3767 814 3852 prostrabis,
840 3761 1017 3852 imperator
1043 3758 1204 3834 vexillum
1230 3761 1403 3854 imperiale

261 3857 423 3931 commisit
437 3853 579 3927 Rudolio
603 3853 646 3926 de
668 3853 831 3947 Honlturg
853 3856 942 3927 militi
969 3855 1092 3929 ordinis
1114 3855 1402 3948 ibeotonicorum

261 3951 517 4028 commendatori
533 3963 615 4026 tunc
628 3953 798 4045 generabis
812 3950 974 4026 Moranie.
996 3954 1059 4041 Qut
1075 3975 1150 4024 cum
1170 3975 1294 4047 magna
1312 3954 1403 4026 diffr-

261 4049 1104 4160 woarcmtadmttncsiaperaaaaaual’isams
1114 4053 1402 4128 mmonscivitatis

297 4177 326 4247 1)
342 4196 374 4235 so
389 4179 433 4235 die
445 4181 486 4236 ba.
500 4181 573 4236 wcbt
588 4185 650 4237 atatt
663 4180 716 4236 isit.
750 4181 781 4250 2)
795 4179 972 4238 Garnbacorti.
