2862 4820
411 185 452 246 nn
471 189 635 248 cananeae
654 190 698 248 na
718 189 867 250 viamen.
1133 189 1207 268 707

69 375 104 437 et
120 367 225 439 vinee
242 375 277 437 et
291 363 480 438 molendina
497 366 637 442 etmulti
660 369 746 460 agri¹
767 377 800 440 et
817 367 915 440 etiam
932 367 1019 444 silve
1036 390 1110 441 eum
1127 391 1205 440 ma·
1221 375 1292 434 teta

68 468 150 554 gnis
176 461 406 538 venationibus
433 474 489 536 aut
515 487 637 558 magna
664 465 790 540 nbilitas
817 463 1010 538 balneorum
1035 465 1208 541 destruunt

67 561 136 634 beo
152 566 321 636 civitatem
336 585 415 654 non,
439 565 513 658 quia
530 565 639 636 omnia
657 567 717 637 ista
735 565 821 638 lactu
839 574 1065 658 suntpropter
1080 564 1207 658 puleri-

68 659 219 732 tudinem
238 657 465 757 stabilitatem
488 663 775 756 palaeensium
796 665 897 754 igitur
918 665 1035 736 eivitas
1058 661 1208 736 interlioit

67 757 224 832 homines
246 755 429 832 habitantes
446 761 480 831 in
497 781 538 830 ea
555 782 634 848 non,
660 763 735 856 quia
758 771 857 832 terra.
870 781 937 835 non
953 757 1053 832 babet
1076 781 1208 848 manns‚

69 877 148 926 eum
172 853 288 950 quibus
312 857 484 930 interliciat
506 879 584 947 eos,
609 859 778 952 etpulcre
801 868 909 932 tumes
933 868 967 930 et
988 859 1106 951 palatia
1133 877 1207 930 oum

70 951 224 1026 domibus
247 977 314 1026 non
339 964 415 1028 sunt
438 965 611 1050 serpentes
632 978 697 1030 neo
713 955 888 1044 erumnas,
912 959 965 1050 qui
989 955 1151 1028 devorent
1174 964 1208 1026 et

70 1049 380 1146 interficiantipsos.
403 1052 496 1146 Ergo
509 1051 658 1132 homines
673 1063 761 1144 sunt,
779 1057 832 1148 qui
843 1053 1015 1128 destruunt
1031 1056 1206 1128 aviano.

67 1149 131 1220 Sia
147 1171 245 1242 ergo,
262 1173 322 1222 eur
338 1147 520 1240 destruunt
538 1173 611 1224 eum
629 1154 662 1223 in
680 1175 720 1226 ea
738 1155 803 1226 sint
819 1155 885 1224 nati
903 1162 936 1224 et
951 1151 1007 1224 lilii
1026 1153 1099 1224 eius
1117 1149 1208 1224 sint?

70 1245 151 1320 Non
167 1258 244 1320 sunt
259 1247 315 1320 lilii
333 1247 394 1322 sed
412 1253 515 1340 servi,
533 1252 607 1343 mia
625 1248 710 1326 sutus
728 1271 794 1322 non
810 1247 950 1322 libenter
968 1247 1105 1322 destruit
1121 1245 1206 1320 bona

69 1355 224 1438 paterna,
241 1347 340 1418 immo
358 1369 513 1420 creseere
529 1347 606 1420 lauit
622 1370 662 1420 aa
680 1358 714 1420 et
730 1348 943 1442 mtdtiplioari.
966 1345 1012 1418 Et
1026 1347 1103 1418 oolit
1116 1349 1149 1420 in
1166 1367 1206 1416 ea

69 1439 178 1514 bonas
202 1453 235 1514 et
260 1441 443 1518 odoriferas
467 1443 564 1518 erbas
589 1456 623 1518 et
649 1446 734 1518 mala
762 1444 907 1518 destruit.
944 1445 1073 1518 Servus
1097 1454 1208 1516 autem

68 1561 140 1612 non
159 1543 208 1614 sie
223 1539 313 1632 feeit
339 1541 399 1616 sed
423 1544 501 1616 lauit
524 1545 606 1616 siout
621 1541 799 1634 laborator,
827 1547 880 1638 qni
898 1545 1031 1618 vineam
1049 1539 1091 1614 ad
1107 1539 1208 1614 labo-

70 1637 214 1710 randum
232 1643 357 1734 aceepit
373 1641 527 1732 obenan,
551 1645 604 1736 qui
622 1639 747 1716 dimittit
766 1641 870 1714 malas
888 1639 986 1716 erbas
1003 1661 1158 1714 creseere
1175 1649 1209 1712 et

69 1735 179 1808 bonas
197 1737 308 1810 oulere
324 1761 490 1834 nunquam
507 1751 608 1812 ourat.
640 1739 683 1812 Et
700 1743 798 1812 etiam
821 1735 939 1814 omnes
960 1737 1065 1812 bonos
1082 1738 1206 1812 boetus

69 1837 167 1926 eligit
184 1846 218 1906 et
236 1833 372 1911 arbores
392 1837 514 1929 frangit
531 1849 564 1910 et
581 1861 647 1911 non
664 1850 768 1928 aurat,
793 1841 821 1910 si
847 1837 1035 1928 destruitur,
1059 1857 1123 1932 que
1140 1835 1207 1908 be-

69 1933 197 2006 reditas
213 1955 280 2008 non
297 1939 329 2006 ei
345 1938 494 2030 pertinet
520 1935 567 2007 lta
585 1936 710 2026 videteq
729 1931 793 2032 que
810 1934 926 2010 aooidit
943 1934 1105 2026 Viterbio,
1121 1933 1225 2030 quod·

67 2055 140 2104 nnn
159 2041 213 2104 est
227 2032 356 2127 aliqads,
373 2037 426 2128 qui
437 2057 456 2104 a
468 2032 615 2106 Vitarbio
631 2035 729 2108 laniat
745 2045 778 2106 et
795 2031 881 2106 dieat
895 2036 953 2106 vel
968 2045 1124 2127 operetur
1141 2031 1207 2106 bo-

69 2151 153 2201 num
165 2139 457 2228 etaugumentum,
474 2135 573 2204 immo
591 2131 744 2204 auserunt
754 2141 786 2204 et
797 2129 977 2202 diminuunt
987 2141 1020 2203 et
1037 2129 1209 2204 destruam

69 2231 162 2300 omni
187 2228 239 2300 dia
262 2239 296 2300 et
314 2233 452 2303 virtutes
470 2241 504 2302 et
529 2229 704 2321 dignitates
729 2238 762 2300 et
785 2227 1022 2302 dominationes
1048 2238 1208 2300 extorse-

71 2335 161 2416 rant,
182 2329 265 2399 etin
283 2326 424 2422 quolibet
441 2331 579 2400 veniunt
599 2325 793 2416 eonferenda,
819 2327 902 2400 slebt
919 2349 958 2400 sn
982 2324 1207 2398 eriusdietum

74 2433 136 2496 est
173 2423 217 2496 Et
232 2424 300 2516 itte,
322 2429 379 2520 qui
404 2429 511 2517 magis
536 2425 668 2500 simulat
689 2423 776 2496 bene
798 2425 889 2520 loqui
905 2433 938 2497 et
960 2347 1047 2496 [ene
1065 2425 1209 2518 operari,

71 2521 129 2592 ille
148 2524 241 2596 citius
257 2526 371 2617 aeoipit
388 2533 423 2596 et
437 2523 563 2597 iuratur
580 2533 613 2594 et
628 2521 782 2595 revendit
798 2545 893 2609 eum3
909 2533 943 2595 et
957 2542 1056 2594 nemo
1073 2530 1137 2610 est,
1155 2523 1209 2616 qui

71 2622 178 2712 possit
201 2620 320 2692 luerari
344 2625 485 2716 quinque
509 2619 632 2696 solidos
657 2631 712 2692 aut
736 2619 852 2692 decem
875 2619 975 2694 libras
993 2618 1051 2692 vel
1077 2629 1208 2690 eentum

70 2725 130 2788 aut
156 2715 230 2811 plns
258 2719 314 2792 vel
341 2721 462 2809 minus,
493 2729 527 2791 et
554 2721 769 2792 communitas
798 2717 925 2792 Viterbi
952 2716 1207 2790 deterioraretur

70 2814 164 2887 mille
182 2819 301 2890 mareis
319 2821 448 2909 argenti
459 2816 591 2890 veldno
608 2818 694 2888 milia
714 2827 770 2889 aut
788 2817 875 2911 plus,
893 2815 979 2911 mod
996 2813 1116 2910 aliquid
1133 2817 1206 2909 ipse

70 2923 181 3004 earet,
205 2921 284 3009 que²
308 2937 375 2988 non
398 2912 502 3007 diligit
527 2937 622 2990 suam
647 2917 831 3002 civitatem3
858 2919 924 2986 imo
947 2936 1029 3007 sepo
1057 2913 1207 2986 homines

71 3011 380 3087 traduntetlaoiunt
397 3010 457 3086 sibi
474 3035 630 3106 magnum
648 3012 784 3102 malum,
800 3011 842 3084 de
853 3035 916 3106 quo
934 3009 1020 3082 bene
1031 3009 1138 3082 adhue
1148 3033 1207 3082 eos

70 3107 238 3203 penitebit.
263 3109 307 3184 Et
323 3107 571 3186 sioViterbium.
598 3111 641 3184 Et
656 3108 720 3182 beo
736 3109 904 3204 prophetia
922 3118 1059 3204 apparet
1074 3117 1208 3203 propter

70 3217 210 3300 pomata
227 3205 392 3282 bominum
411 3213 609 3282 oonsumari.
1228 3229 1231 3236 '

285 3309 335 3378 De
360 3307 496 3392 fortune
528 3307 666 3379 Viterbe‘r'.

122 3400 367 3478 0Viterbiumi
392 3409 457 3479 iam
484 3409 546 3480 es³
571 3406 696 3499 obpeus
720 3403 916 3481 durissimus
941 3413 975 3478 et
995 3403 1206 3494 summimus„

71 3507 128 3600 qui
150 3503 240 3578 nulla
265 3505 404 3576 vulnera
427 3507 541 3593 timesq
569 3515 602 3575 et
625 3505 808 3598 quiounqne
832 3513 865 3574 te
888 3512 994 3596 portat
1016 3505 1049 3574 in
1072 3501 1207 3590 bellum,

71 3605 204 3676 vitiorie
222 3611 348 3698 partem
366 3613 464 3675 tenet.
484 3602 526 3674 Et
541 3602 644 3693 longo
662 3611 809 3695 tempore
823 3599 864 3670 ad
881 3603 1115 3694 pereussiones
1132 3599 1207 3671 lor-

72 3702 289 3774 tissimorum⁴
312 3697 506 3774 bellatorum
530 3699 665 3786 durastiq
690 3697 723 3770 id
746 3707 799 3772 est
820 3717 918 3792 pape7
943 3699 1147 3790 imperatoris
1174 3705 1208 3768 et

72 3797 194 3889 Rome„
218 3801 273 3894 qui
289 3798 495 3870 dominantur
510 3801 567 3872 toti
584 3795 706 3872 mundo
724 3805 889 3889 totamque
906 3804 1026 3866 terram
1045 3815 1205 3888 pessum-

72 3893 164 3986 dant„
187 3908 222 3969 et
246 3895 378 3991 quilibet
399 3896 441 3968 da
459 3905 491 3968 te
508 3906 635 3969 sonuum
660 3893 737 3966 lauit
753 3903 788 3966 et
812 3889 960 3966 sbarram
984 3892 1106 3964 induoit
1121 3900 1155 3962 te
1172 3893 1206 3962 in

73 4016 216 4086 magnos
239 3993 371 4070 labores
394 4003 429 4066 et
451 3997 634 4086 rugosum,
663 4014 728 4087 que
755 4001 886 4088 portare
914 4011 981 4062 non
1011 3999 1106 4085 potes
1134 3991 1207 4062 sine

127 4142 157 4210 1)
175 4143 265 4200 multis
284 4142 357 4213 agris
376 4143 417 4200 bs.
453 4141 484 4210 2)
503 4141 584 4214 quia?
620 4141 650 4210 8)
669 4148 711 4197 est
728 4142 769 4197 bs.
805 4141 837 4208 d)
854 4146 912 4196 tran
932 4137 979 4196 mit
997 4137 1083 4194 einem
1103 4137 1204 4194 ablttlr-

72 4214 273 4285 zungsneioben
292 4216 357 4272 iiber
377 4215 435 4272 dem
455 4231 472 4271 n
491 4215 562 4271 stebt
581 4215 650 4270 noab
669 4230 717 4270 vor
736 4212 955 4270 fortissimorum.

936 4327 994 4386 45*
