2960 4832
260 205 309 278 33
619 195 1131 260 mmnrcusnsoussnnnovsn.

179 381 248 442 tata
359 373 488 448 Eodem
504 375 601 446 etiam
618 396 704 446 anno
719 375 764 448 xi.
781 373 846 446 lml.
865 371 1019 464 octobris,
1043 396 1106 469 que
1123 383 1216 444 eraut
1243 375 1277 445 in
1304 377 1388 446 ieiu-

262 479 316 548 nio
334 484 471 570 quatum
486 483 680 567 temporum,
697 495 781 568 papa
800 469 955 544 Clemens
973 475 1017 545 vi.
1036 476 1163 544 creavit
1177 470 1295 544 decem
1314 495 1388 544 car-
1462 477 1475 567 j

263 571 401 662 dinales
425 593 561 665 morum
584 593 670 642 unus
694 579 766 641 erat
781 570 882 641 irater
905 591 985 647 suus
1003 570 1155 660 carnalis,
1173 569 1272 664 aliqui
1289 574 1388 642 eciam
1474 591 1475 594 ’

262 673 313 744 sui
330 671 576 760 consanguinei.
593 667 731 754 Quidam
749 671 846 739 etiam
863 691 908 741 ex
923 671 1003 762 ipsis
1015 670 1113 738 creati
1123 666 1259 738 hierunt
1274 666 1316 738 ad
1327 691 1389 762 pe-
1461 706 1467 741 t

260 771 405 840 titionem
422 766 557 860 Philippi
579 757 672 857 regis
689 763 902 855 Francorum
927 765 968 835 ad
992 788 1090 859 quem
1108 769 1212 836 eciam
1229 763 1389 837 Ludewi-

261 889 319 938 cus
337 863 514 961 predictus.
533 865 642 958 quise
659 885 718 957 pro
736 866 932 957 imperatore
945 867 1061 954 gessit7
1078 867 1196 944 iterum
1209 885 1289 936 suos
1301 887 1389 936 nun·

260 965 321 1035 tios
339 966 437 1053 misit,
454 971 489 1032 ut
506 983 581 1031 oum
598 982 658 1033 suo
676 961 811 1033 consiho
828 964 913 1033 irent
929 961 971 1032 ad
987 983 1107 1055 papam
1116 960 1324 1032 Clementem
1334 983 1390 1056 pro
1463 1004 1475 1038 r

260 1083 320 1134 sua
338 1059 610 1131 reconciliatione.
629 1057 681 1128 Hii
692 1057 823 1129 luerunt
832 1069 940 1130 autem
951 1057 1222 1130 ambassiatores:
1241 1056 1389 1130 dominus
1474 1083 1475 1088 ¹

258 1156 416 1232 Albertus
434 1177 547 1227 eomes
566 1153 607 1224 de
623 1153 838 1247 Hohenherg„
856 1159 909 1250 qui
927 1157 1070 1227 tuncluit
1081 1156 1298 1228 cancellarius
1310 1179 1390 1250 pre-

259 1253 334 1325 dicti
352 1253 472 1324 donnni
488 1249 647 1342 Ludwici,
664 1251 881 1326 Wolirandus
902 1275 1014 1325 mmes
1036 1252 1297 1344 deNellenhurg
1317 1276 1390 1326 ma-

259 1355 364 1443 gister
381 1350 502 1421 ordinis
514 1347 787 1422 Theutonicorum
800 1354 832 1422 in
844 1361 908 1423 tota
920 1350 1120 1421 Germania.¹
1140 1353 1202 1438 Qut
1214 1359 1290 1421 cum
1302 1359 1390 1423 nun-
1474 1366 1475 1407 ³

259 1451 311 1522 tiis
328 1451 420 1540 regis
437 1447 638 1518 Francorum
654 1450 799 1538 ingressi
816 1459 892 1520 sunt
901 1451 1105 1521 Asinianum
1121 1470 1239 1521 mense
1251 1448 1391 1520 decem

258 1543 325 1618 bris
344 1567 430 1616 anno
447 1543 591 1639 predicto
610 1544 764 1616 videlicet
778 1547 860 1634 xlii..
879 1557 912 1618 et
928 1558 1139 1618 recesserunt
1154 1550 1188 1616 in
1199 1547 1315 1637 tigilla
1327 1547 1391 1618 na-

258 1646 390 1715 tivitatis
409 1642 527 1712 domini
547 1641 781 1714 eiusdemanni
794 1647 865 1715 sine
877 1643 1096 1739 expeditione.
1108 1646 1195 1738 Papa
1213 1649 1391 1739 tamenip-
1474 1661 1475 1672 ¹

259 1761 316 1814 sos
335 1737 502 1820 urbaniter
517 1739 687 1830 redarguit
704 1763 762 1810 cur
779 1740 953 1836 dampnato
970 1765 1031 1836 per
1048 1743 1225 1814 ecclesiam
1242 1739 1391 1826 adhere-
1474 1759 1475 1800 1

211 1841 214 1848 “
256 1840 344 1927 rent,
362 1836 537 1910 adhortans
555 1840 644 1931 ipsos
663 1848 697 1909 ut
715 1860 752 1911 se
771 1842 921 1910 serviciis
939 1839 1082 1911 ecclesie
1092 1837 1243 1911 Romane
1260 1841 1391 1911 manci-
1474 1857 1475 1898 2

280 1945 383 2006 arent.
395 1933 489 2006 Unus
501 1943 611 2004 autem
621 1956 666 2006 ex
677 1933 978 2026 ambassiatorihus
995 1936 1150 2009 videlicet
1160 1935 1313 2009 donnnus
1324 1937 1392 2010 At-

257 1957 370 2120 hertus
389 2052 502 2104 comes
522 2028 564 2100 de
575 2030 779 2123 Hohenberg
797 2037 973 2105 canonicus
985 2031 1247 2106 Constantiensis
1259 2055 1392 2106 ammo-

257 2131 414 2200 nitionem
431 2150 517 2223 pape
535 2138 681 2216 secutus,
697 2129 773 2200 licet
790 2141 883 2202 esset
895 2131 1109 2203 cancellarius
1119 2130 1293 2202 Ludewici
1308 2155 1392 2226 pre·

256 2223 343 2315 dicat
367 2224 472 2296 allicio
496 2226 690 2298 cancellarie
714 2231 911 2300 renuncians
935 2249 973 2299 se
991 2225 1145 2300 curie'ao
1161 2231 1299 2302 servitio
1316 2229 1392 2302 Ro-

256 2345 354 2394 mane
373 2323 530 2395 eoclesie²
547 2327 754 2416 mancipavit.
854 2324 937 2396 ltem
955 2325 1041 2396 anno
1058 2325 1203 2420 predicto
1222 2337 1256 2396 et
1272 2349 1391 2398 mense
1474 2381 1475 2384 ,

255 2423 300 2493 xi.
320 2419 385 2492 kal.
404 2424 541 2493 ianuarii
560 2420 647 2513 [deo.
666 2421 729 2512 22]
751 2419 1021 2496 constantienses
1034 2445 1241 2515 cummagno
1252 2426 1392 2498 tumultu

257 2517 428 2590 eonsilium
445 2522 651 2590 instituerant
666 2541 792 2590 novum
809 2532 843 2591 et
857 2543 1024 2610 magnum.
1044 2519 1192 2616 Insuper.
1209 2521 1392 2596 mechanici
1474 2593 1475 2602 ,

255 2625 456 2688 mercatores
469 2616 694 2710 ae'populares
705 2620 881 2691 societates
894 2616 953 2689 sibi
967 2617 1128 2708 lecerunt,
1140 2616 1256 2712 quhus
1268 2631 1304 2691 et
1313 2643 1392 2692 ma·
1474 2679 1475 2690 .

256 2714 379 2804 gistros
400 2723 654 2806 proposuerunt,
678 2735 759 2807 quos
783 2725 880 2787 antea
904 2738 969 2787 non
993 2714 1182 2787 habuerant.
1206 2716 1250 2788 Et
1272 2721 1392 2790 iterum

256 2819 333 2881 tuno
357 2809 554 2903 exptderunt
577 2813 752 2883 canonicos
776 2816 907 2885 maioris
932 2813 1075 2893 ecclesie
1091 2814 1244 2886 nolentes
1261 2816 1392 2888 violare

254 2904 468 2978 interdictum.
486 2908 549 2994 Qui
572 2911 627 2980 vii.
650 2908 724 2980 idus
741 2914 847 2981 martii
869 2933 974 3004 usque
998 2909 1040 2981 ad
1056 2911 1178 2984 lestum
1196 2917 1302 2984 sancti
1320 2912 1392 2985 Os·
1474 2901 1475 2994 Ξ

254 3003 357 3076 waldi
374 3009 527 3099 martyris
561 3009 653 3098 [aug.
673 3007 712 3096 5]
738 3011 814 3077 anni
838 3006 1067 3101 subsequentis
1098 3019 1191 3080 extra
1223 3013 1392 3096 civitatem

254 3113 459 3192 manserunt,
478 3103 553 3174 dein
569 3107 700 3176 reversi
711 3126 777 3175 non
785 3115 894 3177 tamen
902 3102 1120 3180 celebrabant.
1171 3105 1391 3186 Liceteccle-

254 3201 303 3272 sie
321 3211 508 3272 sanctorum
523 3200 677 3272 Iohannis
696 3210 729 3271 et
744 3200 901 3296 Stephani
917 3225 982 3273 una
1000 3227 1074 3274 cum
1084 3201 1234 3276 omnihus
1245 3206 1391 3299 religio-

252 3297 299 3368 sis
318 3307 351 3368 et
366 3296 512 3392 pluribus
526 3299 730 3393 'cappellanis
747 3303 879 3372 maioris
898 3300 1038 3372 ecclesie
1054 3301 1311 3394 prophanarent„
1329 3307 1390 3378 soli

252 3402 362 3464 tamen
380 3397 527 3466 carronici
544 3418 608 3466 una
620 3396 1127 3491 cumepiscopo'Constantiensi5
1149 3399 1307 3474 videlicet
1323 3402 1390 3473 do-

252 3493 341 3562 minc
359 3489 506 3582 Nicolaoq
524 3491 729 3566 interdictum
746 3492 934 3570 servabant.

250 3695 300 3766 De
312 3696 536 3785 publicatione
548 3717 760 3787 processuum
773 3721 836 3789 per
845 3701 1024 3770 Iohannem
1033 3707 1115 3772 cati.
1126 3703 1294 3787 foetorum
1306 3727 1389 3777 con-

351 3801 405 3864 tro
422 3796 635 3886 hordeaceum,
663 3805 696 3867 et
720 3801 760 3868 de
787 3803 932 3886 quodam
950 3805 1186 3888 protestatione
1214 3804 1390 3876 clementa

239 3927 242 3934 ·
307 3900 463 3963 condo
480 3897 600 3984 ipsam
618 3897 658 3964 de
675 3900 813 3966 certatio
831 3901 869 3965 in·
878 3899 1029 3985 portibus
1049 3901 1220 3970 altomonte
1230 3905 1315 3972 etde
1332 3907 1389 3974 di·
1474 3985 1475 3994 ἵ

349 3995 435 4080 teoto
453 4012 538 4080 oque
553 4013 674 4082 mopso
692 4002 748 4064 ete.
893 4067 895 4074 ,
1237 4001 1318 4089 Cap.
1336 4022 1386 4070 ro.

297 4104 397 4177 Anno
416 4118 525 4178 antem
542 4107 662 4178 domini
680 4111 880 4182 mcccxliii.
899 4133 1017 4183 mense
1034 4115 1145 4206 aprilis
1162 4117 1196 4186 in
1214 4137 1299 4212 cena
1322 4116 1388 4188 do-

288 4215 318 4287 l)
341 4217 430 4272 dieser
447 4225 503 4273 satu
521 4236 576 4274 von
593 4220 677 4274 Hiian
696 4221 731 4275 ist
749 4222 775 4277 in
795 4223 843 4276 der
861 4223 900 4277 hs.
921 4224 1100 4294 nachtriiglich
1119 4223 1391 4300 von'glelchneitiger

251 4287 323 4349 hand
344 4305 377 4348 aa
398 4288 449 4349 deo
467 4291 533 4348 rand
553 4290 736 4362 geschriebeu.
759 4293 790 4362 2)
810 4294 922 4352 ecclesia
941 4295 1007 4352 lehlt
1020 4296 1047 4352 iu
1066 4296 1115 4352 der
1123 4297 1163 4354 hs.
1302 4305 1306 4314 '
