2900 4820
201 226 275 300 298
488 221 605 312 ΔίὶΕὸΤΑ
623 219 808 280 ssttttotttt
824 219 876 276 att
893 218 1031 278 tuasne

201 398 373 472 llorencie
390 418 451 492 per
467 406 607 469 mortem
624 406 658 468 et
672 417 845 470 recessum
862 395 1123 484 Alamannorum
1141 392 1225 466 adeo
1243 415 1330 486 gaus

201 519 307 593 parva
324 497 493 586 remansit
512 492 596 589 quod
615 493 657 565 de
676 517 714 568 se
731 497 803 588 ipso
821 492 973 567 diffidens
991 492 1134 568 eundem
1151 491 1330 584 Hugonem

202 617 276 668 oum
289 593 536 688 quadringentis
547 591 686 684 galeatis
698 613 780 687 quos
791 590 1031 681 Romehahun,
1045 593 1224 685 postposita
1235 587 1331 680 urba,

202 692 244 763 ad
267 714 306 766 se
329 690 481 762 celeriter
504 693 622 762 venire
644 693 800 785 precepit.
834 691 897 777 Qut
920 712 995 761 cum
1017 692 1106 760 omni
1128 687 1332 760 multitudine

202 789 385 877 Gallorum,
403 791 457 882 qui
474 810 513 861 se
530 787 617 881 apud
632 789 804 861 Petusium
821 787 864 858 ad
880 785 1122 881 impediendum
1138 787 1241 878 ipsius
1252 785 1331 858 Hu-

202 891 300 980 gonis
318 889 488 958 transitum
499 895 801 976 congregaverant
819 908 894 957 cum
910 884 1064 979 predictis
1082 883 1331 978 quadringentis

200 985 396 1059 Alamannis
414 983 597 1056 conflictum
623 986 743 1074 iniens7
766 981 990 1056 inevitabilem
1013 980 1141 1054 turbam
1156 982 1332 1054 multorum

201 1084 325 1156 milium
358 1084 501 1176 equitum
534 1092 732 1153 armatorum
759 1089 793 1152 et
819 1079 964 1175 peditum
990 1079 1128 1152 viriliter
1154 1078 1332 1168 invadens,

202 1181 311 1254 mtdtis
329 1181 448 1252 occisis
465 1179 602 1273 aliisque
619 1179 755 1271 fugatim
773 1179 856 1250 ultra
874 1189 1039 1252 trecentos
1058 1181 1109 1251 ex'
1119 1179 1200 1271 ipsis
1217 1186 1332 1270 captos

202 1281 311 1352 cesari
329 1275 414 1372 apud
425 1275 631 1349 Florenoiam
647 1279 861 1371 presentavit.
889 1275 951 1347 Hic
961 1274 1060 1366 Ilugo
1076 1278 1253 1347 intoxicata
1263 1278 1333 1344 iru-

202 1386 355 1473 peratore
373 1377 407 1446 iu
424 1376 526 1447 calice
544 1395 604 1468 per
621 1373 782 1468 quendam
795 1372 1037 1446 Predicatorem
1053 1376 1161 1467 ipsum
1179 1394 1334 1444 commu-

202 1477 366 1546 nicantem
377 1482 452 1566 post
464 1475 611 1559 missam„
629 1472 770 1566 ethsis
787 1472 928 1566 septdta
946 1468 1110 1542 dominam
1121 1469 1335 1541 Katharinam

202 1571 302 1644 filiam
318 1568 454 1664 predicti
470 1573 561 1661 regis
576 1566 715 1657 Alberti,
734 1592 798 1662 qua
815 1568 923 1640 eidem
940 1571 1127 1661 imperatori
1146 1571 1174 1639 si
1191 1569 1336 1640 vixisset

201 1677 341 1763 nuptura
367 1677 450 1756 erat,
474 1665 516 1736 de
538 1666 673 1738 Austria
698 1667 772 1738 duci
798 1665 966 1755 Calabria,
992 1664 1059 1737 filio
1081 1662 1217 1738 Roberti
1240 1667 1335 1758 regis

202 1765 339 1860 Sycilie7
363 1765 396 1834 iu
412 1786 552 1837 uxorem
576 1762 718 1836 traduxit
736 1763 878 1855 [13161.
912 1762 995 1834 Cum
1012 1785 1075 1858 qua
1092 1761 1232 1856 Neapoli
1249 1773 1285 1834 et
1301 1765 1335 1833 iu

201 1859 347 1959 partibus
373 1860 437 1935 illis
466 1883 617 1952 manensp
645 1861 795 1934 eiusdem
822 1860 970 1952 Roberti
997 1863 1231 1952 cognoscentis
1259 1862 1334 1930 eius

203 1960 428 2034 strenuitatem
455 1961 488 2030 in
515 1961 658 2032 servicio
684 1962 890 2054 imperatoris
917 1969 1097 2052 peractam,
1124 1963 1217 2030 cidus
1244 1957 1336 2030 idem

201 2055 367 2131 Robertus
391 2055 604 2130 adversarius
629 2061 734 2130 extiti
757 2059 957 2153 principalis,
980 2059 1134 2151 princeps
1157 2056 1277 2127 milicie
1303 2064 1337 2127 et

202 2156 370 2228 familiaris
389 2154 618 2228 ddectissimus
630 2154 838 2230 estelfectus.
864 2155 903 2230 ln
920 2157 1012 2228 cuius
1031 2152 1336 2242 serviciolanuam

203 2275 267 2349 que
284 2263 362 2324 tunc
378 2256 440 2347 ipsi
450 2250 595 2324 Rohcrto
613 2251 752 2341 adhesit
771 2266 940 2348 assumpto
958 2254 1032 2325 elus
1048 2255 1198 2324 exercitu
1208 2248 1248 2321 ab
1267 2247 1336 2322 oh-

203 2351 343 2440 adone,
368 2373 430 2444 qua
449 2373 524 2421 eam
540 2347 694 2443 Gybclini
710 2348 923 2442 obsederunt,
940 2348 1110 2438 liberavit3
1133 2353 1166 2422 in
1183 2345 1336 2420 omnibus

203 2449 354 2522 eiusdem
369 2452 462 2539 regis
472 2446 608 2520 Roberti
624 2445 893 2542 expedicionihus
904 2469 944 2524 se
961 2446 1188 2522 fidelissimum
1205 2455 1240 2518 et
1255 2448 1338 2517 ani-

204 2568 334 2620 mosum
350 2546 541 2620 ostendeus.

253 2641 381 2717 Eodem
405 2653 514 2716 autem
530 2641 689 2734 Robertm
714 2647 819 2737 quiet
842 2644 1147 2717 comesProvincie
1171 2653 1236 2732 ast„
1260 2663 1338 2714 cum

204 2743 335 2815 domiuo
353 2764 436 2836 papa
453 2739 600 2813 Iohanne
616 2744 716 2832 xxii„
734 2752 812 2815 tuno
828 2745 959 2815 noviter
975 2751 1100 2832 creato,
1116 2743 1151 2813 in
1166 2740 1340 2813 Aviuione

204 2843 337 2913 ciuitate
355 2861 415 2912 sua
432 2839 620 2929 Provincia,
644 2841 677 2911 iu
701 2863 763 2933 qua
787 2838 873 2912 idem
898 2863 982 2935 papa
1000 2861 1075 2911 cum
1093 2861 1153 2910 sua
1170 2835 1348 2933 residebo]¹

206 2941 314 3026 ouria,
342 2947 583 3026 commorante5
617 2935 810 3032 duobusque
837 2935 1031 3010 inhabilibus
1058 2958 1118 3031 pro
1146 2939 1339 3033 episcopatu

206 3033 458 3108 constanciensi
468 3036 502 3106 in
513 3037 601 3106 curia
612 3033 842 3128 tingentibust
860 3034 1056 3129 dominoque
1065 3031 1226 3122 notem,
1238 3033 1341 3126 quem

206 3133 311 3207 dous
321 3155 420 3227 papap
437 3133 515 3204 olim
526 3134 598 3204 cius
610 3135 760 3206 existens
772 3133 1001 3222 cancellarius,
1019 3132 1136 3204 lavore
1147 3151 1341 3225 proseque-

205 3231 301 3303 batur
317 3253 377 3325 pre
395 3232 519 3302 cunctis
537 3229 648 3302 mundi
665 3230 863 3325 principibus
886 3233 1053 3322 gramma
1079 3228 1187 3300 eidem
1203 3226 1343 3320 Hugoni

207 3352 301 3424 spem
318 3329 460 3400 faciente
483 3327 526 3397 de
543 3331 755 3421 promaciano
776 3329 885 3401 fratris
909 3331 961 3402 sui
977 3326 1114 3420 Mathye
1137 3325 1275 3420 predicti
1300 3324 1344 3396 ad

208 3431 431 3521 episcopatum
443 3423 736 3498 Constauoiensem
752 3437 829 3520 post
845 3426 1072 3498 exclusionem
1088 3425 1294 3515 litigandum
1309 3425 1343 3493 iu

206 3522 304 3595 brevi
320 3523 477 3594 futuram:
497 3545 577 3594 ecoe
589 3526 723 3595 vacavit
734 3522 863 3615 [1320]
875 3523 1175 3618 archiepiscopatus
1186 3519 1344 3612 Magum-

207 3625 309 3712 tinus,
336 3619 379 3691 de
406 3641 470 3715 quo
496 3623 570 3716 ipse
596 3643 681 3716 papa
708 3621 854 3715 predicto
881 3619 1012 3692 domiuo
1035 3617 1185 3713 Madaya,
1211 3615 1345 3690 custodi

209 3717 419 3792 llorhaccnsi
442 3717 485 3789 ad
501 3741 620 3812 preces
642 3721 745 3812 ipsius
763 3716 899 3791 lloherti
924 3729 958 3792 et
981 3716 1023 3791 ob
1047 3719 1212 3810 cognitum
1235 3717 1344 3810 ipsius

207 3817 360 3910 Hugonis
378 3815 477 3888 lidam
494 3816 635 3911 providit
647 3814 785 3909 [13211.
814 3815 1040 3910 Hiclllathyas
1054 3825 1176 3886 terram
1186 3812 1345 3904 mogun-

207 3918 308 3990 tinam
331 3917 404 3988 sine
427 3911 596 3988 obstaotdo
620 3925 771 4010 potenter
786 3918 962 4008 ingressus
979 3916 1081 3986 vitam
1105 3911 1197 3984 duxit
1213 3913 1344 3983 castis-

209 4016 335 4086 simam.
366 4010 534 4104 lgnorauti
557 4015 701 4086 cuicum
723 4015 894 4085 camerarii
912 4015 963 4085 sui
981 4008 1143 4107 quandam
1167 4005 1343 4104 pulchram

206 4111 638 4186 lemmamintromisisseut
660 4113 694 4182 in
716 4133 882 4183 cameram
905 4131 1021 4201 suanm
1044 4105 1220 4182 madentes
1245 4108 1341 4180 iuxta

266 4231 295 4303 1)
313 4233 367 4304 vgl.
387 4231 457 4289 oben
476 4249 500 4305 p.
522 4231 583 4291 tat.
