<?xml version="1.0" encoding="UTF-8"?>
<!DOCTYPE html PUBLIC "-//W3C//DTD XHTML 1.0 Transitional//EN"
    "http://www.w3.org/TR/xhtml1/DTD/xhtml1-transitional.dtd">
<html xmlns="http://www.w3.org/1999/xhtml" xml:lang="en" lang="en">
 <head>
  <title>
</title>
<meta http-equiv="Content-Type" content="text/html;charset=utf-8" />
  <meta name='ocr-system' content='tesseract 3.04.00' />
  <meta name='ocr-capabilities' content='ocr_page ocr_carea ocr_par ocr_line ocrx_word'/>
</head>
<body>
  <div class='ocr_page' id='page_1' title='image "./fontesrerumgerm01hubegoog_0783.png"; bbox 0 0 2982 4824; ppageno 0'>
   <div class='ocr_carea' id='block_1_1' title="bbox 271 197 1069 280">
    <p class='ocr_par' dir='ltr' id='par_1_1' title="bbox 271 197 1069 280">
     <span class='ocr_line' id='line_1_1' title="bbox 271 197 1069 280; baseline -0.01 -15"><span class='ocrx_word' id='word_1_1' title='bbox 271 201 345 280; x_wconf 74' lang='lat'>¹708</span> <span class='ocrx_word' id='word_1_2' title='bbox 611 198 653 261; x_wconf 76' lang='lat' dir='ltr'>LE</span> <span class='ocrx_word' id='word_1_3' title='bbox 671 197 836 260; x_wconf 80' lang='lat' dir='ltr'>uuontctla</span> <span class='ocrx_word' id='word_1_4' title='bbox 855 197 900 260; x_wconf 84' lang='lat' dir='ltr'>DE</span> <span class='ocrx_word' id='word_1_5' title='bbox 917 197 1069 260; x_wconf 67' lang='lat' dir='ltr'>manao.</span> 
     </span>
    </p>
   </div>
   <div class='ocr_carea' id='block_1_2' title="bbox 175 373 1451 4099">
    <p class='ocr_par' dir='ltr' id='par_1_2' title="bbox 188 373 1451 1260">
     <span class='ocr_line' id='line_1_2' title="bbox 188 373 1451 475; baseline 0.001 -30"><span class='ocrx_word' id='word_1_6' title='bbox 188 389 259 446; x_wconf 74' lang='lat'>1242</span> <span class='ocrx_word' id='word_1_7' title='bbox 273 381 387 453; x_wconf 88' lang='lat' dir='ltr'>doloro</span> <span class='ocrx_word' id='word_1_8' title='bbox 404 379 588 454; x_wconf 87' lang='lat' dir='ltr'>multorum.</span> <span class='ocrx_word' id='word_1_9' title='bbox 624 378 868 454; x_wconf 91' lang='lat' dir='ltr'>0Viterhiuml</span> <span class='ocrx_word' id='word_1_10' title='bbox 893 401 967 452; x_wconf 92' lang='lat' dir='ltr'>cum</span> <span class='ocrx_word' id='word_1_11' title='bbox 986 381 1140 475; x_wconf 69' lang='lat' dir='ltr'>namna</span> <span class='ocrx_word' id='word_1_12' title='bbox 1164 386 1227 451; x_wconf 87' lang='lat' dir='ltr'>tota</span> <span class='ocrx_word' id='word_1_13' title='bbox 1244 373 1378 448; x_wconf 81' lang='lat' dir='ltr'>contrado</span> <span class='ocrx_word' id='word_1_14' title='bbox 1450 377 1451 470; x_wconf 71' lang='lat' dir='ltr'>l</span> 
     </span>
     <span class='ocr_line' id='line_1_3' title="bbox 272 471 1380 574; baseline -0.008 -24"><span class='ocrx_word' id='word_1_15' title='bbox 272 481 422 574; x_wconf 59' lang='lat' dir='ltr'>quiescit„</span> <span class='ocrx_word' id='word_1_16' title='bbox 443 487 566 551; x_wconf 90' lang='lat' dir='ltr'>etcum</span> <span class='ocrx_word' id='word_1_17' title='bbox 585 481 784 570; x_wconf 73' lang='lat' dir='ltr'>molestaris,</span> <span class='ocrx_word' id='word_1_18' title='bbox 801 491 867 552; x_wconf 88' lang='lat' dir='ltr'>tota</span> <span class='ocrx_word' id='word_1_19' title='bbox 884 481 1076 554; x_wconf 77' lang='lat' dir='ltr'><strong>molestatur</strong></span> <span class='ocrx_word' id='word_1_20' title='bbox 1092 476 1254 550; x_wconf 90' lang='lat' dir='ltr'>cuntrada.</span> <span class='ocrx_word' id='word_1_21' title='bbox 1285 471 1311 545; x_wconf 92' lang='lat'>0</span> <span class='ocrx_word' id='word_1_22' title='bbox 1325 473 1380 542; x_wconf 90' lang='lat' dir='ltr'>Vi·</span> 
     </span>
     <span class='ocr_line' id='line_1_4' title="bbox 272 575 1380 672; baseline -0.005 -24"><span class='ocrx_word' id='word_1_23' title='bbox 272 575 429 648; x_wconf 88' lang='lat' dir='ltr'>terbiumi</span> <span class='ocrx_word' id='word_1_24' title='bbox 447 579 561 650; x_wconf 87' lang='lat' dir='ltr'>iames</span> <span class='ocrx_word' id='word_1_25' title='bbox 573 578 691 668; x_wconf 66' lang='lat' dir='ltr'>clavia7</span> <span class='ocrx_word' id='word_1_26' title='bbox 707 581 943 672; x_wconf 88' lang='lat' dir='ltr'>quipertotam</span> <span class='ocrx_word' id='word_1_27' title='bbox 961 575 1152 648; x_wconf 88' lang='lat' dir='ltr'>contradam</span> <span class='ocrx_word' id='word_1_28' title='bbox 1171 584 1290 667; x_wconf 91' lang='lat' dir='ltr'>portam</span> <span class='ocrx_word' id='word_1_29' title='bbox 1305 575 1380 668; x_wconf 83' lang='lat' dir='ltr'>pacis</span> 
     </span>
     <span class='ocr_line' id='line_1_5' title="bbox 273 670 1451 770; baseline -0.007 -24"><span class='ocrx_word' id='word_1_30' title='bbox 273 686 307 746; x_wconf 87' lang='lat' dir='ltr'>et</span> <span class='ocrx_word' id='word_1_31' title='bbox 324 698 448 767; x_wconf 85' lang='lat' dir='ltr'>grrerre</span> <span class='ocrx_word' id='word_1_32' title='bbox 465 671 590 770; x_wconf 89' lang='lat' dir='ltr'>pandis.</span> <span class='ocrx_word' id='word_1_33' title='bbox 617 674 646 747; x_wconf 91' lang='lat'>0</span> <span class='ocrx_word' id='word_1_34' title='bbox 662 673 864 748; x_wconf 78' lang='lat' dir='ltr'>viterbium!</span> <span class='ocrx_word' id='word_1_35' title='bbox 883 678 989 748; x_wconf 87' lang='lat' dir='ltr'>omnis</span> <span class='ocrx_word' id='word_1_36' title='bbox 1006 674 1104 746; x_wconf 88' lang='lat' dir='ltr'>homo</span> <span class='ocrx_word' id='word_1_37' title='bbox 1120 673 1196 746; x_wconf 87' lang='lat' dir='ltr'>lacit</span> <span class='ocrx_word' id='word_1_38' title='bbox 1211 670 1265 744; x_wconf 88' lang='lat' dir='ltr'>tibi</span> <span class='ocrx_word' id='word_1_39' title='bbox 1279 671 1381 742; x_wconf 88' lang='lat' dir='ltr'>mulum</span> <span class='ocrx_word' id='word_1_40' title='bbox 1450 693 1451 752; x_wconf 84' lang='lat' dir='ltr'>i</span> 
     </span>
     <span class='ocr_line' id='line_1_6' title="bbox 273 769 1382 868; baseline -0.006 -25"><span class='ocrx_word' id='word_1_41' title='bbox 273 785 307 844; x_wconf 89' lang='lat' dir='ltr'>et</span> <span class='ocrx_word' id='word_1_42' title='bbox 322 785 356 844; x_wconf 90' lang='lat' dir='ltr'>te</span> <span class='ocrx_word' id='word_1_43' title='bbox 374 772 470 844; x_wconf 89' lang='lat' dir='ltr'>tradit</span> <span class='ocrx_word' id='word_1_44' title='bbox 486 783 520 861; x_wconf 83' lang='lat' dir='ltr'>et</span> <span class='ocrx_word' id='word_1_45' title='bbox 536 783 569 845; x_wconf 91' lang='lat' dir='ltr'>te</span> <span class='ocrx_word' id='word_1_46' title='bbox 587 772 701 848; x_wconf 87' lang='lat' dir='ltr'>vendit</span> <span class='ocrx_word' id='word_1_47' title='bbox 717 784 750 846; x_wconf 88' lang='lat' dir='ltr'>et</span> <span class='ocrx_word' id='word_1_48' title='bbox 772 776 898 868; x_wconf 89' lang='lat' dir='ltr'>spoliat.</span> <span class='ocrx_word' id='word_1_49' title='bbox 935 770 1181 845; x_wconf 85' lang='lat' dir='ltr'>OViterbiuml</span> <span class='ocrx_word' id='word_1_50' title='bbox 1207 769 1310 842; x_wconf 89' lang='lat' dir='ltr'>adbuc</span> <span class='ocrx_word' id='word_1_51' title='bbox 1328 789 1382 838; x_wconf 94' lang='lat' dir='ltr'>uon</span> 
     </span>
     <span class='ocr_line' id='line_1_7' title="bbox 273 864 1451 966; baseline -0.006 -25"><span class='ocrx_word' id='word_1_52' title='bbox 273 869 412 944; x_wconf 82' lang='lat' dir='ltr'><strong>habuisti</strong></span> <span class='ocrx_word' id='word_1_53' title='bbox 440 870 665 944; x_wconf 83' lang='lat' dir='ltr'>dominumte</span> <span class='ocrx_word' id='word_1_54' title='bbox 692 883 870 963; x_wconf 60' lang='lat' dir='ltr'>amantum„</span> <span class='ocrx_word' id='word_1_55' title='bbox 898 874 951 966; x_wconf 87' lang='lat' dir='ltr'>qui</span> <span class='ocrx_word' id='word_1_56' title='bbox 977 869 1082 942; x_wconf 88' lang='lat' dir='ltr'>vellet</span> <span class='ocrx_word' id='word_1_57' title='bbox 1107 881 1141 942; x_wconf 88' lang='lat' dir='ltr'>te</span> <span class='ocrx_word' id='word_1_58' title='bbox 1169 890 1318 944; x_wconf 86' lang='lat' dir='ltr'>crescere</span> <span class='ocrx_word' id='word_1_59' title='bbox 1337 864 1384 938; x_wconf 86' lang='lat' dir='ltr'>vel</span> <span class='ocrx_word' id='word_1_60' title='bbox 1450 901 1451 918; x_wconf 34' lang='grc' dir='ltr'><strong>κ</strong></span> 
     </span>
     <span class='ocr_line' id='line_1_8' title="bbox 273 966 1384 1066; baseline -0.008 -24"><span class='ocrx_word' id='word_1_61' title='bbox 273 969 500 1063; x_wconf 64' lang='lat' dir='ltr'>multiplicare,</span> <span class='ocrx_word' id='word_1_62' title='bbox 518 980 552 1042; x_wconf 89' lang='lat' dir='ltr'>at</span> <span class='ocrx_word' id='word_1_63' title='bbox 568 967 752 1066; x_wconf 85' lang='lat' dir='ltr'>tequilibet</span> <span class='ocrx_word' id='word_1_64' title='bbox 768 969 918 1044; x_wconf 85' lang='lat' dir='ltr'>dominus</span> <span class='ocrx_word' id='word_1_65' title='bbox 936 968 1041 1061; x_wconf 80' lang='lat' dir='ltr'>diligit</span> <span class='ocrx_word' id='word_1_66' title='bbox 1055 966 1288 1056; x_wconf 68' lang='lat' dir='ltr'>fraudolenter,</span> <span class='ocrx_word' id='word_1_67' title='bbox 1304 985 1384 1038; x_wconf 87' lang='lat' dir='ltr'>suum</span> 
     </span>
     <span class='ocr_line' id='line_1_9' title="bbox 274 1064 1385 1161; baseline -0.007 -22"><span class='ocrx_word' id='word_1_68' title='bbox 274 1070 408 1161; x_wconf 87' lang='lat' dir='ltr'>capiens</span> <span class='ocrx_word' id='word_1_69' title='bbox 426 1067 468 1138; x_wconf 89' lang='lat' dir='ltr'>de</span> <span class='ocrx_word' id='word_1_70' title='bbox 488 1077 522 1139; x_wconf 91' lang='lat' dir='ltr'>te</span> <span class='ocrx_word' id='word_1_71' title='bbox 541 1067 760 1157; x_wconf 70' lang='lat' dir='ltr'>commodum,</span> <span class='ocrx_word' id='word_1_72' title='bbox 778 1067 855 1140; x_wconf 92' lang='lat' dir='ltr'>dum</span> <span class='ocrx_word' id='word_1_73' title='bbox 873 1066 933 1142; x_wconf 90' lang='lat' dir='ltr'>sibi</span> <span class='ocrx_word' id='word_1_74' title='bbox 949 1069 1176 1140; x_wconf 87' lang='lat' dir='ltr'>necessarium</span> <span class='ocrx_word' id='word_1_75' title='bbox 1194 1064 1274 1136; x_wconf 88' lang='lat' dir='ltr'>ades</span> <span class='ocrx_word' id='word_1_76' title='bbox 1291 1073 1322 1132; x_wconf 88' lang='lat' dir='ltr'>et</span> <span class='ocrx_word' id='word_1_77' title='bbox 1335 1083 1385 1132; x_wconf 86' lang='lat' dir='ltr'>re-</span> 
     </span>
     <span class='ocr_line' id='line_1_10' title="bbox 273 1158 1385 1260; baseline -0.009 -22"><span class='ocrx_word' id='word_1_78' title='bbox 273 1163 360 1238; x_wconf 87' lang='lat' dir='ltr'>cedit</span> <span class='ocrx_word' id='word_1_79' title='bbox 371 1164 412 1236; x_wconf 92' lang='lat' dir='ltr'>de</span> <span class='ocrx_word' id='word_1_80' title='bbox 424 1177 468 1255; x_wconf 65' lang='lat' dir='ltr'>te,</span> <span class='ocrx_word' id='word_1_81' title='bbox 486 1167 624 1260; x_wconf 73' lang='lat' dir='ltr'>qualiter</span> <span class='ocrx_word' id='word_1_82' title='bbox 639 1188 816 1240; x_wconf 86' lang='lat' dir='ltr'>remaneas</span> <span class='ocrx_word' id='word_1_83' title='bbox 833 1187 999 1260; x_wconf 92' lang='lat' dir='ltr'>nunquam</span> <span class='ocrx_word' id='word_1_84' title='bbox 1017 1186 1147 1236; x_wconf 90' lang='lat' dir='ltr'>curans.</span> <span class='ocrx_word' id='word_1_85' title='bbox 1166 1158 1385 1234; x_wconf 84' lang='lat' dir='ltr'>OViterbiumi</span> 
     </span>
    </p>

    <p class='ocr_par' dir='ltr' id='par_1_3' title="bbox 252 1255 1412 1846">
     <span class='ocr_line' id='line_1_11' title="bbox 252 1255 1386 1358; baseline -0.008 -24"><span class='ocrx_word' id='word_1_86' title='bbox 252 1309 255 1314; x_wconf 25' lang='lat' dir='ltr'>n</span> <span class='ocrx_word' id='word_1_87' title='bbox 274 1273 309 1334; x_wconf 88' lang='lat' dir='ltr'>tu</span> <span class='ocrx_word' id='word_1_88' title='bbox 326 1285 365 1336; x_wconf 90' lang='lat' dir='ltr'>es</span> <span class='ocrx_word' id='word_1_89' title='bbox 383 1263 503 1334; x_wconf 86' lang='lat' dir='ltr'>lactum</span> <span class='ocrx_word' id='word_1_90' title='bbox 519 1274 612 1358; x_wconf 90' lang='lat' dir='ltr'>petra</span> <span class='ocrx_word' id='word_1_91' title='bbox 629 1268 743 1338; x_wconf 87' lang='lat' dir='ltr'>iacens</span> <span class='ocrx_word' id='word_1_92' title='bbox 757 1267 869 1354; x_wconf 65' lang='lat' dir='ltr'>invia</span> <span class='ocrx_word' id='word_1_93' title='bbox 887 1285 1101 1358; x_wconf 87' lang='lat' dir='ltr'>super-quam</span> <span class='ocrx_word' id='word_1_94' title='bbox 1119 1259 1253 1355; x_wconf 78' lang='lat' dir='ltr'>quilibet</span> <span class='ocrx_word' id='word_1_95' title='bbox 1267 1255 1386 1331; x_wconf 86' lang='lat' dir='ltr'>terendo</span> 
     </span>
     <span class='ocr_line' id='line_1_12' title="bbox 274 1355 1412 1454; baseline -0.005 -22"><span class='ocrx_word' id='word_1_96' title='bbox 274 1365 401 1449; x_wconf 60' lang='lat' dir='ltr'>mansit,</span> <span class='ocrx_word' id='word_1_97' title='bbox 429 1371 462 1432; x_wconf 90' lang='lat' dir='ltr'>et</span> <span class='ocrx_word' id='word_1_98' title='bbox 478 1384 577 1434; x_wconf 89' lang='lat' dir='ltr'>nemo</span> <span class='ocrx_word' id='word_1_99' title='bbox 593 1372 627 1433; x_wconf 87' lang='lat' dir='ltr'>te</span> <span class='ocrx_word' id='word_1_100' title='bbox 644 1361 803 1454; x_wconf 80' lang='lat' dir='ltr'>colligere</span> <span class='ocrx_word' id='word_1_101' title='bbox 827 1372 931 1450; x_wconf 68' lang='lat' dir='ltr'>curat,</span> <span class='ocrx_word' id='word_1_102' title='bbox 955 1365 1054 1432; x_wconf 93' lang='lat' dir='ltr'>immo</span> <span class='ocrx_word' id='word_1_103' title='bbox 1076 1371 1110 1432; x_wconf 88' lang='lat' dir='ltr'>tc</span> <span class='ocrx_word' id='word_1_104' title='bbox 1134 1363 1246 1432; x_wconf 88' lang='lat' dir='ltr'>iacere</span> <span class='ocrx_word' id='word_1_105' title='bbox 1271 1355 1387 1428; x_wconf 89' lang='lat' dir='ltr'>dimittit</span> <span class='ocrx_word' id='word_1_106' title='bbox 1410 1385 1412 1388; x_wconf 95' lang='lat'>·</span> 
     </span>
     <span class='ocr_line' id='line_1_13' title="bbox 274 1451 1388 1552; baseline -0.004 -23"><span class='ocrx_word' id='word_1_107' title='bbox 274 1457 410 1546; x_wconf 82' lang='lat' dir='ltr'>Quare?</span> <span class='ocrx_word' id='word_1_108' title='bbox 433 1463 506 1552; x_wconf 86' lang='lat' dir='ltr'>quia</span> <span class='ocrx_word' id='word_1_109' title='bbox 530 1463 636 1533; x_wconf 91' lang='lat' dir='ltr'>omnis</span> <span class='ocrx_word' id='word_1_110' title='bbox 662 1458 761 1532; x_wconf 90' lang='lat' dir='ltr'>homo</span> <span class='ocrx_word' id='word_1_111' title='bbox 782 1458 915 1532; x_wconf 87' lang='lat' dir='ltr'>videtur</span> <span class='ocrx_word' id='word_1_112' title='bbox 936 1469 971 1531; x_wconf 88' lang='lat' dir='ltr'>te</span> <span class='ocrx_word' id='word_1_113' title='bbox 986 1457 1078 1530; x_wconf 92' lang='lat' dir='ltr'>odire</span> <span class='ocrx_word' id='word_1_114' title='bbox 1096 1468 1130 1529; x_wconf 92' lang='lat' dir='ltr'>et</span> <span class='ocrx_word' id='word_1_115' title='bbox 1145 1455 1296 1543; x_wconf 72' lang='lat' dir='ltr'>videtur,</span> <span class='ocrx_word' id='word_1_116' title='bbox 1317 1451 1388 1547; x_wconf 86' lang='lat' dir='ltr'>quod</span> 
     </span>
     <span class='ocr_line' id='line_1_14' title="bbox 273 1551 1388 1631; baseline -0.005 -3"><span class='ocrx_word' id='word_1_117' title='bbox 273 1576 378 1630; x_wconf 85' lang='lat' dir='ltr'>verus</span> <span class='ocrx_word' id='word_1_118' title='bbox 403 1554 458 1628; x_wconf 93' lang='lat' dir='ltr'>tibi</span> <span class='ocrx_word' id='word_1_119' title='bbox 476 1562 517 1631; x_wconf 90' lang='lat' dir='ltr'>sit</span> <span class='ocrx_word' id='word_1_120' title='bbox 533 1561 692 1631; x_wconf 91' lang='lat' dir='ltr'>iuimicus.</span> <span class='ocrx_word' id='word_1_121' title='bbox 715 1557 795 1628; x_wconf 70' lang='lat' dir='ltr'>&#39;Sed</span> <span class='ocrx_word' id='word_1_122' title='bbox 813 1569 848 1630; x_wconf 91' lang='lat' dir='ltr'>tu</span> <span class='ocrx_word' id='word_1_123' title='bbox 864 1556 908 1628; x_wconf 91' lang='lat' dir='ltr'>de</span> <span class='ocrx_word' id='word_1_124' title='bbox 923 1555 1073 1630; x_wconf 86' lang='lat' dir='ltr'>omnibus</span> <span class='ocrx_word' id='word_1_125' title='bbox 1091 1566 1124 1627; x_wconf 91' lang='lat' dir='ltr'>ta</span> <span class='ocrx_word' id='word_1_126' title='bbox 1141 1555 1317 1626; x_wconf 83' lang='lat' dir='ltr'>auxiliante</span> <span class='ocrx_word' id='word_1_127' title='bbox 1333 1551 1388 1622; x_wconf 91' lang='lat' dir='ltr'>do·</span> 
     </span>
     <span class='ocr_line' id='line_1_15' title="bbox 273 1648 1389 1750; baseline -0.006 -26"><span class='ocrx_word' id='word_1_128' title='bbox 273 1657 362 1726; x_wconf 92' lang='lat' dir='ltr'>mino</span> <span class='ocrx_word' id='word_1_129' title='bbox 378 1651 574 1746; x_wconf 65' lang='lat' dir='ltr'>vindicabis,</span> <span class='ocrx_word' id='word_1_130' title='bbox 599 1656 800 1750; x_wconf 88' lang='lat' dir='ltr'>quianullus</span> <span class='ocrx_word' id='word_1_131' title='bbox 817 1665 850 1738; x_wconf 84' lang='lat' dir='ltr'>te</span> <span class='ocrx_word' id='word_1_132' title='bbox 867 1648 1097 1727; x_wconf 81' lang='lat' dir='ltr'>offendentium</span> <span class='ocrx_word' id='word_1_133' title='bbox 1118 1651 1229 1724; x_wconf 87' lang='lat' dir='ltr'>adbuc</span> <span class='ocrx_word' id='word_1_134' title='bbox 1243 1652 1389 1745; x_wconf 76' lang='lat' dir='ltr'>inpunitate</span> 
     </span>
     <span class='ocr_line' id='line_1_16' title="bbox 274 1748 1389 1846; baseline -0.004 -25"><span class='ocrx_word' id='word_1_135' title='bbox 274 1755 400 1840; x_wconf 80' lang='lat' dir='ltr'>evasit3</span> <span class='ocrx_word' id='word_1_136' title='bbox 423 1774 500 1824; x_wconf 92' lang='lat' dir='ltr'>nam</span> <span class='ocrx_word' id='word_1_137' title='bbox 524 1775 640 1826; x_wconf 90' lang='lat' dir='ltr'>omnes</span> <span class='ocrx_word' id='word_1_138' title='bbox 665 1753 823 1843; x_wconf 65' lang='lat' dir='ltr'>occidisti</span> <span class='ocrx_word' id='word_1_139' title='bbox 847 1751 1036 1826; x_wconf 85' lang='lat' dir='ltr'>destruxisti</span> <span class='ocrx_word' id='word_1_140' title='bbox 1061 1761 1096 1822; x_wconf 87' lang='lat' dir='ltr'>ct</span> <span class='ocrx_word' id='word_1_141' title='bbox 1112 1748 1152 1822; x_wconf 87' lang='lat' dir='ltr'>ad</span> <span class='ocrx_word' id='word_1_142' title='bbox 1179 1757 1389 1846; x_wconf 86' lang='lat' dir='ltr'>paupertatem</span> 
     </span>
    </p>

    <p class='ocr_par' dir='ltr' id='par_1_4' title="bbox 239 1845 1451 2146">
     <span class='ocr_line' id='line_1_17' title="bbox 239 1845 1390 1946; baseline -0.005 -27"><span class='ocrx_word' id='word_1_143' title='bbox 239 1867 244 1877; x_wconf 87' lang='grc'>’</span> <span class='ocrx_word' id='word_1_144' title='bbox 274 1849 408 1938; x_wconf 65' lang='lat' dir='ltr'>duxisti</span> <span class='ocrx_word' id='word_1_145' title='bbox 433 1853 536 1945; x_wconf 89' lang='lat' dir='ltr'>etqui</span> <span class='ocrx_word' id='word_1_146' title='bbox 557 1862 646 1922; x_wconf 90' lang='lat' dir='ltr'>tuam</span> <span class='ocrx_word' id='word_1_147' title='bbox 663 1861 802 1924; x_wconf 91' lang='lat' dir='ltr'>mortem</span> <span class='ocrx_word' id='word_1_148' title='bbox 819 1855 963 1946; x_wconf 66' lang='lat' dir='ltr'>cupiunt,</span> <span class='ocrx_word' id='word_1_149' title='bbox 986 1849 1047 1924; x_wconf 88' lang='lat' dir='ltr'>sibi</span> <span class='ocrx_word' id='word_1_150' title='bbox 1064 1859 1203 1920; x_wconf 91' lang='lat' dir='ltr'>mortem</span> <span class='ocrx_word' id='word_1_151' title='bbox 1221 1845 1346 1935; x_wconf 80' lang='lat' dir='ltr'>dedisti,</span> <span class='ocrx_word' id='word_1_152' title='bbox 1364 1852 1390 1912; x_wconf 88' lang='lat' dir='ltr'>at</span> 
     </span>
     <span class='ocr_line' id='line_1_18' title="bbox 274 1945 1451 2042; baseline -0.005 -26"><span class='ocrx_word' id='word_1_153' title='bbox 274 1949 328 2042; x_wconf 93' lang='lat' dir='ltr'>qui</span> <span class='ocrx_word' id='word_1_154' title='bbox 345 1957 377 2020; x_wconf 91' lang='lat' dir='ltr'>te</span> <span class='ocrx_word' id='word_1_155' title='bbox 394 1945 566 2022; x_wconf 85' lang='lat' dir='ltr'>destruere</span> <span class='ocrx_word' id='word_1_156' title='bbox 591 1949 754 2040; x_wconf 62' lang='lat' dir='ltr'>allectant,</span> <span class='ocrx_word' id='word_1_157' title='bbox 778 1947 924 2040; x_wconf 84' lang='lat' dir='ltr'>gladium</span> <span class='ocrx_word' id='word_1_158' title='bbox 947 1957 1103 2028; x_wconf 81' lang='lat' dir='ltr'>manuum</span> <span class='ocrx_word' id='word_1_159' title='bbox 1131 1956 1263 2038; x_wconf 86' lang='lat' dir='ltr'>tuarum</span> <span class='ocrx_word' id='word_1_160' title='bbox 1284 1961 1391 2016; x_wconf 82' lang='lat' dir='ltr'>ncra-</span> <span class='ocrx_word' id='word_1_161' title='bbox 1450 1993 1451 2040; x_wconf 29' lang='grc' dir='ltr'>ἒ</span> 
     </span>
     <span class='ocr_line' id='line_1_19' title="bbox 273 2037 1451 2146; baseline -0.004 -31"><span class='ocrx_word' id='word_1_162' title='bbox 273 2047 369 2138; x_wconf 86' lang='lat' dir='ltr'>periit</span> <span class='ocrx_word' id='word_1_163' title='bbox 385 2055 420 2116; x_wconf 92' lang='lat' dir='ltr'>et</span> <span class='ocrx_word' id='word_1_164' title='bbox 442 2043 661 2120; x_wconf 85' lang='lat' dir='ltr'>indubitanter</span> <span class='ocrx_word' id='word_1_165' title='bbox 686 2045 814 2142; x_wconf 64' lang='lat' dir='ltr'>peribit„</span> <span class='ocrx_word' id='word_1_166' title='bbox 839 2039 943 2142; x_wconf 83' lang='lat' dir='ltr'>etqui</span> <span class='ocrx_word' id='word_1_167' title='bbox 960 2055 993 2118; x_wconf 91' lang='lat' dir='ltr'>te</span> <span class='ocrx_word' id='word_1_168' title='bbox 1011 2037 1186 2136; x_wconf 75' lang='lat' dir='ltr'>maledicit,</span> <span class='ocrx_word' id='word_1_169' title='bbox 1213 2040 1390 2116; x_wconf 87' lang='lat' dir='ltr'>maledictus</span> <span class='ocrx_word' id='word_1_170' title='bbox 1450 2053 1451 2146; x_wconf 67' lang='lat' dir='ltr'>p</span> 
     </span>
    </p>

    <p class='ocr_par' dir='ltr' id='par_1_5' title="bbox 210 2144 1451 2219">
     <span class='ocr_line' id='line_1_20' title="bbox 210 2144 1451 2219; baseline 0.004 -3"><span class='ocrx_word' id='word_1_171' title='bbox 210 2175 215 2184; x_wconf 95' lang='lat'>·</span> <span class='ocrx_word' id='word_1_172' title='bbox 276 2145 366 2216; x_wconf 82' lang='lat' dir='ltr'>sitin</span> <span class='ocrx_word' id='word_1_173' title='bbox 384 2145 497 2217; x_wconf 87' lang='lat' dir='ltr'>secula</span> <span class='ocrx_word' id='word_1_174' title='bbox 516 2144 712 2219; x_wconf 88' lang='lat' dir='ltr'>seculorum.</span> <span class='ocrx_word' id='word_1_175' title='bbox 730 2145 852 2218; x_wconf 82' lang='lat' dir='ltr'>Annon.</span> <span class='ocrx_word' id='word_1_176' title='bbox 1450 2149 1451 2180; x_wconf 65' lang='lat'>³</span> 
     </span>
    </p>

    <p class='ocr_par' dir='ltr' id='par_1_6' title="bbox 274 2237 1409 2630">
     <span class='ocr_line' id='line_1_21' title="bbox 325 2237 1392 2316; baseline -0.006 -4"><span class='ocrx_word' id='word_1_177' title='bbox 325 2239 391 2314; x_wconf 90' lang='lat' dir='ltr'>Ora</span> <span class='ocrx_word' id='word_1_178' title='bbox 409 2247 566 2316; x_wconf 89' lang='lat' dir='ltr'>comiucia</span> <span class='ocrx_word' id='word_1_179' title='bbox 578 2241 715 2315; x_wconf 85' lang='lat' dir='ltr'>Viterbo</span> <span class='ocrx_word' id='word_1_180' title='bbox 726 2240 768 2314; x_wconf 92' lang='lat' dir='ltr'>ad</span> <span class='ocrx_word' id='word_1_181' title='bbox 786 2253 917 2316; x_wconf 84' lang='lat' dir='ltr'>entrare</span> <span class='ocrx_word' id='word_1_182' title='bbox 934 2241 1022 2314; x_wconf 89' lang='lat' dir='ltr'>nelle</span> <span class='ocrx_word' id='word_1_183' title='bbox 1040 2239 1249 2316; x_wconf 79' lang='lat' dir='ltr'>tribulatione</span> <span class='ocrx_word' id='word_1_184' title='bbox 1262 2240 1304 2313; x_wconf 88' lang='lat' dir='ltr'>ed</span> <span class='ocrx_word' id='word_1_185' title='bbox 1319 2237 1392 2311; x_wconf 89' lang='lat' dir='ltr'>nelle</span> 
     </span>
     <span class='ocr_line' id='line_1_22' title="bbox 275 2337 1393 2434; baseline -0.005 -24"><span class='ocrx_word' id='word_1_186' title='bbox 275 2361 399 2432; x_wconf 82' lang='lat' dir='ltr'>guamo</span> <span class='ocrx_word' id='word_1_187' title='bbox 416 2363 436 2409; x_wconf 87' lang='lat' dir='ltr'>c</span> <span class='ocrx_word' id='word_1_188' title='bbox 453 2342 542 2414; x_wconf 89' lang='lat' dir='ltr'>nelle</span> <span class='ocrx_word' id='word_1_189' title='bbox 559 2339 688 2433; x_wconf 82' lang='lat' dir='ltr'>latigbe</span> <span class='ocrx_word' id='word_1_190' title='bbox 701 2340 744 2412; x_wconf 89' lang='lat' dir='ltr'>cd</span> <span class='ocrx_word' id='word_1_191' title='bbox 760 2341 848 2416; x_wconf 89' lang='lat' dir='ltr'>nelle</span> <span class='ocrx_word' id='word_1_192' title='bbox 865 2343 1033 2432; x_wconf 53' lang='lat' dir='ltr'>angustie7</span> <span class='ocrx_word' id='word_1_193' title='bbox 1053 2362 1074 2410; x_wconf 92' lang='lat' dir='ltr'>e</span> <span class='ocrx_word' id='word_1_194' title='bbox 1091 2339 1180 2414; x_wconf 90' lang='lat' dir='ltr'>dove</span> <span class='ocrx_word' id='word_1_195' title='bbox 1197 2343 1302 2434; x_wconf 91' lang='lat' dir='ltr'>prima</span> <span class='ocrx_word' id='word_1_196' title='bbox 1319 2337 1393 2408; x_wconf 88' lang='lat' dir='ltr'>dara</span> 
     </span>
     <span class='ocr_line' id='line_1_23' title="bbox 274 2435 1409 2532; baseline -0.004 -24"><span class='ocrx_word' id='word_1_197' title='bbox 274 2435 490 2530; x_wconf 82' lang='lat' dir='ltr'>battagliaed</span> <span class='ocrx_word' id='word_1_198' title='bbox 507 2461 630 2532; x_wconf 84' lang='lat' dir='ltr'>guerra</span> <span class='ocrx_word' id='word_1_199' title='bbox 642 2435 684 2509; x_wconf 87' lang='lat' dir='ltr'>ed</span> <span class='ocrx_word' id='word_1_200' title='bbox 696 2439 815 2511; x_wconf 92' lang='lat' dir='ltr'>allanni</span> <span class='ocrx_word' id='word_1_201' title='bbox 828 2438 870 2511; x_wconf 89' lang='lat' dir='ltr'>ad</span> <span class='ocrx_word' id='word_1_202' title='bbox 887 2440 994 2527; x_wconf 65' lang='lat' dir='ltr'>altrui,</span> <span class='ocrx_word' id='word_1_203' title='bbox 1012 2441 1216 2512; x_wconf 88' lang='lat' dir='ltr'>cominoiano</span> <span class='ocrx_word' id='word_1_204' title='bbox 1234 2437 1277 2510; x_wconf 94' lang='lat' dir='ltr'>ad</span> <span class='ocrx_word' id='word_1_205' title='bbox 1291 2453 1409 2524; x_wconf 81' lang='lat' dir='ltr'>essere</span> 
     </span>
     <span class='ocr_line' id='line_1_24' title="bbox 274 2536 1190 2630; baseline 0 -24"><span class='ocrx_word' id='word_1_206' title='bbox 274 2536 346 2608; x_wconf 89' lang='lat' dir='ltr'>lom</span> <span class='ocrx_word' id='word_1_207' title='bbox 363 2537 548 2630; x_wconf 87' lang='lat' dir='ltr'>oppressati</span> <span class='ocrx_word' id='word_1_208' title='bbox 565 2557 660 2609; x_wconf 89' lang='lat' dir='ltr'>come</span> <span class='ocrx_word' id='word_1_209' title='bbox 677 2536 718 2608; x_wconf 93' lang='lat' dir='ltr'>ad</span> <span class='ocrx_word' id='word_1_210' title='bbox 736 2556 854 2630; x_wconf 86' lang='lat' dir='ltr'>presso</span> <span class='ocrx_word' id='word_1_211' title='bbox 869 2537 996 2608; x_wconf 87' lang='lat' dir='ltr'>faremo</span> <span class='ocrx_word' id='word_1_212' title='bbox 1013 2539 1190 2608; x_wconf 85' lang='lat' dir='ltr'>mentione.</span> 
     </span>
    </p>

    <p class='ocr_par' dir='ltr' id='par_1_7' title="bbox 273 2631 1394 3120">
     <span class='ocr_line' id='line_1_25' title="bbox 323 2631 1393 2728; baseline -0.004 -24"><span class='ocrx_word' id='word_1_213' title='bbox 323 2633 424 2706; x_wconf 82' lang='lat' dir='ltr'>Anno</span> <span class='ocrx_word' id='word_1_214' title='bbox 442 2634 562 2728; x_wconf 84' lang='lat' dir='ltr'>domini</span> <span class='ocrx_word' id='word_1_215' title='bbox 578 2634 761 2708; x_wconf 84' lang='lat' dir='ltr'>m.oc.xl.iii.</span> <span class='ocrx_word' id='word_1_216' title='bbox 780 2635 812 2707; x_wconf 93' lang='lat' dir='ltr'>lo</span> <span class='ocrx_word' id='word_1_217' title='bbox 829 2636 1007 2728; x_wconf 88' lang='lat' dir='ltr'>imperator</span> <span class='ocrx_word' id='word_1_218' title='bbox 1022 2633 1181 2706; x_wconf 85' lang='lat' dir='ltr'>Federico</span> <span class='ocrx_word' id='word_1_219' title='bbox 1197 2635 1246 2724; x_wconf 70' lang='lat' dir='ltr'>in,</span> <span class='ocrx_word' id='word_1_220' title='bbox 1274 2631 1333 2704; x_wconf 87' lang='lat' dir='ltr'>obe</span> <span class='ocrx_word' id='word_1_221' title='bbox 1347 2649 1393 2700; x_wconf 86' lang='lat' dir='ltr'>cra</span> 
     </span>
     <span class='ocr_line' id='line_1_26' title="bbox 274 2724 1394 2828; baseline -0.001 -27"><span class='ocrx_word' id='word_1_222' title='bbox 274 2733 404 2812; x_wconf 85' lang='lat' dir='ltr'>inimico</span> <span class='ocrx_word' id='word_1_223' title='bbox 429 2731 461 2803; x_wconf 95' lang='lat' dir='ltr'>di</span> <span class='ocrx_word' id='word_1_224' title='bbox 483 2729 637 2820; x_wconf 64' lang='lat' dir='ltr'>Romani,</span> <span class='ocrx_word' id='word_1_225' title='bbox 660 2732 746 2806; x_wconf 92' lang='lat' dir='ltr'>audo</span> <span class='ocrx_word' id='word_1_226' title='bbox 771 2732 822 2804; x_wconf 91' lang='lat' dir='ltr'>col</span> <span class='ocrx_word' id='word_1_227' title='bbox 845 2733 965 2828; x_wconf 94' lang='lat' dir='ltr'>popolo</span> <span class='ocrx_word' id='word_1_228' title='bbox 989 2728 1021 2800; x_wconf 96' lang='lat' dir='ltr'>di</span> <span class='ocrx_word' id='word_1_229' title='bbox 1038 2730 1175 2806; x_wconf 85' lang='lat' dir='ltr'>Viterbo</span> <span class='ocrx_word' id='word_1_230' title='bbox 1198 2733 1235 2802; x_wconf 93' lang='lat' dir='ltr'>in</span> <span class='ocrx_word' id='word_1_231' title='bbox 1260 2741 1343 2803; x_wconf 86' lang='lat' dir='ltr'>terre</span> <span class='ocrx_word' id='word_1_232' title='bbox 1369 2724 1394 2794; x_wconf 89' lang='lat' dir='ltr'>di</span> 
     </span>
     <span class='ocr_line' id='line_1_27' title="bbox 274 2825 1393 2924; baseline -0.004 -27"><span class='ocrx_word' id='word_1_233' title='bbox 274 2825 380 2898; x_wconf 86' lang='lat' dir='ltr'>Roma</span> <span class='ocrx_word' id='word_1_234' title='bbox 398 2825 440 2899; x_wconf 89' lang='lat' dir='ltr'>ad</span> <span class='ocrx_word' id='word_1_235' title='bbox 456 2827 624 2901; x_wconf 84' lang='lat' dir='ltr'>offendare</span> <span class='ocrx_word' id='word_1_236' title='bbox 648 2831 760 2922; x_wconf 47' lang='lat' dir='ltr'>[maii</span> <span class='ocrx_word' id='word_1_237' title='bbox 778 2828 819 2901; x_wconf 90' lang='lat' dir='ltr'>ed</span> <span class='ocrx_word' id='word_1_238' title='bbox 835 2829 869 2902; x_wconf 86' lang='lat' dir='ltr'>fe</span> <span class='ocrx_word' id='word_1_239' title='bbox 886 2835 1015 2924; x_wconf 88' lang='lat' dir='ltr'>campo¹</span> <span class='ocrx_word' id='word_1_240' title='bbox 1035 2833 1070 2902; x_wconf 94' lang='lat' dir='ltr'>in</span> <span class='ocrx_word' id='word_1_241' title='bbox 1087 2829 1296 2924; x_wconf 71' lang='lat' dir='ltr'>Campagna,</span> <span class='ocrx_word' id='word_1_242' title='bbox 1316 2825 1393 2896; x_wconf 86' lang='lat' dir='ltr'>odiu</span> 
     </span>
     <span class='ocr_line' id='line_1_28' title="bbox 274 2924 1394 3022; baseline -0.002 -28"><span class='ocrx_word' id='word_1_243' title='bbox 274 2924 356 3018; x_wconf 89' lang='lat' dir='ltr'>quel·</span> <span class='ocrx_word' id='word_1_244' title='bbox 368 2947 472 3018; x_wconf 89' lang='lat' dir='ltr'>paese</span> <span class='ocrx_word' id='word_1_245' title='bbox 489 2928 651 3021; x_wconf 86' lang='lat' dir='ltr'>campigio</span> <span class='ocrx_word' id='word_1_246' title='bbox 667 2927 815 3019; x_wconf 68' lang='lat' dir='ltr'>xxvi-di</span> <span class='ocrx_word' id='word_1_247' title='bbox 837 2926 1023 3020; x_wconf 83' lang='lat' dir='ltr'>guastaudo</span> <span class='ocrx_word' id='word_1_248' title='bbox 1043 2929 1074 3000; x_wconf 90' lang='lat' dir='ltr'>el</span> <span class='ocrx_word' id='word_1_249' title='bbox 1091 2945 1204 3022; x_wconf 79' lang='lat' dir='ltr'>paese.</span> <span class='ocrx_word' id='word_1_250' title='bbox 1236 2927 1295 3000; x_wconf 91' lang='lat' dir='ltr'>Poi</span> <span class='ocrx_word' id='word_1_251' title='bbox 1312 2928 1338 2999; x_wconf 87' lang='lat' dir='ltr'>si</span> <span class='ocrx_word' id='word_1_252' title='bbox 1352 2925 1394 2992; x_wconf 89' lang='lat' dir='ltr'>ri-</span> 
     </span>
     <span class='ocr_line' id='line_1_29' title="bbox 273 3020 1392 3120; baseline -0.005 -26"><span class='ocrx_word' id='word_1_253' title='bbox 273 3031 406 3094; x_wconf 88' lang='lat' dir='ltr'>tornaro</span> <span class='ocrx_word' id='word_1_254' title='bbox 429 3024 452 3095; x_wconf 96' lang='lat' dir='ltr'>li</span> <span class='ocrx_word' id='word_1_255' title='bbox 476 3023 654 3098; x_wconf 88' lang='lat' dir='ltr'>Viterbicsi</span> <span class='ocrx_word' id='word_1_256' title='bbox 677 3024 729 3096; x_wconf 90' lang='lat' dir='ltr'>col</span> <span class='ocrx_word' id='word_1_257' title='bbox 752 3035 848 3098; x_wconf 89' lang='lat' dir='ltr'>conte</span> <span class='ocrx_word' id='word_1_258' title='bbox 871 3025 1036 3116; x_wconf 69' lang='lat' dir='ltr'>Simone2,</span> <span class='ocrx_word' id='word_1_259' title='bbox 1060 3027 1224 3120; x_wconf 90' lang='lat' dir='ltr'>capitanio</span> <span class='ocrx_word' id='word_1_260' title='bbox 1247 3024 1302 3096; x_wconf 92' lang='lat' dir='ltr'>del</span> <span class='ocrx_word' id='word_1_261' title='bbox 1323 3020 1392 3091; x_wconf 89' lang='lat' dir='ltr'>dictu</span> 
     </span>
    </p>

    <p class='ocr_par' dir='ltr' id='par_1_8' title="bbox 175 3120 1392 3218">
     <span class='ocr_line' id='line_1_30' title="bbox 175 3120 1392 3218; baseline 0.012 -32"><span class='ocrx_word' id='word_1_262' title='bbox 175 3179 178 3186; x_wconf 93' lang='lat'><em>.</em></span> <span class='ocrx_word' id='word_1_263' title='bbox 268 3123 485 3214; x_wconf 65' lang='lat' dir='ltr'>imperatore,</span> <span class='ocrx_word' id='word_1_264' title='bbox 503 3133 537 3194; x_wconf 90' lang='lat' dir='ltr'>et</span> <span class='ocrx_word' id='word_1_265' title='bbox 553 3122 679 3194; x_wconf 90' lang='lat' dir='ltr'>andaro</span> <span class='ocrx_word' id='word_1_266' title='bbox 695 3121 735 3194; x_wconf 89' lang='lat' dir='ltr'>ad</span> <span class='ocrx_word' id='word_1_267' title='bbox 747 3125 862 3218; x_wconf 89' lang='lat' dir='ltr'>campo</span> <span class='ocrx_word' id='word_1_268' title='bbox 880 3120 1219 3216; x_wconf 80' lang='lat' dir='ltr'>adNargineelerno</span> <span class='ocrx_word' id='word_1_269' title='bbox 1231 3123 1392 3214; x_wconf 76' lang='lat' dir='ltr'>algnana</span> 
     </span>
    </p>

    <p class='ocr_par' dir='ltr' id='par_1_9' title="bbox 273 3218 925 3316">
     <span class='ocr_line' id='line_1_31' title="bbox 273 3218 925 3316; baseline 0.005 -28"><span class='ocrx_word' id='word_1_270' title='bbox 273 3239 341 3290; x_wconf 92' lang='lat' dir='ltr'>ove</span> <span class='ocrx_word' id='word_1_271' title='bbox 360 3228 457 3291; x_wconf 87' lang='lat' dir='ltr'>stette</span> <span class='ocrx_word' id='word_1_272' title='bbox 474 3224 590 3314; x_wconf 88' lang='lat' dir='ltr'>cinque</span> <span class='ocrx_word' id='word_1_273' title='bbox 608 3218 649 3291; x_wconf 89' lang='lat' dir='ltr'>di.</span> <span class='ocrx_word' id='word_1_274' title='bbox 807 3306 812 3316; x_wconf 94' lang='lat'><em>.</em></span> <span class='ocrx_word' id='word_1_275' title='bbox 920 3273 925 3282; x_wconf 88' lang='lat'><em>.</em></span> 
     </span>
    </p>

    <p class='ocr_par' dir='ltr' id='par_1_10' title="bbox 275 3314 1392 3510">
     <span class='ocr_line' id='line_1_32' title="bbox 322 3314 1392 3412; baseline 0 -28"><span class='ocrx_word' id='word_1_276' title='bbox 322 3314 360 3384; x_wconf 94' lang='lat' dir='ltr'>ln</span> <span class='ocrx_word' id='word_1_277' title='bbox 378 3317 453 3409; x_wconf 89' lang='lat' dir='ltr'>quel</span> <span class='ocrx_word' id='word_1_278' title='bbox 476 3322 680 3412; x_wconf 82' lang='lat' dir='ltr'>tampotutti</span> <span class='ocrx_word' id='word_1_279' title='bbox 696 3319 718 3391; x_wconf 95' lang='lat' dir='ltr'>li</span> <span class='ocrx_word' id='word_1_280' title='bbox 734 3319 892 3392; x_wconf 90' lang='lat' dir='ltr'>cardinali</span> <span class='ocrx_word' id='word_1_281' title='bbox 914 3317 947 3392; x_wconf 91' lang='lat' dir='ltr'>di</span> <span class='ocrx_word' id='word_1_282' title='bbox 972 3330 1062 3392; x_wconf 85' lang='lat' dir='ltr'>corte</span> <span class='ocrx_word' id='word_1_283' title='bbox 1089 3329 1233 3394; x_wconf 84' lang='lat' dir='ltr'>slavauo</span> <span class='ocrx_word' id='word_1_284' title='bbox 1258 3318 1298 3392; x_wconf 91' lang='lat' dir='ltr'>ad</span> <span class='ocrx_word' id='word_1_285' title='bbox 1315 3315 1392 3389; x_wconf 88' lang='lat' dir='ltr'>Nur-</span> 
     </span>
     <span class='ocr_line' id='line_1_33' title="bbox 275 3414 1392 3510; baseline 0.002 -28"><span class='ocrx_word' id='word_1_286' title='bbox 275 3415 382 3504; x_wconf 67' lang='lat' dir='ltr'>giret„</span> <span class='ocrx_word' id='word_1_287' title='bbox 404 3414 665 3510; x_wconf 89' lang='lat' dir='ltr'>el&#39;imperatoro</span> <span class='ocrx_word' id='word_1_288' title='bbox 682 3417 774 3502; x_wconf 82' lang='lat' dir='ltr'>lasso</span> <span class='ocrx_word' id='word_1_289' title='bbox 791 3421 861 3489; x_wconf 85' lang='lat' dir='ltr'>tutti</span> <span class='ocrx_word' id='word_1_290' title='bbox 877 3418 900 3489; x_wconf 96' lang='lat' dir='ltr'>li</span> <span class='ocrx_word' id='word_1_291' title='bbox 917 3417 1073 3490; x_wconf 75' lang='lat' dir='ltr'>cardinali</span> <span class='ocrx_word' id='word_1_292' title='bbox 1089 3441 1109 3490; x_wconf 97' lang='lat' dir='ltr'>o</span> <span class='ocrx_word' id='word_1_293' title='bbox 1127 3419 1270 3490; x_wconf 83' lang='lat' dir='ltr'>vescovi</span> <span class='ocrx_word' id='word_1_294' title='bbox 1288 3437 1307 3486; x_wconf 90' lang='lat' dir='ltr'>e</span> <span class='ocrx_word' id='word_1_295' title='bbox 1324 3433 1392 3508; x_wconf 88' lang='lat' dir='ltr'>pre-</span> 
     </span>
    </p>

    <p class='ocr_par' dir='ltr' id='par_1_11' title="bbox 181 3508 1392 3608">
     <span class='ocr_line' id='line_1_34' title="bbox 181 3508 1392 3608; baseline -0.005 -27"><span class='ocrx_word' id='word_1_296' title='bbox 181 3519 185 3527; x_wconf 84' lang='lat'>&#39;</span> <span class='ocrx_word' id='word_1_297' title='bbox 274 3511 343 3601; x_wconf 70' lang='lat' dir='ltr'>tan,</span> <span class='ocrx_word' id='word_1_298' title='bbox 361 3509 424 3582; x_wconf 82' lang='lat' dir='ltr'>olto</span> <span class='ocrx_word' id='word_1_299' title='bbox 441 3511 563 3586; x_wconf 90' lang='lat' dir='ltr'>haviva</span> <span class='ocrx_word' id='word_1_300' title='bbox 582 3517 670 3607; x_wconf 87' lang='lat' dir='ltr'>presi</span> <span class='ocrx_word' id='word_1_301' title='bbox 687 3537 748 3608; x_wconf 89' lang='lat' dir='ltr'>per</span> <span class='ocrx_word' id='word_1_302' title='bbox 765 3535 856 3586; x_wconf 92' lang='lat' dir='ltr'>mare</span> <span class='ocrx_word' id='word_1_303' title='bbox 873 3513 938 3586; x_wconf 91' lang='lat' dir='ltr'>due</span> <span class='ocrx_word' id='word_1_304' title='bbox 955 3519 1032 3587; x_wconf 88' lang='lat' dir='ltr'>anni</span> <span class='ocrx_word' id='word_1_305' title='bbox 1048 3518 1157 3588; x_wconf 91' lang='lat' dir='ltr'>inanti.</span> <span class='ocrx_word' id='word_1_306' title='bbox 1178 3508 1392 3586; x_wconf 88' lang='lat' dir='ltr'>Elicardinali</span> 
     </span>
    </p>

    <p class='ocr_par' dir='ltr' id='par_1_12' title="bbox 274 3601 1390 3706">
     <span class='ocr_line' id='line_1_35' title="bbox 274 3601 1390 3706; baseline 0.004 -27"><span class='ocrx_word' id='word_1_307' title='bbox 274 3607 386 3682; x_wconf 87' lang='lat' dir='ltr'>facero</span> <span class='ocrx_word' id='word_1_308' title='bbox 409 3631 494 3704; x_wconf 88' lang='lat' dir='ltr'>papa</span> <span class='ocrx_word' id='word_1_309' title='bbox 511 3610 701 3684; x_wconf 87' lang='lat' dir='ltr'>Innocentio</span> <span class='ocrx_word' id='word_1_310' title='bbox 724 3635 777 3684; x_wconf 87' lang='lat' dir='ltr'>un.</span> <span class='ocrx_word' id='word_1_311' title='bbox 796 3613 851 3685; x_wconf 88' lang='lat' dir='ltr'>nel</span> <span class='ocrx_word' id='word_1_312' title='bbox 869 3635 962 3686; x_wconf 88' lang='lat' dir='ltr'>mese</span> <span class='ocrx_word' id='word_1_313' title='bbox 986 3612 1018 3684; x_wconf 93' lang='lat' dir='ltr'>di</span> <span class='ocrx_word' id='word_1_314' title='bbox 1041 3613 1144 3706; x_wconf 81' lang='lat' dir='ltr'>luglio</span> <span class='ocrx_word' id='word_1_315' title='bbox 1164 3615 1247 3704; x_wconf 90' lang='lat' dir='ltr'>[iun.</span> <span class='ocrx_word' id='word_1_316' title='bbox 1267 3612 1340 3701; x_wconf 84' lang='grc'><strong>25].</strong></span> <span class='ocrx_word' id='word_1_317' title='bbox 1367 3601 1390 3674; x_wconf 83' lang='grc' dir='ltr'>Ε</span> 
     </span>
    </p>

    <p class='ocr_par' dir='ltr' id='par_1_13' title="bbox 273 3707 1391 4000">
     <span class='ocr_line' id='line_1_36' title="bbox 274 3707 1390 3804; baseline 0.001 -28"><span class='ocrx_word' id='word_1_318' title='bbox 274 3707 307 3778; x_wconf 91' lang='lat' dir='ltr'>in</span> <span class='ocrx_word' id='word_1_319' title='bbox 325 3707 401 3800; x_wconf 93' lang='lat' dir='ltr'>quel</span> <span class='ocrx_word' id='word_1_320' title='bbox 416 3729 510 3782; x_wconf 86' lang='lat' dir='ltr'>mesa</span> <span class='ocrx_word' id='word_1_321' title='bbox 527 3709 549 3778; x_wconf 96' lang='lat' dir='ltr'>li</span> <span class='ocrx_word' id='word_1_322' title='bbox 565 3709 704 3780; x_wconf 87' lang='lat' dir='ltr'>Romani</span> <span class='ocrx_word' id='word_1_323' title='bbox 722 3712 883 3804; x_wconf 82' lang='lat' dir='ltr'>pigliarno</span> <span class='ocrx_word' id='word_1_324' title='bbox 900 3710 1076 3803; x_wconf 82' lang='lat' dir='ltr'>Bottigano</span> <span class='ocrx_word' id='word_1_325' title='bbox 1092 3735 1113 3782; x_wconf 93' lang='lat' dir='ltr'>e</span> <span class='ocrx_word' id='word_1_326' title='bbox 1129 3721 1290 3802; x_wconf 84' lang='lat' dir='ltr'>guastura</span> <span class='ocrx_word' id='word_1_327' title='bbox 1302 3708 1390 3779; x_wconf 75' lang='lat' dir='ltr'>llum</span> 
     </span>
     <span class='ocr_line' id='line_1_37' title="bbox 274 3805 1390 3899; baseline -0.004 -23"><span class='ocrx_word' id='word_1_328' title='bbox 274 3805 372 3898; x_wconf 91' lang='lat' dir='ltr'>topoli</span> <span class='ocrx_word' id='word_1_329' title='bbox 388 3805 565 3894; x_wconf 82' lang='lat' dir='ltr'>inSabina.</span> <span class='ocrx_word' id='word_1_330' title='bbox 592 3806 674 3878; x_wconf 86' lang='lat' dir='ltr'>Adi</span> <span class='ocrx_word' id='word_1_331' title='bbox 686 3811 778 3880; x_wconf 87' lang='lat' dir='ltr'>xviii.</span> <span class='ocrx_word' id='word_1_332' title='bbox 790 3807 941 3899; x_wconf 81' lang='lat' dir='ltr'>d&#39;agosto</span> <span class='ocrx_word' id='word_1_333' title='bbox 958 3808 1094 3880; x_wconf 88' lang='lat' dir='ltr'>martcdi</span> <span class='ocrx_word' id='word_1_334' title='bbox 1112 3810 1144 3879; x_wconf 91' lang='lat' dir='ltr'>el</span> <span class='ocrx_word' id='word_1_335' title='bbox 1162 3819 1259 3880; x_wconf 88' lang='lat' dir='ltr'>conte</span> <span class='ocrx_word' id='word_1_336' title='bbox 1270 3806 1390 3879; x_wconf 89' lang='lat' dir='ltr'>Simone</span> 
     </span>
     <span class='ocr_line' id='line_1_38' title="bbox 273 3901 1391 4000; baseline -0.002 -28"><span class='ocrx_word' id='word_1_337' title='bbox 273 3901 347 3973; x_wconf 88' lang='lat' dir='ltr'>fece</span> <span class='ocrx_word' id='word_1_338' title='bbox 359 3925 403 3974; x_wconf 96' lang='lat' dir='ltr'>un</span> <span class='ocrx_word' id='word_1_339' title='bbox 414 3925 498 3995; x_wconf 84' lang='lat' dir='ltr'>gran</span> <span class='ocrx_word' id='word_1_340' title='bbox 515 3903 719 3999; x_wconf 87' lang='lat' dir='ltr'>parlamento</span> <span class='ocrx_word' id='word_1_341' title='bbox 730 3927 792 3990; x_wconf 81' lang='lat' dir='ltr'>eon</span> <span class='ocrx_word' id='word_1_342' title='bbox 804 3907 827 3978; x_wconf 95' lang='lat' dir='ltr'>li</span> <span class='ocrx_word' id='word_1_343' title='bbox 838 3904 1005 3980; x_wconf 87' lang='lat' dir='ltr'>Vitcrbesi</span> <span class='ocrx_word' id='word_1_344' title='bbox 1016 3907 1103 3979; x_wconf 89' lang='lat' dir='ltr'>nella</span> <span class='ocrx_word' id='word_1_345' title='bbox 1120 3910 1236 4000; x_wconf 82' lang='lat' dir='ltr'>piaaua</span> <span class='ocrx_word' id='word_1_346' title='bbox 1247 3905 1281 3976; x_wconf 93' lang='lat' dir='ltr'>di</span> <span class='ocrx_word' id='word_1_347' title='bbox 1292 3908 1391 3978; x_wconf 83' lang='lat' dir='ltr'>sancto</span> 
     </span>
    </p>

    <p class='ocr_par' dir='ltr' id='par_1_14' title="bbox 273 3998 1391 4099">
     <span class='ocr_line' id='line_1_39' title="bbox 273 3998 1391 4099; baseline -0.003 -29"><span class='ocrx_word' id='word_1_348' title='bbox 273 3998 437 4074; x_wconf 84' lang='lat' dir='ltr'>Silvestre</span> <span class='ocrx_word' id='word_1_349' title='bbox 455 4013 475 4073; x_wconf 78' lang='lat' dir='ltr'>e&#39;</span> <span class='ocrx_word' id='word_1_350' title='bbox 495 4000 598 4093; x_wconf 73' lang='lat' dir='ltr'>disse,</span> <span class='ocrx_word' id='word_1_351' title='bbox 616 4023 711 4076; x_wconf 92' lang='lat' dir='ltr'>como</span> <span class='ocrx_word' id='word_1_352' title='bbox 728 4025 868 4099; x_wconf 62' lang='lat' dir='ltr'>sapora,</span> <span class='ocrx_word' id='word_1_353' title='bbox 885 4003 1045 4078; x_wconf 74' lang='lat' dir='ltr'>clocam</span> <span class='ocrx_word' id='word_1_354' title='bbox 1060 4001 1238 4078; x_wconf 88' lang='lat' dir='ltr'>Vitcrbiesi</span> <span class='ocrx_word' id='word_1_355' title='bbox 1256 4007 1285 4077; x_wconf 89' lang='lat' dir='ltr'>si</span> <span class='ocrx_word' id='word_1_356' title='bbox 1302 3999 1391 4072; x_wconf 86' lang='lat' dir='ltr'>vola·</span> 
     </span>
    </p>
   </div>
   <div class='ocr_carea' id='block_1_3' title="bbox 274 4145 1390 4289">
    <p class='ocr_par' dir='ltr' id='par_1_15' title="bbox 274 4145 1390 4289">
     <span class='ocr_line' id='line_1_40' title="bbox 274 4145 1390 4289; baseline -0.007 -79"><span class='ocrx_word' id='word_1_357' title='bbox 274 4149 466 4289; x_wconf 52' lang='lat' dir='ltr'>Magdi.cup⁰</span> <span class='ocrx_word' id='word_1_358' title='bbox 486 4151 526 4208; x_wconf 81' lang='lat' dir='ltr'>lus.</span> <span class='ocrx_word' id='word_1_359' title='bbox 562 4151 593 4220; x_wconf 80' lang='lat'>2)</span> <span class='ocrx_word' id='word_1_360' title='bbox 618 4151 711 4210; x_wconf 87' lang='lat' dir='ltr'>simon</span> <span class='ocrx_word' id='word_1_361' title='bbox 730 4169 782 4210; x_wconf 88' lang='lat' dir='ltr'>von</span> <span class='ocrx_word' id='word_1_362' title='bbox 801 4155 889 4210; x_wconf 86' lang='lat' dir='ltr'>Teate.</span> <span class='ocrx_word' id='word_1_363' title='bbox 926 4153 957 4258; x_wconf 64' lang='lat' dir='ltr'>d)</span> <span class='ocrx_word' id='word_1_364' title='bbox 982 4152 1055 4210; x_wconf 87' lang='lat' dir='ltr'>nicht</span> <span class='ocrx_word' id='word_1_365' title='bbox 1079 4153 1106 4209; x_wconf 90' lang='lat' dir='ltr'>iu</span> <span class='ocrx_word' id='word_1_366' title='bbox 1125 4152 1215 4225; x_wconf 71' lang='lat' dir='ltr'>durni,</span> <span class='ocrx_word' id='word_1_367' title='bbox 1238 4150 1353 4208; x_wconf 87' lang='lat' dir='ltr'>souderu</span> <span class='ocrx_word' id='word_1_368' title='bbox 1369 4145 1390 4198; x_wconf 88' lang='lat' dir='ltr'>iu</span> 
     </span>
    </p>
   </div>
   <div class='ocr_carea' id='block_1_4' title="bbox 0 0 1499 4824">
    <p class='ocr_par' dir='ltr' id='par_1_16' title="bbox 0 0 1499 4824">
     <span class='ocr_line' id='line_1_41' title="bbox 0 0 1499 4824; baseline 0 0"><span class='ocrx_word' id='word_1_369' title='bbox 0 0 1499 4824; x_wconf 95' lang='lat' dir='ltr'> </span> 
     </span>
    </p>
   </div>
  </div>
 </body>
</html>
