3010 4822
459 243 632 302 unruurcus
651 243 904 304 sennonteusrs.
1174 247 1246 326 533

114 417 306 491 diabolicam
332 421 435 492 luisse
458 419 652 492 illusionem.
684 419 727 492 Et
753 423 823 515 ipsa
848 429 900 493 est
928 431 1053 492 mortua
1077 421 1244 517 periendo.
1261 429 1331 490 tere

114 519 317 589 Presumitur
333 520 432 608 enim,
451 517 537 613 quod
553 541 598 588 ex
615 521 700 590 coitu
717 527 829 611 partus
846 517 906 590 luit
921 521 1094 592 extinctus.
1125 517 1162 592 ln
1181 543 1246 592 ea-

113 615 189 686 dem
217 614 341 686 diocesi
370 626 447 689 tunc
475 617 631 709 temporis
655 613 783 710 quidam
810 613 931 688 demon
956 618 990 688 ia
1016 619 1127 710 speeie
1151 619 1245 712 parvi

112 716 206 808 pueri
224 711 406 784 bominibus
420 717 567 806 apparuit
579 713 701 802 mnus,
719 710 823 784 verbo
839 711 925 788 lacto
943 723 976 788 et
991 717 1245 790 conversatione

113 807 293 906 placentis,
310 813 391 882 mun
409 809 531 883 dicens.
1237 878 1239 887 .
1331 805 1333 812 ⁴

159 904 288 976 Eodem
305 929 392 978 enno
409 917 443 977 et
459 907 539 978 laria
557 914 833 1004 quamproxime
851 919 927 982 onte
941 908 1063 983 lestum
1080 919 1244 1004 ponteco-

112 1013 182 1076 stes
203 1003 332 1095 [iuml]
351 1007 384 1075 in
402 1007 532 1077 civitate
545 1005 743 1100 Nurenberg
759 1031 872 1079 rumor
888 1007 958 1097 luit
975 1011 1050 1101 quiin
1067 1008 1244 1102 populares

112 1111 247 1195 propter
262 1098 479 1173 obedientiam
496 1101 613 1174 laetam
632 1108 717 1195 regi,
741 1115 776 1176 ut
796 1127 908 1198 supra„
932 1127 971 1177 se
994 1115 1105 1176 nonna
1124 1102 1244 1178 divites

111 1208 304 1288 erexerunt,
322 1209 356 1270 et
374 1203 465 1292 ipsos
482 1200 525 1270 de
538 1203 669 1272 civitate
682 1202 863 1297 expellunt
881 1212 914 1274 et
922 1200 1136 1276 ludewicum
1150 1225 1244 1276 mur-v

110 1296 264 1368 ebionem
285 1295 640 1390 Brandenburgensem
658 1321 718 1394 pro
735 1300 866 1372 domino
882 1309 1088 1394 recepemnt

158 1391 287 1464 Eodem
302 1403 450 1488 tempore
467 1394 631 1488 predictus
647 1419 710 1470 rex
727 1397 826 1470 liliam
843 1419 937 1470 suam
955 1395 1158 1491 impuberem
1177 1395 1243 1476 lilio

108 1490 240 1563 Albam
259 1489 351 1564 ducis
368 1491 505 1564 Austrie
529 1497 625 1564 unico
648 1504 682 1565 et
703 1492 863 1588 impuberi
886 1493 1014 1566 tradidit
1036 1498 1068 1566 in
1092 1513 1244 1586 uxorem,

108 1613 152 1660 ao
165 1591 199 1659 in
216 1589 356 1682 quodam
372 1586 491 1683 oppido
506 1587 625 1663 Sevelt
641 1595 674 1662 in
689 1595 785 1665 metis
797 1592 932 1666 Austic
949 1602 983 1662 et
999 1589 1150 1666 Morauie
1168 1591 1244 1665 sol·-

107 1687 261 1780 lempnes
281 1696 358 1760 sunt
375 1689 487 1780 nuptie
504 1685 680 1760 celebrate.

158 1781 286 1854 Mem
306 1805 393 1856 anno
413 1786 498 1855 circa
521 1785 643 1857 festum
666 1783 751 1860 beati
770 1784 878 1860 lacobi
902 1786 973 1878 [iul.
990 1785 1055 1876 25]
1074 1795 1244 1860 manum

108 1883 328 1974 sollempnem
342 1879 452 1954 babuit
463 1903 527 1954 ren
538 1881 679 1956 llarolus
697 1907 770 1956 oum
782 1884 855 1958 liliis
865 1883 1033 1957 Lndewici
1050 1883 1243 1974 areuna,

108 1975 314 2050 etAlbertus
332 1977 400 2050 dux
410 1979 546 2052 Austrie
564 1979 728 2074 predictus
745 1982 805 2053 luit
821 1981 980 2054 mediator
997 1985 1081 2054 inter
1098 2003 1168 2052 eos.
1196 1979 1243 2054 lbi

105 2075 327 2148 interfuerunt
343 2075 607 2171 archiepiscopus
623 2077 893 2170 Saluburgensis‚
911 2082 1084 2172 episcopus
1102 2079 1242 2150 Patavi·-

106 2176 214 2262 ensis,
232 2171 350 2246 frenes
369 2175 533 2262 carnales,
551 2178 604 2268 qui
621 2177 748 2266 regalia
766 2198 826 2249 sua
844 2174 884 2247 ab
902 2175 1020 2248 eodem
1038 2197 1121 2265 rege
1139 2197 1242 2248 rece-

107 2279 248 2366 perunt3
281 2269 496 2343 interfuerunt
525 2271 790 2367 archiepiscopus
820 2271 980 2344 Gerlaous
1014 2271 1242 2362 Mogentiana,

105 2367 376 2462 archiepiscopus
396 2368 589 2460 ProgensiS,
615 2373 760 2464 episcopi
782 2367 1040 2461 Bambergensis
1064 2379 1097 2440 et
1116 2367 1242 2442 llerbi-

105 2466 269 2560 polensis,
286 2465 406 2538 iratres
420 2467 583 2556 camelae,
601 2478 635 2538 et
651 2471 752 2540 nuntii
769 2471 860 2559 regis
871 2467 1032 2558 Ungarr'e,
1050 2476 1082 2536 et
1099 2468 1242 2544 maxima

106 2567 203 2657 copia
222 2566 413 2657 principum,
431 2560 591 2636 baronum
608 2575 641 2636 et
658 2564 821 2640 nobilium.
848 2563 915 2636 Sed
938 2562 1073 2658 predicti
1097 2561 1152 2634 lilii
1168 2562 1241 2635 Lu·-

103 2661 230 2732 dewioi
248 2681 322 2730 oum
339 2664 453 2732 maiori
463 2665 615 2733 comitiva
633 2685 730 2756 pam
746 2684 809 2734 rex
822 2659 1057 2750 crantibidem
1075 2670 1109 2730 et
1125 2659 1241 2733 modus

104 2756 329 2830 concordandi
346 2781 405 2830 eos
421 2757 507 2829 bene
522 2759 581 2830 luit
594 2759 764 2832 inchoatus
781 2758 841 2832 sed
857 2779 922 2832 non
935 2767 1191 2832 consummatus,

156 2853 286 2926 Eodem
306 2878 392 2926 anno
415 2859 448 2926 in
473 2855 614 2928 marchio
631 2854 946 2949 Brandenburgensi
970 2859 1076 2948 surgit
1099 2853 1241 2948 medem,

103 2956 162 3048 qui
180 2973 221 3026 se
238 2955 359 3024 asserit
375 2952 597 3024 marchionem
607 2953 870 3043 Waldemarum,
889 2958 992 3049 quint
1010 2976 1108 3048 supra
1124 2952 1241 3025 Lude-

103 3055 233 3122 wioum
252 3049 354 3141 elegit
369 3051 403 3120 in
419 3071 551 3141 regem,
571 3048 685 3123 dicens
703 3073 741 3124 se
758 3051 862 3126 nasse
879 3054 912 3123 in
929 3052 1107 3145 penitentia
1124 3053 1241 3140 vigin-

103 3151 207 3220 tiocto
224 3149 318 3220 annis
332 3148 591 3220 exrevelatione
609 3146 719 3220 divina
737 3160 771 3221 ct
787 3146 958 3220 absentem
975 3171 994 3218 a
1020 3157 1109 3218 terra
1126 3155 1159 3216 et
1175 3168 1241 3218 non

103 3255 291 3335 munuum,
318 3245 394 3316 licet
420 3242 571 3318 homines
598 3245 684 3318 illius
710 3257 799 3318 terre
825 3248 967 3340 priorem
990 3240 1242 3316 Waldemarum

103 3353 184 3414 ente
203 3363 309 3414 annos
326 3345 526 3436 prescriptos
543 3343 647 3416 luisse
661 3343 799 3415 naturali
816 3353 920 3414 morte
933 3339 1121 3414 defunctum
1138 3361 1241 3414 asse-

102 3449 230 3512 rerent
267 3437 309 3512 Et
332 3443 405 3534 quia
433 3441 546 3512 similis
573 3443 606 3511 in
633 3442 717 3512 laoie
745 3451 778 3511 et
801 3443 833 3512 in
857 3438 1001 3512 moribus
1025 3437 1242 3510 Waldemero

101 3549 191 3626 crat,
211 3547 245 3608 et
261 3538 360 3610 multa
377 3540 558 3630 intersigna
575 3537 617 3608 de
634 3535 758 3610 actibus
776 3536 982 3608 Waldaman'
998 3534 1182 3608 bominibus
1199 3536 1242 3607 ad

102 3638 302 3708 memoriam
318 3639 503 3726 revocant
521 3633 682 3708 liudolfus
700 3634 769 3707 dux
784 3633 944 3722 Saxonie,
966 3643 998 3704 et
1014 3632 1241 3727 archiepisco-

102 3755 169 3828 pus
198 3730 501 3822 Magdeburgensis
529 3735 625 3804 istum
652 3753 776 3804 novum
801 3729 1051 3802 Wuldemarum
1076 3729 1241 3802 inedium

102 3828 279 3900 Ludewici
303 3828 510 3918 marchionis,
533 3829 588 3901 lilii
606 3828 787 3919 ludewici,
812 3832 865 3923 qui
888 3837 1008 3900 terram
1031 3848 1097 3898 non
1115 3836 1241 3898 tracta-

102 3937 206 4002 verat
231 3929 395 4018 gratich
421 3949 481 4022 pro
505 3926 693 4000 merobione
717 3930 914 4020 suscipiunt,
941 3935 975 3996 et
996 3927 1138 3996 maxima
1163 3947 1240 4017 pers

102 4024 218 4096 eidem
231 4035 267 4096 ut
278 4023 456 4096 marchioni
466 4024 584 4097 obedit.
611 4025 747 4119 Propter
765 4021 850 4119 quod
861 4020 1058 4098 ludewicus
1076 4019 1241 4115 predictus

104 4121 148 4194 ad
168 4121 425 4194 marchionatum
436 4122 520 4194 redit
536 4145 610 4196 oum
622 4120 720 4195 debili
733 4123 874 4216 potentia
887 4130 1094 4192 armatorum.
1121 4119 1163 4190 Et
1179 4141 1241 4194 rex

103 4243 184 4292 cum
208 4241 297 4294 novo
314 4217 542 4314 waldemaro,
566 4217 649 4321 duee
666 4217 812 4296 Saxonis
831 4231 865 4294 et
887 4217 1133 4320 archiepiscopo
1156 4239 1239 4315 pre-
