<?xml version="1.0" encoding="UTF-8"?>
<!DOCTYPE html PUBLIC "-//W3C//DTD XHTML 1.0 Transitional//EN"
    "http://www.w3.org/TR/xhtml1/DTD/xhtml1-transitional.dtd">
<html xmlns="http://www.w3.org/1999/xhtml" xml:lang="en" lang="en">
 <head>
  <title>
</title>
<meta http-equiv="Content-Type" content="text/html;charset=utf-8" />
  <meta name='ocr-system' content='tesseract 3.04.00' />
  <meta name='ocr-capabilities' content='ocr_page ocr_carea ocr_par ocr_line ocrx_word'/>
</head>
<body>
  <div class='ocr_page' id='page_1' title='image "./fontesrerumgerm01hubegoog_0727.png"; bbox 0 0 2982 4824; ppageno 0'>
   <div class='ocr_carea' id='block_1_1' title="bbox 273 225 1217 305">
    <p class='ocr_par' dir='ltr' id='par_1_1' title="bbox 273 225 1217 305">
     <span class='ocr_line' id='line_1_1' title="bbox 273 225 1217 305; baseline -0.018 1"><span class='ocrx_word' id='word_1_1' title='bbox 273 225 345 305; x_wconf 81' lang='lat'>652</span> <span class='ocrx_word' id='word_1_2' title='bbox 446 225 624 286; x_wconf 80' lang='lat' dir='ltr'>tmoarrm</span> <span class='ocrx_word' id='word_1_3' title='bbox 642 225 834 288; x_wconf 82' lang='lat' dir='ltr'>morarum</span> <span class='ocrx_word' id='word_1_4' title='bbox 852 227 961 288; x_wconf 80' lang='lat' dir='ltr'>susm</span> <span class='ocrx_word' id='word_1_5' title='bbox 978 225 1217 289; x_wconf 79' lang='lat' dir='ltr'>nnsmmouu</span> 
     </span>
    </p>
   </div>
   <div class='ocr_carea' id='block_1_2' title="bbox 274 399 1381 497">
    <p class='ocr_par' dir='ltr' id='par_1_2' title="bbox 274 399 1381 497">
     <span class='ocr_line' id='line_1_2' title="bbox 274 399 1381 497; baseline -0.003 -16"><span class='ocrx_word' id='word_1_6' title='bbox 274 404 378 481; x_wconf 88' lang='lat' dir='ltr'>centis</span> <span class='ocrx_word' id='word_1_7' title='bbox 396 404 592 497; x_wconf 89' lang='lat' dir='ltr'>sanguinem</span> <span class='ocrx_word' id='word_1_8' title='bbox 611 401 779 478; x_wconf 87' lang='lat' dir='ltr'>vindicare</span> <span class='ocrx_word' id='word_1_9' title='bbox 795 403 950 478; x_wconf 85' lang='lat' dir='ltr'>volentes</span> <span class='ocrx_word' id='word_1_10' title='bbox 968 405 1054 478; x_wconf 85' lang='lat' dir='ltr'>scire</span> <span class='ocrx_word' id='word_1_11' title='bbox 1071 401 1112 476; x_wconf 90' lang='lat' dir='ltr'>ab</span> <span class='ocrx_word' id='word_1_12' title='bbox 1129 426 1171 477; x_wconf 91' lang='lat' dir='ltr'>eo</span> <span class='ocrx_word' id='word_1_13' title='bbox 1184 399 1343 492; x_wconf 79' lang='lat' dir='ltr'>volebant</span> <span class='ocrx_word' id='word_1_14' title='bbox 1357 405 1381 478; x_wconf 89' lang='lat' dir='ltr'>si</span> 
     </span>
    </p>
   </div>
   <div class='ocr_carea' id='block_1_3' title="bbox 264 500 1464 4130">
    <p class='ocr_par' dir='ltr' id='par_1_3' title="bbox 272 500 1464 1476">
     <span class='ocr_line' id='line_1_3' title="bbox 274 500 1383 597; baseline -0.003 -18"><span class='ocrx_word' id='word_1_15' title='bbox 274 507 358 580; x_wconf 81' lang='lat' dir='ltr'>forte</span> <span class='ocrx_word' id='word_1_16' title='bbox 376 501 464 575; x_wconf 93' lang='lat' dir='ltr'>aliud</span> <span class='ocrx_word' id='word_1_17' title='bbox 480 501 656 592; x_wconf 78' lang='lat' dir='ltr'>accideret,</span> <span class='ocrx_word' id='word_1_18' title='bbox 674 526 771 596; x_wconf 84' lang='lat' dir='ltr'>quam</span> <span class='ocrx_word' id='word_1_19' title='bbox 783 501 971 597; x_wconf 77' lang='lat' dir='ltr'>sperabant,</span> <span class='ocrx_word' id='word_1_20' title='bbox 989 507 1018 576; x_wconf 90' lang='lat' dir='ltr'>si</span> <span class='ocrx_word' id='word_1_21' title='bbox 1030 500 1072 573; x_wconf 91' lang='lat' dir='ltr'>ad</span> <span class='ocrx_word' id='word_1_22' title='bbox 1088 525 1127 576; x_wconf 90' lang='lat' dir='ltr'>se</span> <span class='ocrx_word' id='word_1_23' title='bbox 1140 501 1301 596; x_wconf 81' lang='lat' dir='ltr'>lingientes</span> <span class='ocrx_word' id='word_1_24' title='bbox 1312 527 1383 576; x_wconf 88' lang='lat' dir='ltr'>sus·</span> 
     </span>
     <span class='ocr_line' id='line_1_4' title="bbox 273 598 1464 698; baseline -0.003 -22"><span class='ocrx_word' id='word_1_25' title='bbox 273 607 409 698; x_wconf 77' lang='lat' dir='ltr'>ciperet,</span> <span class='ocrx_word' id='word_1_26' title='bbox 427 612 461 672; x_wconf 92' lang='lat' dir='ltr'>et</span> <span class='ocrx_word' id='word_1_27' title='bbox 476 611 512 672; x_wconf 94' lang='lat' dir='ltr'>ut</span> <span class='ocrx_word' id='word_1_28' title='bbox 528 598 667 674; x_wconf 89' lang='lat' dir='ltr'>decebat</span> <span class='ocrx_word' id='word_1_29' title='bbox 682 599 860 674; x_wconf 86' lang='lat' dir='ltr'>honorilice</span> <span class='ocrx_word' id='word_1_30' title='bbox 878 611 1101 697; x_wconf 69' lang='lat' dir='ltr'>pertractaret</span> <span class='ocrx_word' id='word_1_31' title='bbox 1133 600 1278 674; x_wconf 82' lang='lat' dir='ltr'>Nunnius</span> <span class='ocrx_word' id='word_1_32' title='bbox 1301 624 1384 694; x_wconf 73' lang='lat' dir='ltr'>ergo,</span> <span class='ocrx_word' id='word_1_33' title='bbox 1463 607 1464 610; x_wconf 75' lang='grc'>’</span> 
     </span>
     <span class='ocr_line' id='line_1_5' title="bbox 275 697 1383 797; baseline 0.003 -27"><span class='ocrx_word' id='word_1_34' title='bbox 275 705 327 797; x_wconf 88' lang='lat' dir='ltr'>qui</span> <span class='ocrx_word' id='word_1_35' title='bbox 346 698 407 772; x_wconf 89' lang='lat' dir='ltr'>bas</span> <span class='ocrx_word' id='word_1_36' title='bbox 425 699 549 773; x_wconf 73' lang='lat' dir='ltr'>litteras</span> <span class='ocrx_word' id='word_1_37' title='bbox 566 697 748 788; x_wconf 62' lang='lat' dir='ltr'>deferebat,</span> <span class='ocrx_word' id='word_1_38' title='bbox 767 697 932 772; x_wconf 78' lang='lat' dir='ltr'>Cremona</span> <span class='ocrx_word' id='word_1_39' title='bbox 949 697 1130 774; x_wconf 83' lang='lat' dir='ltr'>infirmatus</span> <span class='ocrx_word' id='word_1_40' title='bbox 1148 709 1200 774; x_wconf 89' lang='lat' dir='ltr'>est</span> <span class='ocrx_word' id='word_1_41' title='bbox 1215 699 1383 772; x_wconf 79' lang='lat' dir='ltr'>defunctus.</span> 
     </span>
     <span class='ocr_line' id='line_1_6' title="bbox 272 795 1385 894; baseline -0.004 -22"><span class='ocrx_word' id='word_1_42' title='bbox 272 799 405 894; x_wconf 82' lang='lat' dir='ltr'>Hospes</span> <span class='ocrx_word' id='word_1_43' title='bbox 425 819 509 869; x_wconf 91' lang='lat' dir='ltr'>vero</span> <span class='ocrx_word' id='word_1_44' title='bbox 529 795 684 887; x_wconf 69' lang='lat' dir='ltr'>defuncti,</span> <span class='ocrx_word' id='word_1_45' title='bbox 702 797 778 869; x_wconf 92' lang='lat' dir='ltr'>dum</span> <span class='ocrx_word' id='word_1_46' title='bbox 795 795 1197 888; x_wconf 65' lang='lat' dir='ltr'>invenissetbaslitteras</span> <span class='ocrx_word' id='word_1_47' title='bbox 1213 797 1385 872; x_wconf 85' lang='lat' dir='ltr'>Palavisino</span> 
     </span>
     <span class='ocr_line' id='line_1_7' title="bbox 274 893 1464 992; baseline 0.003 -22"><span class='ocrx_word' id='word_1_48' title='bbox 274 909 351 970; x_wconf 90' lang='lat' dir='ltr'>tunc</span> <span class='ocrx_word' id='word_1_49' title='bbox 368 895 544 968; x_wconf 85' lang='lat' dir='ltr'>dominanti</span> <span class='ocrx_word' id='word_1_50' title='bbox 560 893 682 968; x_wconf 83' lang='lat' dir='ltr'>ibidem</span> <span class='ocrx_word' id='word_1_51' title='bbox 699 900 903 992; x_wconf 87' lang='lat' dir='ltr'>presentavit</span> <span class='ocrx_word' id='word_1_52' title='bbox 922 894 1070 970; x_wconf 90' lang='lat' dir='ltr'>easdem.</span> <span class='ocrx_word' id='word_1_53' title='bbox 1105 897 1168 986; x_wconf 79' lang='lat' dir='ltr'>Qui</span> <span class='ocrx_word' id='word_1_54' title='bbox 1187 917 1261 968; x_wconf 94' lang='lat' dir='ltr'>cum</span> <span class='ocrx_word' id='word_1_55' title='bbox 1275 896 1386 970; x_wconf 86' lang='lat' dir='ltr'>litteras</span> <span class='ocrx_word' id='word_1_56' title='bbox 1463 927 1464 974; x_wconf 72' lang='lat' dir='ltr'>r</span> 
     </span>
     <span class='ocr_line' id='line_1_8' title="bbox 274 992 1387 1092; baseline -0.001 -25"><span class='ocrx_word' id='word_1_57' title='bbox 274 995 495 1092; x_wconf 73' lang='lat' dir='ltr'>perlegisset,</span> <span class='ocrx_word' id='word_1_58' title='bbox 514 1015 573 1068; x_wconf 92' lang='lat' dir='ltr'>eas</span> <span class='ocrx_word' id='word_1_59' title='bbox 598 1015 660 1088; x_wconf 89' lang='lat' dir='ltr'>per</span> <span class='ocrx_word' id='word_1_60' title='bbox 675 997 806 1066; x_wconf 91' lang='lat' dir='ltr'>nuntios</span> <span class='ocrx_word' id='word_1_61' title='bbox 830 992 977 1069; x_wconf 84' lang='lat' dir='ltr'>Corrado</span> <span class='ocrx_word' id='word_1_62' title='bbox 1004 997 1191 1070; x_wconf 87' lang='lat' dir='ltr'>transmisit.</span> <span class='ocrx_word' id='word_1_63' title='bbox 1241 995 1302 1082; x_wconf 85' lang='lat' dir='ltr'>Qut</span> <span class='ocrx_word' id='word_1_64' title='bbox 1323 1017 1387 1066; x_wconf 90' lang='lat' dir='ltr'>oum</span> 
     </span>
     <span class='ocr_line' id='line_1_9' title="bbox 272 1091 1387 1188; baseline -0.002 -22"><span class='ocrx_word' id='word_1_65' title='bbox 272 1095 399 1168; x_wconf 89' lang='lat' dir='ltr'>litteras</span> <span class='ocrx_word' id='word_1_66' title='bbox 416 1095 613 1187; x_wconf 69' lang='lat' dir='ltr'>accepisset,</span> <span class='ocrx_word' id='word_1_67' title='bbox 630 1103 725 1165; x_wconf 91' lang='lat' dir='ltr'>caute</span> <span class='ocrx_word' id='word_1_68' title='bbox 735 1095 839 1188; x_wconf 90' lang='lat' dir='ltr'>primo</span> <span class='ocrx_word' id='word_1_69' title='bbox 852 1091 1026 1166; x_wconf 84' lang='lat' dir='ltr'>blaniredo</span> <span class='ocrx_word' id='word_1_70' title='bbox 1037 1091 1387 1166; x_wconf 86' lang='lat' dir='ltr'>subtrabitlamulantes</span> 
     </span>
     <span class='ocr_line' id='line_1_10' title="bbox 273 1188 1388 1287; baseline -0.004 -23"><span class='ocrx_word' id='word_1_71' title='bbox 273 1195 410 1281; x_wconf 82' lang='lat' dir='ltr'>amicos,</span> <span class='ocrx_word' id='word_1_72' title='bbox 427 1189 510 1264; x_wconf 89' lang='lat' dir='ltr'>alios</span> <span class='ocrx_word' id='word_1_73' title='bbox 527 1190 573 1262; x_wconf 89' lang='lat' dir='ltr'>illi</span> <span class='ocrx_word' id='word_1_74' title='bbox 589 1195 752 1283; x_wconf 72' lang='lat' dir='ltr'>iungens.</span> <span class='ocrx_word' id='word_1_75' title='bbox 772 1188 948 1287; x_wconf 84' lang='lat' dir='ltr'>dequibus</span> <span class='ocrx_word' id='word_1_76' title='bbox 971 1194 1043 1286; x_wconf 90' lang='lat' dir='ltr'>ipse</span> <span class='ocrx_word' id='word_1_77' title='bbox 1069 1189 1271 1280; x_wconf 77' lang='lat' dir='ltr'>confideret,</span> <span class='ocrx_word' id='word_1_78' title='bbox 1293 1193 1388 1283; x_wconf 81' lang='lat' dir='ltr'>magis</span> 
     </span>
     <span class='ocr_line' id='line_1_11' title="bbox 273 1287 1388 1386; baseline -0.004 -22"><span class='ocrx_word' id='word_1_79' title='bbox 273 1288 433 1384; x_wconf 85' lang='lat' dir='ltr'>siquidem</span> <span class='ocrx_word' id='word_1_80' title='bbox 449 1287 604 1362; x_wconf 77' lang='lat' dir='ltr'>custodes</span> <span class='ocrx_word' id='word_1_81' title='bbox 622 1311 665 1360; x_wconf 90' lang='lat' dir='ltr'>na</span> <span class='ocrx_word' id='word_1_82' title='bbox 684 1290 807 1381; x_wconf 67' lang='lat' dir='ltr'>lugiet.</span> <span class='ocrx_word' id='word_1_83' title='bbox 832 1312 929 1386; x_wconf 90' lang='lat' dir='ltr'>quam</span> <span class='ocrx_word' id='word_1_84' title='bbox 955 1288 1153 1363; x_wconf 83' lang='lat' dir='ltr'>famulantes</span> <span class='ocrx_word' id='word_1_85' title='bbox 1178 1300 1215 1360; x_wconf 93' lang='lat' dir='ltr'>ut</span> <span class='ocrx_word' id='word_1_86' title='bbox 1244 1291 1388 1362; x_wconf 76' lang='lat' dir='ltr'>serviant</span> 
     </span>
     <span class='ocr_line' id='line_1_12' title="bbox 273 1385 1390 1476; baseline 0 -18"><span class='ocrx_word' id='word_1_87' title='bbox 273 1386 367 1476; x_wconf 85' lang='lat' dir='ltr'>Quod</span> <span class='ocrx_word' id='word_1_88' title='bbox 384 1385 577 1462; x_wconf 86' lang='lat' dir='ltr'>blaniredus</span> <span class='ocrx_word' id='word_1_89' title='bbox 595 1386 864 1462; x_wconf 89' lang='lat' dir='ltr'>animadvertens</span> <span class='ocrx_word' id='word_1_90' title='bbox 882 1399 916 1460; x_wconf 91' lang='lat' dir='ltr'>et</span> <span class='ocrx_word' id='word_1_91' title='bbox 932 1399 1097 1462; x_wconf 88' lang='lat' dir='ltr'>secretum</span> <span class='ocrx_word' id='word_1_92' title='bbox 1108 1409 1205 1462; x_wconf 89' lang='lat' dir='ltr'>suurn</span> <span class='ocrx_word' id='word_1_93' title='bbox 1216 1388 1390 1461; x_wconf 86' lang='lat' dir='ltr'>revelatum</span> 
     </span>
    </p>

    <p class='ocr_par' dir='ltr' id='par_1_4' title="bbox 271 1481 1391 1773">
     <span class='ocr_line' id='line_1_13' title="bbox 272 1481 1391 1580; baseline -0.003 -22"><span class='ocrx_word' id='word_1_94' title='bbox 272 1487 317 1558; x_wconf 92' lang='lat' dir='ltr'>illi</span> <span class='ocrx_word' id='word_1_95' title='bbox 334 1485 406 1557; x_wconf 90' lang='lat' dir='ltr'>fore</span> <span class='ocrx_word' id='word_1_96' title='bbox 417 1487 597 1576; x_wconf 70' lang='lat' dir='ltr'>coniciens,</span> <span class='ocrx_word' id='word_1_97' title='bbox 610 1485 791 1558; x_wconf 86' lang='lat' dir='ltr'>Corradum</span> <span class='ocrx_word' id='word_1_98' title='bbox 801 1485 954 1560; x_wconf 90' lang='lat' dir='ltr'>occidere</span> <span class='ocrx_word' id='word_1_99' title='bbox 967 1491 1101 1580; x_wconf 77' lang='lat' dir='ltr'>cogitat,</span> <span class='ocrx_word' id='word_1_100' title='bbox 1112 1507 1156 1558; x_wconf 89' lang='lat' dir='ltr'>ne</span> <span class='ocrx_word' id='word_1_101' title='bbox 1166 1481 1208 1556; x_wconf 88' lang='lat' dir='ltr'>ab</span> <span class='ocrx_word' id='word_1_102' title='bbox 1221 1485 1279 1558; x_wconf 94' lang='lat' dir='ltr'>illo</span> <span class='ocrx_word' id='word_1_103' title='bbox 1288 1493 1391 1580; x_wconf 87' lang='lat' dir='ltr'>posset</span> 
     </span>
     <span class='ocr_line' id='line_1_14' title="bbox 271 1580 1391 1679; baseline -0.002 -23"><span class='ocrx_word' id='word_1_104' title='bbox 271 1582 399 1660; x_wconf 87' lang='lat' dir='ltr'>occidi.¹</span> <span class='ocrx_word' id='word_1_105' title='bbox 438 1582 636 1658; x_wconf 88' lang='lat' dir='ltr'>Hecautem</span> <span class='ocrx_word' id='word_1_106' title='bbox 653 1583 767 1656; x_wconf 92' lang='lat' dir='ltr'>abillo</span> <span class='ocrx_word' id='word_1_107' title='bbox 784 1583 908 1676; x_wconf 68' lang='lat' dir='ltr'>audivi.</span> <span class='ocrx_word' id='word_1_108' title='bbox 932 1586 983 1657; x_wconf 88' lang='lat' dir='ltr'>cui</span> <span class='ocrx_word' id='word_1_109' title='bbox 1002 1587 1154 1674; x_wconf 70' lang='lat' dir='ltr'>nuntius,</span> <span class='ocrx_word' id='word_1_110' title='bbox 1178 1587 1234 1679; x_wconf 86' lang='lat' dir='ltr'>qui</span> <span class='ocrx_word' id='word_1_111' title='bbox 1257 1580 1391 1655; x_wconf 83' lang='lat' dir='ltr'>(lorrado</span> 
     </span>
     <span class='ocr_line' id='line_1_15' title="bbox 274 1681 730 1773; baseline 0 -19"><span class='ocrx_word' id='word_1_112' title='bbox 274 1681 387 1757; x_wconf 88' lang='lat' dir='ltr'>detulit</span> <span class='ocrx_word' id='word_1_113' title='bbox 400 1682 538 1773; x_wconf 73' lang='lat' dir='ltr'>litteras.</span> <span class='ocrx_word' id='word_1_114' title='bbox 555 1682 730 1757; x_wconf 83' lang='lat' dir='ltr'>revelavit.</span> 
     </span>
    </p>

    <p class='ocr_par' dir='ltr' id='par_1_5' title="bbox 264 1777 1395 4130">
     <span class='ocr_line' id='line_1_16' title="bbox 320 1777 1392 1875; baseline 0 -23"><span class='ocrx_word' id='word_1_115' title='bbox 320 1777 512 1854; x_wconf 86' lang='lat' dir='ltr'>Manfredus</span> <span class='ocrx_word' id='word_1_116' title='bbox 530 1790 759 1875; x_wconf 89' lang='lat' dir='ltr'>postmortem</span> <span class='ocrx_word' id='word_1_117' title='bbox 777 1779 913 1854; x_wconf 83' lang='lat' dir='ltr'>Corradi</span> <span class='ocrx_word' id='word_1_118' title='bbox 929 1782 1214 1874; x_wconf 85' lang='lat' dir='ltr'>regnuminvasit.</span> <span class='ocrx_word' id='word_1_119' title='bbox 1243 1779 1392 1853; x_wconf 87' lang='lat' dir='ltr'>llicenim</span> 
     </span>
     <span class='ocr_line' id='line_1_17' title="bbox 271 1875 1393 1972; baseline -0.002 -22"><span class='ocrx_word' id='word_1_120' title='bbox 271 1901 337 1952; x_wconf 93' lang='lat' dir='ltr'>non</span> <span class='ocrx_word' id='word_1_121' title='bbox 354 1877 414 1950; x_wconf 87' lang='lat' dir='ltr'>luit</span> <span class='ocrx_word' id='word_1_122' title='bbox 429 1880 609 1971; x_wconf 68' lang='lat' dir='ltr'>legitimus.</span> <span class='ocrx_word' id='word_1_123' title='bbox 627 1877 687 1950; x_wconf 91' lang='lat' dir='ltr'>sed</span> <span class='ocrx_word' id='word_1_124' title='bbox 702 1883 789 1953; x_wconf 93' lang='lat' dir='ltr'>inter</span> <span class='ocrx_word' id='word_1_125' title='bbox 804 1880 991 1972; x_wconf 87' lang='lat' dir='ltr'>illegitimos</span> <span class='ocrx_word' id='word_1_126' title='bbox 1008 1875 1146 1952; x_wconf 90' lang='lat' dir='ltr'>nobilior</span> <span class='ocrx_word' id='word_1_127' title='bbox 1162 1877 1231 1952; x_wconf 85' lang='lat' dir='ltr'>fuit.</span> <span class='ocrx_word' id='word_1_128' title='bbox 1259 1880 1393 1968; x_wconf 86' lang='lat' dir='ltr'>Quatuor</span> 
     </span>
     <span class='ocr_line' id='line_1_18' title="bbox 272 1974 1393 2069; baseline 0 -21"><span class='ocrx_word' id='word_1_129' title='bbox 272 1979 359 2048; x_wconf 91' lang='lat' dir='ltr'>enim</span> <span class='ocrx_word' id='word_1_130' title='bbox 376 1977 564 2068; x_wconf 88' lang='lat' dir='ltr'>illegitimos</span> <span class='ocrx_word' id='word_1_131' title='bbox 589 1975 674 2050; x_wconf 91' lang='lat' dir='ltr'>lilios</span> <span class='ocrx_word' id='word_1_132' title='bbox 701 1974 812 2049; x_wconf 92' lang='lat' dir='ltr'>babuit</span> <span class='ocrx_word' id='word_1_133' title='bbox 834 1975 1041 2050; x_wconf 87' lang='lat' dir='ltr'>Fredericns.</span> <span class='ocrx_word' id='word_1_134' title='bbox 1080 1975 1189 2048; x_wconf 94' lang='lat' dir='ltr'>Unum</span> <span class='ocrx_word' id='word_1_135' title='bbox 1217 1978 1333 2069; x_wconf 87' lang='lat' dir='ltr'>genuit</span> <span class='ocrx_word' id='word_1_136' title='bbox 1356 1997 1393 2048; x_wconf 83' lang='lat' dir='ltr'>ex</span> 
     </span>
     <span class='ocr_line' id='line_1_19' title="bbox 271 2071 1393 2170; baseline 0.002 -24"><span class='ocrx_word' id='word_1_137' title='bbox 271 2071 411 2169; x_wconf 87' lang='lat' dir='ltr'>quadam</span> <span class='ocrx_word' id='word_1_138' title='bbox 427 2071 525 2146; x_wconf 90' lang='lat' dir='ltr'>nobili</span> <span class='ocrx_word' id='word_1_139' title='bbox 544 2077 723 2164; x_wconf 66' lang='lat' dir='ltr'>comitissa.</span> <span class='ocrx_word' id='word_1_140' title='bbox 741 2097 805 2170; x_wconf 91' lang='lat' dir='ltr'>que</span> <span class='ocrx_word' id='word_1_141' title='bbox 822 2077 855 2147; x_wconf 96' lang='lat' dir='ltr'>in</span> <span class='ocrx_word' id='word_1_142' title='bbox 872 2097 979 2168; x_wconf 89' lang='lat' dir='ltr'>regno</span> <span class='ocrx_word' id='word_1_143' title='bbox 991 2074 1102 2147; x_wconf 86' lang='lat' dir='ltr'>Sicilie</span> <span class='ocrx_word' id='word_1_144' title='bbox 1120 2084 1193 2145; x_wconf 91' lang='lat' dir='ltr'>erat</span> <span class='ocrx_word' id='word_1_145' title='bbox 1208 2073 1322 2164; x_wconf 75' lang='lat' dir='ltr'>heres.</span> <span class='ocrx_word' id='word_1_146' title='bbox 1348 2076 1393 2168; x_wconf 85' lang='lat' dir='ltr'>tpi</span> 
     </span>
     <span class='ocr_line' id='line_1_20' title="bbox 270 2170 1394 2260; baseline 0 -18"><span class='ocrx_word' id='word_1_147' title='bbox 270 2171 375 2244; x_wconf 89' lang='lat' dir='ltr'>dictus</span> <span class='ocrx_word' id='word_1_148' title='bbox 392 2183 444 2245; x_wconf 89' lang='lat' dir='ltr'>cst</span> <span class='ocrx_word' id='word_1_149' title='bbox 459 2171 665 2246; x_wconf 88' lang='lat' dir='ltr'>Frederious.</span> <span class='ocrx_word' id='word_1_150' title='bbox 701 2173 764 2246; x_wconf 89' lang='lat' dir='ltr'>Hic</span> <span class='ocrx_word' id='word_1_151' title='bbox 779 2184 884 2246; x_wconf 90' lang='lat' dir='ltr'>matre</span> <span class='ocrx_word' id='word_1_152' title='bbox 894 2177 958 2246; x_wconf 91' lang='lat' dir='ltr'>iam</span> <span class='ocrx_word' id='word_1_153' title='bbox 976 2183 1116 2260; x_wconf 69' lang='lat' dir='ltr'>monna,</span> <span class='ocrx_word' id='word_1_154' title='bbox 1132 2170 1257 2244; x_wconf 83' lang='lat' dir='ltr'>videns</span> <span class='ocrx_word' id='word_1_155' title='bbox 1268 2194 1307 2246; x_wconf 87' lang='lat' dir='ltr'>se</span> <span class='ocrx_word' id='word_1_156' title='bbox 1325 2194 1394 2244; x_wconf 88' lang='lat' dir='ltr'>ma-</span> 
     </span>
     <span class='ocr_line' id='line_1_21' title="bbox 270 2269 1394 2367; baseline -0.001 -25"><span class='ocrx_word' id='word_1_157' title='bbox 270 2281 363 2344; x_wconf 86' lang='lat' dir='ltr'>terna</span> <span class='ocrx_word' id='word_1_158' title='bbox 384 2274 598 2346; x_wconf 85' lang='lat' dir='ltr'>successione</span> <span class='ocrx_word' id='word_1_159' title='bbox 615 2274 798 2365; x_wconf 70' lang='lat' dir='ltr'>privatum.</span> <span class='ocrx_word' id='word_1_160' title='bbox 822 2281 856 2342; x_wconf 87' lang='lat' dir='ltr'>et</span> <span class='ocrx_word' id='word_1_161' title='bbox 881 2269 994 2343; x_wconf 90' lang='lat' dir='ltr'>baberi</span> <span class='ocrx_word' id='word_1_162' title='bbox 1022 2280 1057 2344; x_wconf 89' lang='lat' dir='ltr'>ut</span> <span class='ocrx_word' id='word_1_163' title='bbox 1080 2273 1250 2366; x_wconf 75' lang='lat' dir='ltr'>sputum,</span> <span class='ocrx_word' id='word_1_164' title='bbox 1278 2280 1394 2367; x_wconf 88' lang='lat' dir='ltr'>patrem</span> 
     </span>
     <span class='ocr_line' id='line_1_22' title="bbox 270 2366 1394 2462; baseline -0.002 -22"><span class='ocrx_word' id='word_1_165' title='bbox 270 2367 423 2440; x_wconf 87' lang='lat' dir='ltr'>occidere</span> <span class='ocrx_word' id='word_1_166' title='bbox 441 2366 613 2462; x_wconf 85' lang='lat' dir='ltr'>cogitabat.</span> <span class='ocrx_word' id='word_1_167' title='bbox 633 2366 703 2442; x_wconf 87' lang='lat' dir='ltr'>Sed</span> <span class='ocrx_word' id='word_1_168' title='bbox 720 2391 795 2442; x_wconf 87' lang='lat' dir='ltr'>eum</span> <span class='ocrx_word' id='word_1_169' title='bbox 810 2368 875 2440; x_wconf 92' lang='lat' dir='ltr'>hoo</span> <span class='ocrx_word' id='word_1_170' title='bbox 886 2369 1012 2442; x_wconf 89' lang='lat' dir='ltr'>cuidam</span> <span class='ocrx_word' id='word_1_171' title='bbox 1025 2390 1086 2442; x_wconf 91' lang='lat' dir='ltr'>suo</span> <span class='ocrx_word' id='word_1_172' title='bbox 1101 2371 1286 2442; x_wconf 87' lang='lat' dir='ltr'>secretario</span> <span class='ocrx_word' id='word_1_173' title='bbox 1295 2389 1394 2442; x_wconf 87' lang='lat' dir='ltr'>reve-</span> 
     </span>
     <span class='ocr_line' id='line_1_23' title="bbox 269 2465 1393 2562; baseline -0.004 -22"><span class='ocrx_word' id='word_1_174' title='bbox 269 2467 393 2556; x_wconf 70' lang='lat' dir='ltr'>lasset.</span> <span class='ocrx_word' id='word_1_175' title='bbox 421 2471 538 2538; x_wconf 88' lang='lat' dir='ltr'>timens</span> <span class='ocrx_word' id='word_1_176' title='bbox 562 2467 706 2539; x_wconf 87' lang='lat' dir='ltr'>revelari</span> <span class='ocrx_word' id='word_1_177' title='bbox 732 2465 795 2539; x_wconf 93' lang='lat' dir='ltr'>hoc</span> <span class='ocrx_word' id='word_1_178' title='bbox 819 2470 914 2562; x_wconf 67' lang='lat' dir='ltr'>patri,</span> <span class='ocrx_word' id='word_1_179' title='bbox 938 2465 980 2538; x_wconf 94' lang='lat' dir='ltr'>ad</span> <span class='ocrx_word' id='word_1_180' title='bbox 1003 2487 1120 2558; x_wconf 86' lang='lat' dir='ltr'>regem</span> <span class='ocrx_word' id='word_1_181' title='bbox 1145 2465 1294 2561; x_wconf 88' lang='lat' dir='ltr'>Yspanie</span> <span class='ocrx_word' id='word_1_182' title='bbox 1311 2467 1393 2558; x_wconf 81' lang='lat' dir='ltr'>fugit</span> 
     </span>
     <span class='ocr_line' id='line_1_24' title="bbox 270 2563 1395 2660; baseline 0.001 -25"><span class='ocrx_word' id='word_1_183' title='bbox 270 2564 338 2636; x_wconf 88' lang='lat' dir='ltr'>Sed</span> <span class='ocrx_word' id='word_1_184' title='bbox 356 2587 452 2660; x_wconf 88' lang='lat' dir='ltr'>quum</span> <span class='ocrx_word' id='word_1_185' title='bbox 471 2568 563 2637; x_wconf 86' lang='lat' dir='ltr'>citius</span> <span class='ocrx_word' id='word_1_186' title='bbox 581 2563 670 2649; x_wconf 74' lang='lat' dir='ltr'>obiit</span> <span class='ocrx_word' id='word_1_187' title='bbox 687 2575 721 2638; x_wconf 88' lang='lat' dir='ltr'>et</span> <span class='ocrx_word' id='word_1_188' title='bbox 737 2567 829 2660; x_wconf 89' lang='lat' dir='ltr'>quasi</span> <span class='ocrx_word' id='word_1_189' title='bbox 848 2577 944 2639; x_wconf 88' lang='lat' dir='ltr'>notus</span> <span class='ocrx_word' id='word_1_190' title='bbox 961 2589 1027 2638; x_wconf 94' lang='lat' dir='ltr'>non</span> <span class='ocrx_word' id='word_1_191' title='bbox 1040 2564 1149 2652; x_wconf 62' lang='lat' dir='ltr'>fuerit,</span> <span class='ocrx_word' id='word_1_192' title='bbox 1167 2567 1268 2658; x_wconf 88' lang='lat' dir='ltr'>periit</span> <span class='ocrx_word' id='word_1_193' title='bbox 1283 2585 1395 2637; x_wconf 90' lang='lat' dir='ltr'>nomen</span> 
     </span>
     <span class='ocr_line' id='line_1_25' title="bbox 270 2660 1394 2758; baseline -0.002 -25"><span class='ocrx_word' id='word_1_194' title='bbox 270 2665 352 2734; x_wconf 87' lang='lat' dir='ltr'>cius.</span> <span class='ocrx_word' id='word_1_195' title='bbox 390 2662 563 2737; x_wconf 86' lang='lat' dir='ltr'>Secundus</span> <span class='ocrx_word' id='word_1_196' title='bbox 581 2664 640 2734; x_wconf 86' lang='lat' dir='ltr'>luit</span> <span class='ocrx_word' id='word_1_197' title='bbox 661 2664 825 2752; x_wconf 75' lang='lat' dir='ltr'>Hentius.</span> <span class='ocrx_word' id='word_1_198' title='bbox 849 2686 945 2758; x_wconf 87' lang='lat' dir='ltr'>quem</span> <span class='ocrx_word' id='word_1_199' title='bbox 970 2686 1015 2734; x_wconf 85' lang='lat' dir='ltr'>ex</span> <span class='ocrx_word' id='word_1_200' title='bbox 1037 2660 1241 2734; x_wconf 88' lang='lat' dir='ltr'>Theotonico</span> <span class='ocrx_word' id='word_1_201' title='bbox 1269 2660 1394 2755; x_wconf 82' lang='lat' dir='ltr'>ignobili</span> 
     </span>
     <span class='ocr_line' id='line_1_26' title="bbox 271 2757 1394 2852; baseline -0.001 -21"><span class='ocrx_word' id='word_1_202' title='bbox 271 2765 398 2852; x_wconf 72' lang='lat' dir='ltr'>genuit,</span> <span class='ocrx_word' id='word_1_203' title='bbox 416 2764 500 2834; x_wconf 88' lang='lat' dir='ltr'>sicut</span> <span class='ocrx_word' id='word_1_204' title='bbox 516 2783 555 2833; x_wconf 91' lang='lat' dir='ltr'>su</span> <span class='ocrx_word' id='word_1_205' title='bbox 579 2765 666 2834; x_wconf 90' lang='lat' dir='ltr'>en&#39;or</span> <span class='ocrx_word' id='word_1_206' title='bbox 682 2765 747 2833; x_wconf 90' lang='lat' dir='ltr'>iam</span> <span class='ocrx_word' id='word_1_207' title='bbox 765 2771 874 2836; x_wconf 83' lang='lat' dir='ltr'>textus</span> <span class='ocrx_word' id='word_1_208' title='bbox 892 2760 1028 2846; x_wconf 83' lang='lat' dir='ltr'>edocuit.</span> <span class='ocrx_word' id='word_1_209' title='bbox 1054 2757 1294 2832; x_wconf 86' lang='lat' dir='ltr'>Exbacetiam</span> <span class='ocrx_word' id='word_1_210' title='bbox 1306 2759 1394 2832; x_wconf 89' lang='lat' dir='ltr'>liliam</span> 
     </span>
     <span class='ocr_line' id='line_1_27' title="bbox 270 2785 1394 2952; baseline 0 -24"><span class='ocrx_word' id='word_1_211' title='bbox 270 2855 392 2946; x_wconf 73' lang='lat' dir='ltr'>babuit,</span> <span class='ocrx_word' id='word_1_212' title='bbox 410 2881 506 2952; x_wconf 91' lang='lat' dir='ltr'>quam</span> <span class='ocrx_word' id='word_1_213' title='bbox 524 2785 697 2933; x_wconf 83' lang='lat' dir='ltr'>Ubertino²</span> <span class='ocrx_word' id='word_1_214' title='bbox 716 2858 893 2933; x_wconf 90' lang='lat' dir='ltr'>marchioni</span> <span class='ocrx_word' id='word_1_215' title='bbox 913 2857 955 2930; x_wconf 92' lang='lat' dir='ltr'>de</span> <span class='ocrx_word' id='word_1_216' title='bbox 966 2857 1103 2931; x_wconf 86' lang='lat' dir='ltr'>Carreto</span> <span class='ocrx_word' id='word_1_217' title='bbox 1121 2860 1394 2930; x_wconf 85' lang='lat' dir='ltr'>matrimonium-</span> 
     </span>
     <span class='ocr_line' id='line_1_28' title="bbox 270 2953 1394 3054; baseline 0.002 -28"><span class='ocrx_word' id='word_1_218' title='bbox 270 2954 403 3048; x_wconf 91' lang='lat' dir='ltr'>pulavit.</span> <span class='ocrx_word' id='word_1_219' title='bbox 446 2957 575 3028; x_wconf 88' lang='lat' dir='ltr'>Tertius</span> <span class='ocrx_word' id='word_1_220' title='bbox 593 2955 651 3028; x_wconf 90' lang='lat' dir='ltr'>iuit</span> <span class='ocrx_word' id='word_1_221' title='bbox 667 2957 876 3048; x_wconf 72' lang='lat' dir='ltr'>Freden&#39;cus,</span> <span class='ocrx_word' id='word_1_222' title='bbox 894 2960 947 3054; x_wconf 89' lang='lat' dir='ltr'>qui</span> <span class='ocrx_word' id='word_1_223' title='bbox 964 2957 1007 3028; x_wconf 93' lang='lat' dir='ltr'>de</span> <span class='ocrx_word' id='word_1_224' title='bbox 1023 2953 1198 3028; x_wconf 85' lang='lat' dir='ltr'>Antiochia</span> <span class='ocrx_word' id='word_1_225' title='bbox 1216 2955 1324 3028; x_wconf 87' lang='lat' dir='ltr'>dictus</span> <span class='ocrx_word' id='word_1_226' title='bbox 1340 2965 1394 3042; x_wconf 81' lang='lat' dir='ltr'>est</span> 
     </span>
     <span class='ocr_line' id='line_1_29' title="bbox 270 3051 1395 3148; baseline 0 -25"><span class='ocrx_word' id='word_1_227' title='bbox 270 3074 312 3125; x_wconf 94' lang='lat' dir='ltr'>eo</span> <span class='ocrx_word' id='word_1_228' title='bbox 330 3052 416 3148; x_wconf 93' lang='lat' dir='ltr'>quod</span> <span class='ocrx_word' id='word_1_229' title='bbox 434 3053 605 3128; x_wconf 87' lang='lat' dir='ltr'>Antiocbia</span> <span class='ocrx_word' id='word_1_230' title='bbox 622 3054 705 3129; x_wconf 90' lang='lat' dir='ltr'>dicta</span> <span class='ocrx_word' id='word_1_231' title='bbox 722 3055 783 3128; x_wconf 84' lang='lat' dir='ltr'>luit</span> <span class='ocrx_word' id='word_1_232' title='bbox 800 3065 906 3128; x_wconf 89' lang='lat' dir='ltr'>mater</span> <span class='ocrx_word' id='word_1_233' title='bbox 930 3059 1011 3128; x_wconf 90' lang='lat' dir='ltr'>eius.</span> <span class='ocrx_word' id='word_1_234' title='bbox 1055 3055 1197 3142; x_wconf 84' lang='lat' dir='ltr'>Quartus</span> <span class='ocrx_word' id='word_1_235' title='bbox 1225 3058 1331 3125; x_wconf 83' lang='lat' dir='ltr'>extitit</span> <span class='ocrx_word' id='word_1_236' title='bbox 1351 3051 1395 3123; x_wconf 90' lang='lat' dir='ltr'>bio</span> 
     </span>
     <span class='ocr_line' id='line_1_30' title="bbox 270 3149 1393 3246; baseline -0.002 -22"><span class='ocrx_word' id='word_1_237' title='bbox 270 3149 485 3243; x_wconf 64' lang='lat' dir='ltr'>blaufredus.</span> <span class='ocrx_word' id='word_1_238' title='bbox 515 3173 613 3246; x_wconf 87' lang='lat' dir='ltr'>quem</span> <span class='ocrx_word' id='word_1_239' title='bbox 637 3177 683 3226; x_wconf 82' lang='lat' dir='ltr'>ex</span> <span class='ocrx_word' id='word_1_240' title='bbox 706 3175 820 3227; x_wconf 90' lang='lat' dir='ltr'>sorore</span> <span class='ocrx_word' id='word_1_241' title='bbox 838 3152 1035 3227; x_wconf 87' lang='lat' dir='ltr'>marchionis</span> <span class='ocrx_word' id='word_1_242' title='bbox 1061 3151 1194 3223; x_wconf 89' lang='lat' dir='ltr'>Lanoee</span> <span class='ocrx_word' id='word_1_243' title='bbox 1212 3153 1393 3245; x_wconf 65' lang='lat' dir='ltr'>genemvit,</span> 
     </span>
     <span class='ocr_line' id='line_1_31' title="bbox 270 3248 1393 3344; baseline -0.004 -22"><span class='ocrx_word' id='word_1_244' title='bbox 270 3272 333 3344; x_wconf 89' lang='lat' dir='ltr'>que</span> <span class='ocrx_word' id='word_1_245' title='bbox 354 3251 418 3322; x_wconf 87' lang='lat' dir='ltr'>lilio</span> <span class='ocrx_word' id='word_1_246' title='bbox 436 3249 567 3322; x_wconf 89' lang='lat' dir='ltr'>domine</span> <span class='ocrx_word' id='word_1_247' title='bbox 583 3248 707 3325; x_wconf 90' lang='lat' dir='ltr'>Blance</span> <span class='ocrx_word' id='word_1_248' title='bbox 724 3252 791 3323; x_wconf 90' lang='lat' dir='ltr'>luit.</span> <span class='ocrx_word' id='word_1_249' title='bbox 817 3250 912 3325; x_wconf 90' lang='lat' dir='ltr'>llanc</span> <span class='ocrx_word' id='word_1_250' title='bbox 928 3254 1062 3324; x_wconf 92' lang='lat' dir='ltr'>nimium</span> <span class='ocrx_word' id='word_1_251' title='bbox 1078 3252 1258 3344; x_wconf 86' lang='lat' dir='ltr'>imperator</span> <span class='ocrx_word' id='word_1_252' title='bbox 1269 3251 1393 3334; x_wconf 72' lang='lat' dir='ltr'>amam.</span> 
     </span>
     <span class='ocr_line' id='line_1_32' title="bbox 269 3345 1393 3440; baseline -0.001 -23"><span class='ocrx_word' id='word_1_253' title='bbox 269 3351 311 3418; x_wconf 91' lang='lat' dir='ltr'>ita</span> <span class='ocrx_word' id='word_1_254' title='bbox 330 3351 414 3420; x_wconf 90' lang='lat' dir='ltr'>utin</span> <span class='ocrx_word' id='word_1_255' title='bbox 432 3351 544 3420; x_wconf 90' lang='lat' dir='ltr'>mortis</span> <span class='ocrx_word' id='word_1_256' title='bbox 555 3350 690 3422; x_wconf 88' lang='lat' dir='ltr'>articulo</span> <span class='ocrx_word' id='word_1_257' title='bbox 702 3353 887 3440; x_wconf 70' lang='lat' dir='ltr'>mortius.</span> <span class='ocrx_word' id='word_1_258' title='bbox 904 3370 979 3421; x_wconf 93' lang='lat' dir='ltr'>cum</span> <span class='ocrx_word' id='word_1_259' title='bbox 990 3371 1064 3422; x_wconf 90' lang='lat' dir='ltr'>eam</span> <span class='ocrx_word' id='word_1_260' title='bbox 1080 3351 1114 3420; x_wconf 92' lang='lat' dir='ltr'>in</span> <span class='ocrx_word' id='word_1_261' title='bbox 1130 3349 1203 3440; x_wconf 89' lang='lat' dir='ltr'>ipsa</span> <span class='ocrx_word' id='word_1_262' title='bbox 1215 3345 1393 3440; x_wconf 88' lang='lat' dir='ltr'>egritudine</span> 
     </span>
     <span class='ocr_line' id='line_1_33' title="bbox 270 3444 1393 3535; baseline -0.004 -19"><span class='ocrx_word' id='word_1_263' title='bbox 270 3448 450 3533; x_wconf 72' lang='lat' dir='ltr'>visitasset.</span> <span class='ocrx_word' id='word_1_264' title='bbox 468 3444 675 3520; x_wconf 78' lang='lat' dir='ltr'>confortasse</span> <span class='ocrx_word' id='word_1_265' title='bbox 694 3446 757 3520; x_wconf 91' lang='lat' dir='ltr'>biis</span> <span class='ocrx_word' id='word_1_266' title='bbox 776 3445 888 3520; x_wconf 90' lang='lat' dir='ltr'>verbis</span> <span class='ocrx_word' id='word_1_267' title='bbox 906 3446 1032 3535; x_wconf 69' lang='lat' dir='ltr'>dicium.</span> <span class='ocrx_word' id='word_1_268' title='bbox 1049 3446 1184 3517; x_wconf 90' lang='lat' dir='ltr'>diceus:</span> <span class='ocrx_word' id='word_1_269' title='bbox 1214 3447 1393 3528; x_wconf 74' lang='lat' dir='ltr'>Comama,</span> 
     </span>
     <span class='ocr_line' id='line_1_34' title="bbox 270 3545 1393 3636; baseline -0.002 -22"><span class='ocrx_word' id='word_1_270' title='bbox 270 3546 391 3614; x_wconf 84' lang='lat' dir='ltr'>dilecto</span> <span class='ocrx_word' id='word_1_271' title='bbox 405 3548 459 3634; x_wconf 85' lang='lat' dir='ltr'>mi,</span> <span class='ocrx_word' id='word_1_272' title='bbox 477 3551 510 3614; x_wconf 85' lang='lat' dir='ltr'>et</span> <span class='ocrx_word' id='word_1_273' title='bbox 524 3545 634 3636; x_wconf 83' lang='lat' dir='ltr'>lature,</span> <span class='ocrx_word' id='word_1_274' title='bbox 653 3549 733 3634; x_wconf 82' lang='lat' dir='ltr'>quic</span> <span class='ocrx_word' id='word_1_275' title='bbox 749 3549 779 3616; x_wconf 80' lang='lat' dir='ltr'>si</span> <span class='ocrx_word' id='word_1_276' title='bbox 794 3545 897 3632; x_wconf 75' lang='lat' dir='ltr'>suerii</span> <span class='ocrx_word' id='word_1_277' title='bbox 914 3545 1071 3635; x_wconf 83' lang='lat' dir='ltr'>liberato,</span> <span class='ocrx_word' id='word_1_278' title='bbox 1088 3547 1124 3614; x_wconf 84' lang='lat' dir='ltr'>io</span> <span class='ocrx_word' id='word_1_279' title='bbox 1136 3553 1321 3614; x_wconf 73' lang='lat' dir='ltr'>consortem</span> <span class='ocrx_word' id='word_1_280' title='bbox 1336 3547 1393 3611; x_wconf 81' lang='lat' dir='ltr'>im-</span> 
     </span>
     <span class='ocr_line' id='line_1_35' title="bbox 264 3638 1392 3731; baseline -0.002 -19"><span class='ocrx_word' id='word_1_281' title='bbox 264 3646 355 3731; x_wconf 79' lang='lat' dir='ltr'>perii</span> <span class='ocrx_word' id='word_1_282' title='bbox 373 3651 403 3714; x_wconf 88' lang='lat' dir='ltr'>te</span> <span class='ocrx_word' id='word_1_283' title='bbox 420 3661 592 3713; x_wconf 70' lang='lat' dir='ltr'>motmunt.</span> <span class='ocrx_word' id='word_1_284' title='bbox 630 3643 685 3715; x_wconf 81' lang='lat' dir='ltr'>Ex</span> <span class='ocrx_word' id='word_1_285' title='bbox 701 3642 763 3715; x_wconf 93' lang='lat' dir='ltr'>boc</span> <span class='ocrx_word' id='word_1_286' title='bbox 779 3643 997 3716; x_wconf 85' lang='lat' dir='ltr'>consolatorio</span> <span class='ocrx_word' id='word_1_287' title='bbox 1014 3638 1119 3713; x_wconf 88' lang='lat' dir='ltr'>verbo</span> <span class='ocrx_word' id='word_1_288' title='bbox 1137 3639 1336 3713; x_wconf 84' lang='lat' dir='ltr'>diffamatum</span> <span class='ocrx_word' id='word_1_289' title='bbox 1349 3648 1392 3710; x_wconf 89' lang='lat' dir='ltr'>est</span> 
     </span>
     <span class='ocr_line' id='line_1_36' title="bbox 269 3739 1392 3835; baseline -0.004 -25"><span class='ocrx_word' id='word_1_290' title='bbox 269 3739 355 3835; x_wconf 87' lang='lat' dir='ltr'>apud</span> <span class='ocrx_word' id='word_1_291' title='bbox 373 3740 505 3829; x_wconf 71' lang='lat' dir='ltr'>multos.</span> <span class='ocrx_word' id='word_1_292' title='bbox 523 3741 609 3834; x_wconf 86' lang='lat' dir='ltr'>quod</span> <span class='ocrx_word' id='word_1_293' title='bbox 626 3740 687 3814; x_wconf 91' lang='lat' dir='ltr'>sibi</span> <span class='ocrx_word' id='word_1_294' title='bbox 703 3763 777 3812; x_wconf 88' lang='lat' dir='ltr'>eam</span> <span class='ocrx_word' id='word_1_295' title='bbox 793 3746 825 3812; x_wconf 91' lang='lat' dir='ltr'>in</span> <span class='ocrx_word' id='word_1_296' title='bbox 844 3751 948 3812; x_wconf 90' lang='lat' dir='ltr'>morte</span> <span class='ocrx_word' id='word_1_297' title='bbox 959 3761 1098 3813; x_wconf 87' lang='lat' dir='ltr'>uxorem</span> <span class='ocrx_word' id='word_1_298' title='bbox 1110 3739 1271 3830; x_wconf 66' lang='lat' dir='ltr'>effecerit,</span> <span class='ocrx_word' id='word_1_299' title='bbox 1290 3746 1392 3834; x_wconf 87' lang='lat' dir='ltr'>sicque</span> 
     </span>
     <span class='ocr_line' id='line_1_37' title="bbox 268 3837 1390 3934; baseline -0.004 -26"><span class='ocrx_word' id='word_1_300' title='bbox 268 3837 478 3909; x_wconf 88' lang='lat' dir='ltr'>Manlredum</span> <span class='ocrx_word' id='word_1_301' title='bbox 495 3860 555 3934; x_wconf 89' lang='lat' dir='ltr'>per</span> <span class='ocrx_word' id='word_1_302' title='bbox 572 3861 781 3934; x_wconf 84' lang='lat' dir='ltr'>consequens</span> <span class='ocrx_word' id='word_1_303' title='bbox 798 3840 1031 3930; x_wconf 88' lang='lat' dir='ltr'>legitimaverit</span> <span class='ocrx_word' id='word_1_304' title='bbox 1061 3849 1095 3910; x_wconf 90' lang='lat' dir='ltr'>et</span> <span class='ocrx_word' id='word_1_305' title='bbox 1116 3858 1281 3928; x_wconf 64' lang='lat' dir='ltr'>sororem.</span> <span class='ocrx_word' id='word_1_306' title='bbox 1305 3857 1390 3934; x_wconf 76' lang='lat' dir='ltr'>quam</span> 
     </span>
     <span class='ocr_line' id='line_1_38' title="bbox 268 3935 1391 4032; baseline 0 -28"><span class='ocrx_word' id='word_1_307' title='bbox 268 3935 408 4009; x_wconf 88' lang='lat' dir='ltr'>Vatacio</span> <span class='ocrx_word' id='word_1_308' title='bbox 424 3939 612 4032; x_wconf 89' lang='lat' dir='ltr'>imperatori</span> <span class='ocrx_word' id='word_1_309' title='bbox 628 3935 810 4010; x_wconf 86' lang='lat' dir='ltr'>Grecorum</span> <span class='ocrx_word' id='word_1_310' title='bbox 828 3935 958 4009; x_wconf 86' lang='lat' dir='ltr'>tradidit</span> <span class='ocrx_word' id='word_1_311' title='bbox 966 3939 1000 4008; x_wconf 93' lang='lat' dir='ltr'>in</span> <span class='ocrx_word' id='word_1_312' title='bbox 1013 3959 1162 4008; x_wconf 85' lang='lat' dir='ltr'>uxorem.</span> <span class='ocrx_word' id='word_1_313' title='bbox 1190 3936 1289 4008; x_wconf 87' lang='lat' dir='ltr'>Hunc</span> <span class='ocrx_word' id='word_1_314' title='bbox 1299 3935 1391 4007; x_wconf 88' lang='lat' dir='ltr'>blan-</span> 
     </span>
     <span class='ocr_line' id='line_1_39' title="bbox 267 4031 1391 4130; baseline -0.003 -26"><span class='ocrx_word' id='word_1_315' title='bbox 267 4031 396 4106; x_wconf 89' lang='lat' dir='ltr'>iredum</span> <span class='ocrx_word' id='word_1_316' title='bbox 413 4033 566 4107; x_wconf 86' lang='lat' dir='ltr'>defuncte</span> <span class='ocrx_word' id='word_1_317' title='bbox 584 4037 695 4110; x_wconf 90' lang='lat' dir='ltr'>matris</span> <span class='ocrx_word' id='word_1_318' title='bbox 712 4057 838 4126; x_wconf 67' lang='lat' dir='ltr'>amore.</span> <span class='ocrx_word' id='word_1_319' title='bbox 856 4055 953 4130; x_wconf 77' lang='lat' dir='ltr'>(pram</span> <span class='ocrx_word' id='word_1_320' title='bbox 969 4037 1102 4108; x_wconf 91' lang='lat' dir='ltr'>nimium</span> <span class='ocrx_word' id='word_1_321' title='bbox 1120 4033 1391 4128; x_wconf 23' lang='lat' dir='ltr'>adamavit-inter</span> 
     </span>
    </p>
   </div>
   <div class='ocr_carea' id='block_1_4' title="bbox 270 4181 1388 4310">
    <p class='ocr_par' dir='ltr' id='par_1_6' title="bbox 270 4181 1388 4310">
     <span class='ocr_line' id='line_1_40' title="bbox 270 4181 1388 4310; baseline 0.004 -73"><span class='ocrx_word' id='word_1_322' title='bbox 270 4269 287 4310; x_wconf 63' lang='lat' dir='ltr'>n</span> <span class='ocrx_word' id='word_1_323' title='bbox 317 4181 514 4309; x_wconf 52' lang='grc' dir='ltr'>1ίίωωιιίᾱίἰιε.</span> <span class='ocrx_word' id='word_1_324' title='bbox 550 4183 582 4254; x_wconf 76' lang='lat'>2)</span> <span class='ocrx_word' id='word_1_325' title='bbox 601 4183 682 4242; x_wconf 86' lang='lat' dir='ltr'>lalrob</span> <span class='ocrx_word' id='word_1_326' title='bbox 702 4186 768 4244; x_wconf 89' lang='lat' dir='ltr'>uach</span> <span class='ocrx_word' id='word_1_327' title='bbox 788 4183 845 4257; x_wconf 81' lang='lat' dir='ltr'>urin</span> <span class='ocrx_word' id='word_1_328' title='bbox 864 4183 891 4241; x_wconf 84' lang='lat' dir='ltr'>lr.</span> <span class='ocrx_word' id='word_1_329' title='bbox 910 4183 1060 4242; x_wconf 81' lang='lat' dir='ltr'>Friedriabs</span> <span class='ocrx_word' id='word_1_330' title='bbox 1084 4202 1110 4241; x_wconf 82' lang='lat' dir='ltr'>r.</span> <span class='ocrx_word' id='word_1_331' title='bbox 1138 4183 1210 4242; x_wconf 76' lang='lat' dir='ltr'>taus</span> <span class='ocrx_word' id='word_1_332' title='bbox 1233 4199 1297 4240; x_wconf 83' lang='lat' dir='ltr'>nov.</span> <span class='ocrx_word' id='word_1_333' title='bbox 1320 4195 1388 4254; x_wconf 69' lang='lat' dir='ltr'>regg·</span> 
     </span>
    </p>
   </div>
   <div class='ocr_carea' id='block_1_5' title="bbox 0 0 1496 4824">
    <p class='ocr_par' dir='ltr' id='par_1_7' title="bbox 0 0 1496 4824">
     <span class='ocr_line' id='line_1_41' title="bbox 0 0 1496 4824; baseline 0 0"><span class='ocrx_word' id='word_1_334' title='bbox 0 0 1496 4824; x_wconf 95' lang='lat' dir='ltr'> </span> 
     </span>
    </p>
   </div>
  </div>
 </body>
</html>
