3012 4820
523 227 868 292 maculosumounn.
1189 233 1256 307 591

131 407 294 501 distans,
311 408 370 480 luit
388 413 531 482 rursum¹
553 431 572 480 a
593 403 805 502 prudentibus
823 407 1014 497 eliensis,
1031 404 1116 500 quod
1134 403 1177 476 de
1189 407 1261 478 iure
1276 419 1346 476 1328

131 505 194 578 hoc
210 509 312 601 potuit
328 507 440 580 lucare
457 516 492 578 et
508 503 648 578 debebat
665 527 710 578 ex
727 527 781 594 eo,
799 505 885 600 quod
902 505 1056 598 seriptum
1074 513 1127 576 est
1149 507 1182 574 in
1199 525 1261 576 sa-

131 608 196 676 cris
214 603 394 678 canonibus
419 609 510 680 xxiii.
537 629 567 701 q.
587 627 621 677 v.
640 627 668 676 c.
687 605 863 692 Principes,
882 601 935 673 ubi
954 600 1080 691 dicitur,
1098 601 1183 695 quod
1200 623 1262 696 per

129 725 272 794 regnum
289 713 457 776 temanum
468 705 594 776 celeste
603 723 744 794 regnum
757 700 893 796 prolicit,
908 710 954 790 ut,
970 703 1023 794 qui
1034 703 1133 772 intra²
1145 701 1261 775 eoele-

130 803 213 872 siam
231 803 326 894 positi
344 813 456 874 contra
475 800 573 874 iidem
590 810 624 872 et
640 796 841 892 disciplinam
860 807 980 889 aguntq
1005 801 1117 890 rigore
1134 799 1261 893 princi-

129 919 207 991 pum
239 909 466 991 conterantur,
498 903 668 993 ipsamque
698 896 919 989 disciplinam
954 919 1050 989 quum
1079 895 1258 968 humilitasl

129 997 274 1068 ecclesie
290 1018 451 1070 exercere
468 1020 534 1070 non
547 997 650 1082 valet,
668 993 852 1066 corvicibus
871 991 1087 1088 superborum
1110 1003 1257 1088 potestas

128 1093 315 1186 principalis
332 1097 484 1190 imponat.
503 1095 576 1166 llee
591 1092 646 1181 ibi,
664 1101 697 1164 et
723 1101 798 1165 sunt
825 1090 928 1164 verba
953 1089 1102 1180 Ysidoriq
1125 1102 1161 1164 ut
1185 1090 1260 1163 dicit

129 1190 245 1280 glossa
261 1191 436 1281 ordinaria,
454 1189 539 1287 quod
554 1192 627 1263 laici
643 1189 762 1261 habent
779 1189 1034 1262 iuuisdictionem
1044 1190 1260 1284 multipliciter·

129 1290 213 1358 intra
232 1290 425 1363 ecelesiam:
445 1288 639 1384 quandoque
658 1289 722 1378 [in]
743 1291 908 1381 personis
927 1308 1001 1360 cum
1019 1296 1095 1360 sunt
1115 1290 1259 1360 incorri-

129 1383 262 1476 gibiles„
278 1389 355 1459 item
373 1388 567 1482 quandoque
584 1397 718 1480 pmpter
733 1382 957 1456 ambitionem4
974 1387 1122 1476 alicuiusa
1140 1397 1259 1458 utoum

128 1484 182 1576 qui
201 1484 332 1556 sciscit
347 1487 534 1557 intronizari
561 1484 649 1556 nulla
674 1484 836 1555 electione
866 1486 1022 1555 canonica
1046 1481 1259 1577 precedente

128 1581 206 1652 item
232 1604 306 1652 oum
330 1582 441 1654 clerici
469 1593 544 1655 sunt
570 1581 712 1672 falsarii,
737 1584 813 1651 item
837 1603 911 1651 cum
940 1583 1061 1654 scisma
1089 1582 1209 1652 faciunt
1227 1591 1261 1652 et

128 1683 508 1752 excommunicacionem
525 1689 775 1773 contempnunt,
794 1680 873 1749 item
890 1676 1074 1774 ubicunque
1093 1679 1259 1751 ecclesia-

128 1777 209 1846 stica
237 1788 384 1870 potestas
409 1776 517 1848 deficit
543 1786 578 1848 ut
605 1775 674 1868 hio,
702 1778 779 1850 item
805 1797 879 1847 cum
903 1773 1055 1847 tributum
1084 1786 1199 1870 petunt
1217 1774 1258 1846 ab

127 1873 280 1946 ecclesia.
306 1875 380 1948 llac
397 1876 520 1966 glossa.
546 1875 723 1962 Quiavero
741 1871 1259 1968 hicdelioiebatpotestaseocle-

127 1972 259 2044 siastiea
283 1971 386 2046 dictus
412 1977 588 2068 imperator
617 1972 686 2044 tulit
710 1974 912 2046 sentenciam
936 1981 1048 2046 contra
1076 1994 1170 2059 eum3
1195 1971 1258 2044 hoo

125 2065 213 2140 idem
230 2079 360 2143 notatur
375 2074 455 2143 xvii.
474 2069 515 2144 di.
534 2095 562 2143 c.
589 2069 629 2161 (1.
647 2069 725 2164 28.)
748 2072 815 2141 Nee
832 2073 931 2159 licuit,
949 2067 1001 2140 ubi
1027 2067 1154 2160 dicitur,
1172 2069 1258 2164 quod

126 2162 311 2261 ubicunque
327 2167 437 2240 delicit
453 2179 599 2263 potestas
618 2167 841 2242 ecclesiastica
868 2188 1000 2260 semper
1023 2166 1259 2239 recurrendum

126 2272 181 2334 est
196 2260 238 2333 ad
253 2262 420 2338 buccinium
438 2267 600 2340 seculare.

176 2359 426 2457 Subsequenter
441 2364 588 2460 prelatus
599 2363 700 2435 irater
716 2361 883 2434 Michael.
906 2416 913 2434 .
933 2417 940 2433 .
960 2418 968 2433 .

176 2457 216 2546 (1.
244 2459 321 2554 80.)
355 2462 437 2550 Quia
465 2484 549 2535 vero
573 2457 718 2556 predicte
745 2458 859 2532 brevis
886 2461 1066 2554 appellaoio
1093 2483 1156 2532 una
1184 2485 1259 2534 oum

125 2553 249 2628 domini
264 2561 470 2653 imperatoris
489 2561 649 2633 sententia
674 2568 820 2630 correcta
845 2567 878 2628 et
902 2557 1095 2649 emendata,
1128 2557 1170 2630 de
1192 2583 1257 2656 qua

125 2651 234 2724 habita
252 2667 304 2728 est
320 2661 472 2751 superius
495 2659 617 2730 mentio
641 2679 658 2728 s
702 2656 811 2745 cialisa
836 2654 969 2728 luerunt
991 2678 1139 2752 appense
1165 2661 1258 2731 ostiis

125 2754 261 2822 minoris
279 2754 421 2827 ecclesie
439 2757 572 2850 Pysane
597 2763 630 2825 et
651 2757 662 2826 i
684 2754 771 2825 idem
795 2753 1007 2846 solempniter
1036 2755 1257 2848 promulgate

125 2857 161 2918 et
176 2849 303 2942 prefate
321 2857 490 2924 sentencie
507 2852 639 2924 luerunt
655 2852 762 2947 aliqua
778 2849 986 2946 superaddita
1003 2855 1037 2924 in
1053 2855 1213 2947 principio
1224 2864 1258 2926 et

123 2947 158 3016 in
166 2945 244 3038 line‚
260 2947 335 3019 ideo
343 2948 460 3023 dictam
471 2952 672 3024 sentenciam
691 2959 869 3021 correctam
889 2959 922 3020 et
941 2949 1164 3022 emendatam⁵
1185 2973 1258 3022 cum

125 3041 349 3119 addiciouibos
366 3046 419 3120 hio
435 3052 525 3122 iuxta
546 3047 686 3120 brevem
703 3047 959 3142 appellacionem
977 3047 1112 3139 dignum
1130 3071 1256 3142 ponere

124 3147 288 3234 reputavi.
340 3144 450 3216 Tenon
467 3143 552 3218 dicte
568 3147 738 3218 sentencie
755 3145 899 3216 noscitur
917 3165 995 3217 esse
1019 3144 1112 3216 talis:
1138 3146 1254 3216 tardo-

124 3241 216 3308 otouo
233 3244 287 3312 dei
302 3246 416 3332 pretio
422 3245 643 3314 Romanorum
663 3261 725 3312 rec
742 3250 774 3312 et
789 3260 916 3330 semper
929 3249 1092 3332 aemulos.
1115 3243 1255 3314 Univer-

125 3339 172 3406 sr'o
188 3347 222 3407 et
233 3344 371 3430 oiapulis
388 3345 650 3412 eeclesiarum-
661 3339 701 3429 (i.
715 3338 794 3431 82.)
805 3340 926 3410 naum
943 3342 978 3410 to
995 3343 1126 3412 etoitote
1136 3343 1259 3412 Pisone

125 3453 216 3506 anno
233 3441 357 3510 domini
376 3436 656 3534 moechandi]
673 3441 739 3510 iod.
756 3443 802 3510 ci.
821 3441 874 3509 dte
889 3441 948 3509 cii.
960 3442 1147 3531 decembris,
1164 3443 1260 3530 repul

125 3537 231 3606 nostri
246 3555 336 3607 uano
352 3541 437 3609 aiiii.
454 3540 585 3630 imperti
601 3555 677 3606 vero
690 3530 826 3626 primo.⁶

125 3727 142 3798 f
175 3629 360 3801 Ndannufldt
358 3638 528 3729 opiniones
539 3644 652 3708 conda
670 3634 887 3730 supradictam
903 3635 1159 3730 appellacionem
1172 3656 1255 3729 pre-

139 3731 182 3800 ati
249 3733 307 3804 tris
380 3785 500 3804 .....

177 3837 217 3924 ti.
237 3834 338 3928 193.)
361 3839 444 3927 Quia
461 3861 507 3912 ex
522 3843 644 3932 gestis,
661 3840 768 3932 iactis„
785 3839 959 3936 predicatio
978 3849 1011 3910 et
1028 3837 1257 3932 dogmatizatis

125 3935 158 4006 in
175 3944 314 4028 quatuor
330 3939 456 4010 sunus
474 3959 534 4030 per
544 3938 704 4031 prefatum
716 3937 880 4010 dominum
890 3936 1071 4009 iohannem
1083 3938 1166 4010 xxii.
1180 3932 1257 4005 edi-

179 4100 210 4169 l)
229 4099 326 4157 dietum
346 4102 413 4158 oder
431 4100 473 4158 ein
494 4100 628 4158 ihnliches
648 4107 718 4159 wort
737 4103 810 4157 lelrlt.
845 4103 876 4160 21
897 4101 965 4158 inter
978 4102 1019 4157 hs.
1051 4103 1082 4170 3)
1102 4101 1202 4158 utilitas
1215 4101 1256 4159 lrs.

123 4173 154 4256 4)
173 4189 207 4229 so
227 4171 253 4228 in
273 4173 321 4228 der
335 4173 433 4300 plosse
451 4172 550 4243 selbst3
575 4173 601 4227 in
630 4173 677 4228 der
696 4175 735 4227 lrs.
763 4173 805 4227 die
830 4173 925 4229 letaten
946 4174 1012 4229 uwel
1032 4179 1119 4229 worse
1139 4173 1256 4233 undeui-

124 4244 185 4301 ltelr.
222 4245 254 4313 5)
274 4261 333 4302 meu
353 4250 421 4302 atam
441 4246 480 4302 lts.
517 4245 549 4318 li)
568 4243 652 4317 llegg.
672 4245 735 4302 lud.
756 4261 780 4301 n.
803 4241 880 4302 1011.
