3014 4822
265 249 338 326 418
658 245 824 306 rourunas
843 245 1003 304 arnonus.

266 427 369 498 sancti
392 421 550 497 Anthonii
579 425 658 515 [lan.
682 422 744 512 17]
774 420 1079 496 manmforuenses
1106 417 1260 494 mandato
1289 417 1397 492 Caroli

264 525 356 614 regis
374 523 513 594 Romam
531 524 638 594 euntis
656 517 803 615 Ruperto
818 520 1025 592 Bavarorum
1042 518 1115 592 duci
1132 529 1287 612 tauquam
1305 521 1397 610 regis

264 621 388 692 vicar-io
405 622 606 692 iuraverunt.

312 717 414 790 Anno
432 715 527 788 1356
555 726 666 790 erecta
686 725 738 787 εει
753 713 841 786 bulla
865 737 965 786 aurea
989 737 1050 808 per
1067 712 1221 788 Carolum
1246 723 1397 806 quurnrm

263 816 557 907 imperatoremm
575 839 637 909 qua
654 813 824 885 decretum
842 823 905 901 εει,
929 822 965 882 ut
980 811 1183 884 Francolurti
1200 814 1234 882 iu
1252 809 1395 882 ecelesia

263 914 367 984 sancti
377 909 619 983 Bartholomaei
636 910 777 1000 eligatur
793 912 969 1001 imperator
986 909 1114 1000 aliaque
1131 909 1224 1002 plura
1241 907 1317 978 looo
1335 905 1397 978 lroo

262 1005 440 1080 horonfica
458 1018 534 1080 sunt
550 1007 708 1080 ordinata.
734 1001 967 1077 Ecdem'nnno
983 1004 1048 1076 kal.
1060 1007 1127 1077 iulii
1143 1008 1241 1077 turris
1255 1007 1290 1074 irr
1303 1025 1396 1078 muro

263 1105 402 1180 civitatis
425 1127 529 1199 prope
551 1103 701 1178 Frouhoi
719 1099 914 1174 fundabatur
936 1112 970 1173 et
993 1101 1050 1173 13.
1075 1102 1139 1174 kal.
1164 1103 1230 1174 iulii
1258 1099 1395 1172 abbates

262 1199 385 1275 ordinis
402 1201 624 1276 Cistertiensis
642 1203 738 1274 totius
750 1199 948 1274 Germaniae
965 1203 999 1270 in
1016 1197 1116 1272 choro
1134 1201 1238 1272 sancti
1248 1197 1396 1270 Bar-tho-

262 1297 382 1370 lomaei
399 1299 595 1392 colloquium
612 1298 804 1370 habuerunt.
841 1296 969 1368 Eodem
987 1318 1073 1368 anno
1090 1296 1149 1368 fuit
1166 1299 1262 1368 statio
1280 1317 1395 1386 gena·

262 1395 340 1468 ralis
357 1407 490 1490 propter
508 1394 716 1489 epidaurium,
740 1405 774 1466 et
790 1404 899 1484 sexto,
926 1396 1036 1488 quinto
1054 1417 1094 1466 ae
1108 1404 1223 1487 qrrarto
1246 1391 1313 1466 kal.
1332 1414 1395 1464 oc-

261 1488 362 1566 tobris
388 1503 545 1564 mutatum
572 1493 631 1566 luit
657 1496 691 1564 in
718 1492 858 1565 ecclesia
886 1501 998 1563 nostra
1026 1490 1168 1564 officium
1196 1493 1395 1579 Recordare,

305 1586 405 1661 olibet
422 1589 595 1662 sacerdote
611 1588 782 1664 candelam
800 1588 971 1660 ardentem
987 1590 1021 1658 in
1032 1611 1131 1660 manu
1148 1597 1292 1660 tenente.
1320 1586 1395 1658 Eo-

284 1707 337 1758 em
354 1709 441 1759 anno
454 1689 548 1777 [oct]
561 1691 738 1782 imperator
756 1709 830 1758 cum
839 1687 1046 1779 imperatrice
1055 1685 1116 1756 lirit
1124 1683 1395 1773 neocesareae„

260 1792 327 1853 toto
355 1785 444 1855 clero
473 1784 628 1858 obviante
651 1783 692 1855 ad
716 1782 892 1855 ecclesiam
920 1784 1023 1856 sancti
1044 1781 1289 1855 Bartholomaei
1318 1792 1393 1855 sunt

261 1876 390 1952 deducti
407 1891 441 1954 et
457 1881 576 1954 ibidem
593 1881 705 1956 divina
722 1879 902 1953 audierunt.

307 1976 410 2049 Anno
439 1978 534 2052 1366
560 1981 733 2074 completa¹
755 1987 808 2050 est
831 1978 957 2072 capella
981 1980 1124 2050 omnium
1149 1987 1340 2052 sanctorum
1361 1980 1395 2048 in

260 2095 350 2146 novo
367 2076 486 2169 oppido
502 2099 564 2170 per
578 2075 744 2148 dominum
760 2073 914 2146 Iacobum
930 2097 1005 2146 uum
1018 2073 1273 2163 Neuwenhaus,
1290 2096 1394 2168 pres-

259 2169 397 2242 biterum
414 2172 745 2266 Francosordensem
768 2181 801 2244 et
818 2193 904 2244 anno
923 2172 1018 2244 1452
1035 2176 1177 2244 instituta
1196 2182 1274 2246 sunt
1295 2174 1394 2244 certis

260 2266 496 2346 conditionibus
514 2270 578 2342 duo
596 2272 709 2342 ultoria
726 2292 787 2364 per
804 2268 991 2342 Conradom
1008 2269 1178 2343 Neuhaus.

307 2362 408 2438 Anno
433 2366 528 2439 1376
552 2368 655 2462 pridie
677 2367 750 2440 idus
776 2369 854 2438 iunii
878 2367 1003 2440 electus
1024 2377 1056 2438 et
1082 2367 1317 2439 inthronisatus
1342 2375 1394 2438 est
1499 2377 1500 2401 ¹

258 2459 311 2532 hic
327 2459 551 2536 Wenceslaus
575 2487 639 2538 rex
654 2462 832 2536 Bolremiae
851 2462 959 2536 Caroli
983 2467 1086 2558 quarti
1109 2464 1195 2538 lilius
1213 2467 1247 2536 in
1271 2485 1392 2556 regem
1498 2482 1499 2501 ¹

258 2556 443 2632 Romanurn
462 2571 554 2654 patre
571 2571 759 2655 praesente.
1497 2580 1498 2601 ¹

307 2654 408 2728 Anno
426 2655 521 2730 1382
539 2657 688 2732 absoluta
705 2668 757 2730 est
773 2656 882 2730 tabula
899 2659 1010 2734 altoris
1028 2661 1132 2732 sancti
1146 2657 1391 2731 Bartholomaei

258 2752 291 2824 in
308 2750 409 2824 choro
424 2765 537 2826 nostro
554 2777 614 2849 pro
630 2754 703 2826 808
719 2755 789 2826 ilar.

305 2849 406 2920 Armo
431 2849 527 2920 1384
553 2850 613 2924 luit
639 2851 883 2924 confoederatio
907 2855 1072 2924 civitatum
1100 2856 1319 2948 imperialium
1342 2855 1388 2926 72
1494 2879 1495 2897 ¹

143 2953 152 2959 ”
256 2942 425 3016 videlieet:
452 2947 752 3041 Ratisponensium,
776 2946 1104 3040 Nurenbergensium
1122 2961 1158 3022 et
1172 2956 1307 3043 triginta
1327 2973 1389 3024 sex
1493 2965 1494 2997 ¹

256 3040 448 3135 oppidorum
471 3042 631 3134 Scenae,
655 3043 697 3117 ad
716 3043 870 3116 Rhenum
886 3043 1130 3135 Basiliensium,
1151 3048 1388 3139 Argentinen-
1492 3045 1493 3095 l

256 3141 352 3227 sium
363 3137 894 3233 SpnensiumWormatiensium
903 3141 1108 3233 Mogontiaco,
1119 3142 1388 3232 Francoiordiae‚
1490 3131 1492 3196 l

253 3231 469 3328 Fridbergae,
492 3235 695 3309 Weuilariae
712 3248 774 3310 eto.
809 3241 872 3326 Qui
888 3243 1019 3330 egressi
1036 3239 1180 3314 funditus
1201 3240 1385 3314 destruxe-

253 3343 329 3404 runt
344 3343 487 3405 casuum
498 3333 724 3425 Burg-Solrus
742 3337 776 3406 irr
786 3334 1030 3408 derWetternu
1046 3335 1281 3427 firmissimum,
1299 3361 1383 3412 oon·

253 3437 438 3504 temnentes
449 3453 567 3503 omnes
578 3433 753 3525 principes,
765 3430 892 3504 nobiles
904 3444 937 3505 et
947 3433 1081 3506 clerum.
1100 3434 1264 3530 Suprema
1276 3445 1381 3508 tamar

252 3525 372 3598 mulitia
390 3527 449 3600 luit
465 3526 771 3618 Wormatiensium
793 3533 846 3622 qui
864 3533 961 3601 etiam
976 3531 1154 3624 imperialia
1173 3531 1280 3604 edicta
1298 3553 1378 3604 corr-

251 3631 436 3696 temnentes
454 3627 606 3696 immania
624 3624 850 3717 designarunt,
877 3649 962 3720 quae
979 3627 1031 3699 hie
1050 3651 1117 3700 non
1134 3639 1187 3703 est
1209 3629 1302 3702 locus
1319 3651 1377 3700 ro·

250 3719 349 3793 ierre.
385 3722 554 3815 Principes
571 3743 655 3794 vero
681 3721 928 3796 considerantes
953 3735 1041 3796 tanta
1058 3727 1144 3799 mala
1163 3731 1295 3820 impune
1313 3725 1373 3796 de·

250 3819 376 3908 signari
393 3841 413 3890 a
430 3817 685 3909 confoederatis„
705 3829 739 3889 et
754 3823 816 3912 ipsi
834 3825 1017 3894 arctissimo
1033 3821 1171 3894 foedere
1188 3828 1370 3914 iunguntur,

248 3918 444 4007 praesertim
454 3915 621 4010 Rupertus
640 3921 752 3990 senior
764 3939 877 3990 eomes
894 3919 1054 4011 palatinus
1067 3919 1187 4010 Rheni,
1204 3917 1368 4014 Adolplrus

248 4031 360 4098 comes
379 4011 421 4082 de
437 4013 559 4104 Alaea,
578 4017 713 4086 comites
731 4013 773 4083 de
791 4013 1006 4107 Wirtenberg
1023 4025 1056 4086 et
1073 4018 1126 4088 alii
1144 4019 1244 4090 multi.
1282 4017 1367 4087 Corr-

247 4107 438 4199 gredientes
455 4131 538 4182 vero
555 4114 588 4182 irr
605 4111 731 4185 Suevio
758 4133 832 4184 cum
855 4117 1003 4188 exercitu
1025 4117 1193 4188 civitatum
1215 4111 1368 4210 profligati

302 4228 331 4300 1)
351 4231 393 4286 S.:
413 4231 527 4290 lundata.
