2900 4820
280 259 498 326 commutati
517 263 684 326 lldl'lllldE
703 263 1042 328 buxwxnettttounsts.
1150 269 1222 346 289

96 444 216 540 Sicque
234 467 297 518 rex
312 443 406 518 iactis
424 447 509 518 inter
526 467 585 520 eos
602 445 729 539 treugis
742 445 782 519 ad
794 443 1029 543 predicendum
1046 467 1106 542 par
1122 469 1223 520 uuum
1239 462 1308 521 ¹354

97 565 248 616 mensem
264 546 406 636 negocio
423 544 543 616 inlecto
559 549 709 618 recessit
742 545 876 618 Interim
899 553 1009 616 autem
1025 553 1225 618 tractaverat

97 661 169 712 cum
179 639 436 714 'lburioensibus
455 641 496 712 de
513 643 655 714 emendo
671 663 731 737 pro
748 645 884 738 imperio
897 639 1068 713 Luceriam
1085 641 1224 734 etZuge

96 740 300 811 municiones
312 738 490 828 Australis,
507 743 641 812 racione
659 763 796 834 quarum
813 750 859 812 tot
873 738 1028 811 scandala
1046 751 1122 813 sunt
1139 739 1224 813 sub-

95 845 184 925 ortaff
213 832 327 909 dicens
356 840 460 908 eciam
486 859 567 927 rex,
595 858 630 909 sc
650 841 701 908 itti
721 842 874 910 domnum
889 841 1004 927 plures
1024 847 1057 908 ct
1074 841 1225 910 meliores

96 938 190 1004 circo
208 936 376 1004 Ananiam
395 938 595 1008 municiones
612 956 676 1025 pro
697 941 753 1008 tite
772 939 930 1008 sedanda.
973 937 1045 1024 Qus
1073 935 1141 1012 dux
1167 938 1225 1006 in-

96 1031 251 1123 telligens
268 1035 402 1103 nimium
420 1041 473 1104 eat
489 1043 670 1105 commotus
688 1033 814 1125 dicens,
831 1055 867 1104 sc
878 1037 993 1104 melius
1006 1053 1103 1122 posse
1119 1053 1226 1104 enim

96 1130 184 1200 bono
199 1134 296 1220 repis.
329 1129 371 1201 Et
388 1133 588 1202 conveniunt
605 1134 636 1202 in
655 1131 833 1226 Ratispona
851 1153 926 1220 reru
946 1131 1014 1202 dux
1032 1141 1064 1202 ct
1081 1128 1225 1202 marchio

94 1225 445 1320 Brandeuburgensis,
476 1238 570 1298 extra
588 1230 752 1300 civitatem
775 1239 886 1300 tamen
907 1249 1045 1300 manens
1064 1225 1225 1300 accedere

95 1323 215 1396 nolens
233 1347 360 1416 regem.
396 1325 438 1396 lx
453 1327 535 1396 irato
553 1325 626 1398 duci
644 1325 724 1398 dixit
739 1349 814 1416 rem
831 1347 867 1398 ac
887 1329 1066 1397 credidisse
1082 1331 1113 1396 ci
1132 1347 1226 1396 com-

91 1425 230 1510 plcccrc
249 1427 284 1493 in
304 1425 496 1495 noctotttcr
510 1426 680 1513 predictis,
700 1428 821 1496 sedec
844 1445 908 1514 pao
925 1427 957 1494 ci
977 1427 1171 1513 displiceret,
1191 1443 1228 1494 sc

94 1525 131 1589 in
144 1525 288 1609 proprio
300 1541 445 1610 peremto
461 1541 535 1592 com
551 1525 639 1591 omni
654 1531 749 1611 pente
766 1527 897 1611 imperit
912 1541 984 1592 com
995 1525 1124 1592 ducein
1139 1523 1227 1592 lbo-

95 1622 274 1688 ricencicm
290 1621 489 1690 obsidionem
505 1622 635 1690 immina.

145 1714 188 1786 Et
211 1737 373 1808 egressus
397 1727 450 1788 est
472 1715 540 1786 dux
563 1715 605 1788 de
628 1717 763 1790 Austria
792 1739 878 1790 anno
902 1717 988 1790 dom.
1015 1718 1160 1814 predicto
1185 1717 1227 1790 de

94 1835 215 1886 meuse
239 1814 306 1886 iulii
330 1836 404 1887 eum
420 1811 647 1888 innirmerabili
670 1820 819 1910 potencia
838 1826 872 1889 et
888 1825 990 1908 gente
1008 1838 1128 1908 magna
1147 1819 1227 1889 Au-

95 1912 245 1985 stralium
257 1912 514 2001 etswcvorum,
533 1933 672 1985 monens
685 1935 803 1986 omnes
815 1915 965 1987 unates
977 1911 1038 1985 sibi
1056 1915 1227 2006 colligatas

95 2033 137 2082 ac
153 2009 272 2082 lidelee
296 2033 516 2104 quoscunque.
551 2011 629 2082 Rex
651 2031 781 2106 quopre
803 2020 915 2084 monet
937 2033 1053 2084 omnes
1077 2015 1227 2086 civitates

95 2119 130 2179 et
146 2107 267 2182 fideles
284 2110 410 2204 imperii
426 2112 460 2180 in
478 2108 569 2180 ducis
587 2106 767 2180 subsidium
784 2119 896 2180 contra
914 2109 997 2181 illos
1022 2107 1101 2182 Dux
1119 2119 1228 2182 autern

33 2293 35 2296 Ι
95 2205 271 2279 descendit
287 2205 468 2298 inBrugge
485 2229 560 2278 oum
577 2215 708 2278 centum
726 2205 866 2298 galeatis
884 2217 916 2277 et
932 2210 1100 2279 mittuntur
1116 2212 1147 2277 ei
1165 2231 1228 2281 se-

95 2301 204 2375 cunda
223 2303 276 2374 die
294 2307 418 2377 mensis
436 2306 569 2396 augusti
586 2301 626 2374 ab
644 2303 829 2394 Argentina
854 2313 986 2374 centum
1011 2303 1133 2395 galeati
1151 2327 1229 2377 rne-

95 2400 199 2472 liores
217 2404 359 2474 civiutis
371 2411 403 2472 et
416 2405 552 2474 trecenti
569 2399 696 2496 pedites
714 2422 851 2495 quorum
869 2397 1001 2494 quilibet
1017 2423 1082 2474 sex
1097 2401 1229 2473 babue-

95 2509 172 2570 raut
196 2519 327 2570 currum
349 2519 412 2572 sex
429 2521 587 2594 equorum
605 2496 645 2568 ab
663 2498 862 2588 Argentinm
885 2507 998 2592 preter
1014 2499 1096 2572 alios
1115 2521 1230 2572 currus

96 2607 131 2666 et
153 2594 253 2687 bigas
280 2600 388 2668 omnia
416 2599 466 2668 eis
493 2598 684 2668 necessaria
709 2595 916 2682 deferentem
944 2617 1080 2689 quorum
1107 2597 1230 2669 florens

95 2691 265 2766 lebannes
283 2693 444 2767 Zornonie
463 2695 557 2765 miles
575 2692 755 2784 inBrugga
773 2697 917 2765 moritur.
944 2691 1100 2766 Similiter
1117 2705 1150 2765 et
1167 2695 1231 2765 alie

95 2794 252 2864 civitates
270 2801 305 2862 et
321 2789 442 2863 domini
456 2791 609 2862 Swewie
627 2800 661 2862 et
676 2790 762 2861 lieni
779 2789 937 2861 iecerunt.
965 2789 1106 2863 Confluit
1123 2803 1231 2864 summ

97 2887 140 2960 ad
160 2887 279 2960 ducem
298 2898 409 2960 conda
420 2888 642 2960 Thuriocnses
660 2889 758 2958 nimia
776 2886 954 2960 multitudo.
981 2889 1057 2960 Rex
1067 2911 1151 2962 vero
1162 2911 1232 2962 ve-

96 2989 197 3059 niens
208 2988 298 3059 iuxta
309 2984 546 3078 Regensberffi
564 2985 688 3057 distans
706 3007 878 3080 perunum
896 2985 1020 3058 miliare
1032 3010 1050 3058 a
1061 2985 1231 3080 'llruregot

96 3093 210 3156 castra
238 3093 386 3156 metatur.
423 3082 537 3154 Grave
564 3092 673 3154 autom
702 3093 773 3154 erat
800 3081 983 3155 civitatibus
1011 3081 1232 3176 imperialibus

95 3178 256 3252 obsidere
264 3178 458 3273 'l'buregum
475 3179 656 3274 imperiale,
674 3182 737 3251 nisi
748 3189 782 3251 et
794 3179 921 3250 illorum
940 3201 1094 3252 sermone
1112 3179 1231 3251 audito.

97 3275 224 3349 Obtulit
241 3287 351 3350 autem
367 3299 431 3350 rex
443 3274 640 3366 civitatibus,
658 3276 744 3372 quod
756 3284 902 3370 exparte
913 3276 1004 3350 ducis
1017 3285 1051 3348 et
1062 3279 1112 3348 sui
1123 3279 1231 3348 omnia

96 3378 393 3465 committerenturq
419 3373 594 3446 dummodo
612 3382 645 3444 ct
661 3373 706 3446 illi
723 3372 882 3463 iacerent,
907 3374 1038 3446 arbitrio
1055 3377 1231 3447 civitatum.

98 3471 143 3544 Et
160 3475 274 3546 missis
291 3476 325 3544 in
341 3472 530 3564 l'buregum
555 3469 726 3544 ouiusbbet
743 3474 909 3544 civitatum
927 3475 1053 3544 nunciis
1072 3481 1105 3543 et
1121 3493 1233 3566 expo-

98 3572 165 3641 sito
175 3567 432 3644 Thuricensibus
450 3573 615 3640 civitatum
634 3568 750 3640 favore
761 3579 795 3640 et
811 3567 918 3640 oblato
937 3573 985 3642 eis
1002 3570 1058 3640 tali
1075 3590 1233 3662 compro-

98 3671 220 3756 misso„
237 3667 295 3757 illi,
321 3667 406 3762 quod
423 3670 531 3738 omnia
548 3664 688 3737 libenter
704 3669 738 3736 in
755 3669 905 3738 civitates
923 3669 1233 3760 compromitterent

97 3774 245 3858 excepta
263 3765 330 3856 liga
342 3787 416 3836 oum
427 3761 587 3859 aliquibus
605 3761 697 3836 ducis
716 3761 965 3853 municionibus,
982 3761 1232 3856 responderunt.

96 3861 144 3932 Et
159 3861 290 3933 obiecto
313 3865 374 3950 cis,
401 3860 486 3956 quod
504 3864 532 3933 si
550 3863 756 3951 contingeret
779 3882 896 3951 regem
915 3863 963 3931 cis
982 3859 1166 3947 adversm-ia
1191 3877 1234 3928 an

97 3963 153 4030 eis
177 3962 338 4032 assistere
361 3959 500 4048 vellent,
528 3957 614 4052 quod
637 3977 703 4028 non
727 3960 978 4028 intrincarentur
1001 3977 1116 4026 eorum
1139 3959 1234 4025 iura-

99 4067 215 4128 menta
232 4053 396 4151 petebant.
422 4055 464 4127 llt
475 4058 683 4128 sicetvitates
704 4055 823 4126 infacto
841 4056 982 4146 negocio
994 4061 1070 4125 sunt
1081 4071 1232 4144 egresse.

99 4154 255 4226 Vincitur
279 4165 389 4226 autern
413 4155 491 4228 villa
512 4151 649 4246 ltleylan
677 4174 797 4244 magna
814 4150 1065 4224 Thuricensium
1088 4159 1123 4222 et
1145 4147 1235 4220 multi

99 4252 305 4324 occiduntur.
339 4251 527 4346 Hortusque
554 4249 745 4322 deliciarum
772 4253 857 4321 inter
879 4246 1177 4343 Ramprebtswiler
1204 4255 1237 4324 ct

160 4391 297 4434 aosuuaa
310 4391 420 4434 senuas
435 4393 455 4432 s.
992 4386 1027 4446 19
