2918 4824
240 165 314 238 243
538 161 703 220 mutuus
722 159 1064 221 uuuwuuauuuuusus·

158 354 227 412 1347
243 336 461 429 onsenstatn.
485 336 571 432 quod
594 339 780 429 resignavit
795 337 910 410 'ianne
933 348 966 408 ει
982 337 1165 428 Sennirein,
1191 336 1233 408 da
1262 334 1384 432 quibus

242 435 439 509 Berhtoldus
457 436 715 527 Argentinensis
740 439 915 529 episeopus
937 438 1057 530 ipsam¹
1077 438 1266 525 investivit.
1294 437 1386 505 arni-

243 532 389 608 oabiliter
418 537 642 627 aomponavit.
704 535 775 622 Quo
799 536 832 604 in
858 532 964 604 reditu
991 533 1033 604 ad
1059 535 1233 606 Austriam
1263 532 1387 603 Ludo-

243 635 366 702 wieunr
382 635 561 726 prinoipem
580 632 731 721 visitans.
749 629 789 701 ab
807 653 848 702 eo
866 628 1043 703 honoriiioe
1062 643 1113 704 est
1130 642 1283 727 recepta.
1313 631 1388 718 Qua

243 728 422 802 recedente
439 731 592 824 princeps
610 731 643 799 in
660 731 844 801 venaoione
862 732 930 800 ursi
948 731 981 800 in
999 731 1084 804 silva
1096 734 1187 801 iuxta
1199 729 1389 800 Monaoum

245 827 287 898 de
304 849 389 921 equo
407 848 565 899 oorruens
584 829 757 920 expiravit.
809 823 894 897 Obiit
917 849 1000 918 ergo
1017 826 1218 899 Ludowieus
1240 833 1389 922 quartus

243 924 467 998 Romanorum
484 929 660 1018 imperator
677 946 763 996 anno
781 923 901 996 dourini
919 926 1150 1016 mercatui,
1166 947 1201 997 v.
1219 924 1303 996 idus
1322 945 1390 994 oo·
1451 975 1452 1042 p

243 1020 344 1094 tobris
366 1027 443 1114 [εει.
456 1022 519 1112 11]
540 1044 626 1094 anno
643 1025 740 1114 regni
758 1025 808 1096 sui
825 1023 939 1094 xxxiii.
958 1020 1061 1116 finito,
1079 1026 1186 1096 minus
1205 1033 1287 1095 oeta
1307 1021 1389 1092 die-

243 1117 319 1210 hus,
340 1123 465 1216 imperii
482 1141 565 1193 vero
581 1122 670 1194 xix.²
1451 1109 1452 1158 ι

243 1273 294 1345 De
318 1292 448 1362 opressa
465 1275 583 1344 Korolt
604 1277 693 1363 repis
709 1275 870 1364 Boionio,
894 1278 988 1346 electi
1008 1276 1240 1364 Romanorumn,
1265 1275 1389 1344 animo
1451 1247 1452 1280 A

344 1374 521 1441 inuadendi
537 1379 659 1442 terrum
675 1371 843 1443 Lodows'oi
860 1375 1002 1444 Buooori.

293 1507 463 1598 Egressus
481 1516 532 1577 εει
555 1507 664 1600 itaque
687 1504 729 1574 de
746 1505 903 1576 Bohemia
928 1527 1002 1576 oum
1027 1527 1150 1597 magno
1175 1508 1328 1600 equitatu
1354 1506 1387 1573 in
1451 1505 1452 1532 ³

244 1605 433 1677 Bawariarn
458 1605 566 1673 animo
589 1602 768 1674 invadendi
792 1614 913 1674 terram
937 1601 1105 1676 Ludowiei
1129 1607 1287 1698 principis
1308 1602 1387 1673 Ka-

244 1704 336 1776 rolus
354 1723 417 1774 rex
425 1698 988 1800 BohemiepeleotusRomanorum„
1005 1723 1110 1796 nepos
1123 1700 1248 1772 exilio
1266 1723 1387 1796 quon-

245 1801 322 1872 dam
338 1799 483 1870 Heinrioi
501 1797 543 1870 de
560 1795 784 1891 Lutnelnhurg
800 1799 1024 1871 Romanorum
1047 1803 1278 1893 imperatoris,
1305 1803 1385 1869 item

245 1918 410 1994 pronepos
429 1917 474 1969 ex
490 1895 556 1968 iilia
574 1906 607 1967 et
626 1907 725 1992 nepte
742 1895 873 1968 Rudolii
897 1896 938 1968 de
955 1894 1135 1989 Habsburg
1151 1896 1385 1968 Romanorum

244 1999 350 2090 regis.
367 1997 446 2065 item
462 2016 567 2090 nepos
587 2017 631 2066 ox
648 1993 713 2064 filia
724 1993 1152 2066 WeuzeslaiBohemorunr
1168 1998 1277 2086 regis,
1296 2015 1385 2088 pro-

244 2113 416 2187 neposque
437 2090 591 2166 Iohannis
616 2091 707 2166 duois
730 2090 925 2184 ursianae,
951 2095 1098 2166 sororius
1124 2089 1262 2186 Philippi
1286 2093 1383 2182 regis

245 2189 398 2279 Franco.
423 2192 581 2285 cuiusque
597 2189 733 2284 Philippi
755 2193 993 2284 primogenitus
1009 2188 1175 2262 Iohannes
1197 2189 1269 2260 dux
1285 2189 1383 2260 Nor-

244 2287 376 2361 mandia
404 2289 506 2381 ipsius
530 2286 643 2358 Karoii
671 2296 722 2360 εει
749 2291 913 2376 sororius3
941 2292 1012 2382 ipse
1037 2298 1089 2359 est
1110 2287 1255 2360 Karolus
1281 2309 1382 2360 socer

245 2386 373 2459 Κειειί3
391 2387 482 2477 regis
502 2385 662 2477 Ungarie
689 2406 851 2480 socerque
868 2385 1012 2473 liudolfi„
1036 2385 1127 2460 ducis
1146 2384 1296 2456 Austrie.
1341 2383 1382 2454 Et

244 2487 386 2558 veniens
403 2486 436 2552 in
453 2493 574 2554 terram
585 2485 687 2576 ipsius
699 2481 867 2555 Ludowioi
877 2483 1079 2574 naamam,
1095 2483 1262 2556 intellecta
1273 2491 1380 2554 morte

245 2584 412 2677 principis,
423 2580 636 2675 Ratisponam
654 2584 812 2674 perrexit,
831 2579 884 2652 ubi
902 2590 1066 2674 tamquam
1077 2603 1141 2652 rex
1151 2581 1380 2652 Romanorum

244 2679 331 2752 iliioo
348 2689 399 2750 est
416 2688 569 2771 reoeptus
590 2680 668 2770 [oot.
681 2677 756 2768 221.
799 2677 929 2750 Deinde
946 2680 1089 2752 veniens
1106 2675 1325 2770 nurenberg,
1343 2699 1382 2747 ae

245 2773 405 2867 gravibus
422 2775 516 2848 saetis
527 2773 798 2871 promissionibus
809 2773 1015 2868 burggravio
1025 2773 1158 2864 ibidem„
1176 2797 1277 2870 quem
1288 2798 1381 2847 eva-

245 2872 327 2945 dere
344 2875 502 2966 nequivit
519 2873 763 2965 inNiirenberg
780 2885 831 2947 εει
847 2884 1000 2968 receptus
1021 2877 1098 2964 [oet.
1111 2872 1186 2965 31].
1213 2871 1381 2946 Miserunt

246 2981 355 3042 autern
371 2968 583 3044 Eberhardus
601 2984 634 3043 ει
649 2971 779 3044 Ulrious
798 2975 933 3043 eomites
951 2970 993 3042 da
1010 2969 1229 3062 Wintenberg
1255 2993 1380 3043 seore-

244 3071 345 3143 torios
363 3091 443 3142 suos
461 3069 611 3160 singulos
629 3068 672 3140 ad
688 3073 795 3164 ipsum
812 3089 930 3160 regem
948 3079 981 3140 ει
997 3066 1267 3140 adLudowioum
1282 3091 1380 3140 unar-

246 3167 396 3239 ohionem
413 3169 447 3238 in
463 3165 717 3259 Brandeuburffi
735 3175 913 3262 querentes
931 3169 1023 3238 ouius
1042 3189 1157 3238 eorum
1175 3189 1214 3238 se
1232 3169 1380 3238 servicio

245 3263 439 3357 obligarent.
475 3263 518 3335 Et
533 3263 777 3337 revertentibus
795 3267 885 3358 prius
904 3263 946 3334 ad
962 3286 1081 3356 regem
1098 3267 1222 3353 missis.
1240 3266 1303 3357 ipsi
1316 3285 1379 3335 oo-

245 3364 354 3452 miteS,
378 3365 535 3432 eauoione
551 3372 686 3456 reoepta
710 3361 752 3433 de
776 3365 983 3456 septuaginta
1007 3360 1136 3434 milibus
1161 3362 1379 3448 florenorum.

247 3461 318 3531 eius
337 3481 376 3532 se
394 3461 536 3532 servicio
554 3463 786 3532 astrinxerunt.
836 3458 888 3529 De
909 3482 973 3554 quo
991 3461 1044 3530 alii
1062 3483 1080 3530 a
1098 3456 1291 3531 marchione
1308 3481 1380 3530 ve-

244 3559 387 3648 nieutes7
411 3568 445 3628 et
460 3567 589 3652 paetum
608 3556 649 3628 de
667 3568 798 3629 eentum
814 3554 943 3629 milibus
968 3558 1168 3630 florenorum
1185 3555 1379 3644 offerentes.

244 3655 419 3749 plurimum
437 3663 513 3728 sunt
530 3658 691 3727 eommoti.
734 3654 810 3727 Duo
828 3677 956 3750 quoquo
973 3655 1092 3727 iratres
1110 3654 1152 3726 de
1169 3653 1378 3740 Hohenlooh.¹

244 3775 330 3825 unus
348 3749 640 3845 Babeubergeusis
659 3756 846 3848 episeopus.
864 3754 947 3824 alter
963 3750 1241 3848 Herbipoiensenr
1259 3761 1377 3823 tenens

245 3853 468 3945 episcopatum
487 3859 599 3922 eontra
616 3848 791 3923 Albertum
808 3847 850 3920 de
868 3848 1084 3943 nurenberg,
1107 3848 1179 3922 sedi
1197 3850 1378 3945 apostolice

244 3951 427 4041 provisum.
445 3950 592 4021 similiter
610 3951 757 4042 sonegia
777 3951 919 4021 servicio
937 3951 1168 4020 astrinxerunt.

300 4095 329 4166 i)
348 4095 433 4224 ipsam
452 4102 563 4182 erg'a'unt
582 4115 629 4179 aus
642 4097 673 4179 A.
710 4097 741 4166 2)
760 4097 806 4153 xix
825 4113 873 4152 aus
886 4097 918 4178 A.
935 4101 1055 4169 erginnt,
1073 4097 1106 4152 da
1125 4095 1151 4154 iu
1171 4096 1200 4154 B.
1220 4097 1283 4157 eine
1302 4097 1376 4155 torte

244 4180 299 4224 uon
319 4183 360 4224 me
380 4183 393 4222 r
412 4167 450 4225 ais
471 4167 533 4225 iuni
549 4167 633 4226 nerieu
653 4175 694 4228 ιει.
732 4169 763 4238 3)
782 4167 927 4227 Ludowtor.
