2900 4820
339 221 503 280 annuas
522 221 863 282 uuswnusuacnnsrs.
1094 229 1166 304 2³5

53 399 178 490 tanae,
197 397 410 494 ngrediens,
427 397 588 494 aliquibus
605 401 754 492 egregiis
765 401 861 474 victis
879 399 1077 492 civitatibus,
1095 403 1166 476 aliis
1183 414 1253 474 tata

53 521 116 568 vsu
135 497 278 570 modicis
305 501 438 568 cmninc
462 497 650 586 destruetis,
674 499 852 592 spoliisque
875 497 1034 591 Angliam
1059 499 1166 572 desti-

51 599 129 684 natisq
158 597 399 668 terramillam
422 616 483 689 per
506 599 681 686 sexaginta
705 598 840 669 miliaria
865 599 897 668 in
922 600 1055 669 circuitu
1078 602 1165 692 ignis

51 693 176 764 incendic
195 692 399 765 devastavit.
441 693 520 766 Post
543 693 606 764 hec
629 692 670 763 ad
694 695 862 766 civitatem
878 695 1100 767 Parisiensem
1124 696 1165 768 ad

51 815 127 862 unum
144 792 278 864 miliare
295 795 448 864 transivit
464 789 573 886 ibique
590 791 699 865 multis
715 790 830 865 dicbus
842 793 988 886 glorians
999 793 1166 888 multaque

50 899 176 980 vastans³
196 910 270 960 nan
287 888 429 961 audente
446 888 593 983 Philippu
611 913 685 961 curn
701 891 803 982 longe
821 893 936 962 maiori
953 901 1053 984 gente
1067 892 1165 963 Pari-

48 991 100 1060 sius
115 987 234 1080 egredi
253 998 367 1059 cantra
385 991 505 1082 ipsum,
522 986 654 1058 tandem
666 986 866 1083 predeiactu
878 989 1065 1061 victualium
1077 1011 1165 1062 ver-

47 1107 91 1156 sus
105 1089 274 1158 civitatem
292 1082 555 1158 Ambianenssm
573 1082 753 1158 descendit.
796 1084 1039 1178 Egrediebatur
1054 1097 1164 1159 autem

45 1183 207 1280 Philippus,
233 1205 381 1278 sequens
400 1205 477 1254 eum
494 1206 569 1256 cum
587 1194 688 1276 genta
710 1181 937 1257 innumerabili
961 1187 1104 1279 equritum
1122 1185 1164 1256 ad
1217 1263 1223 1276 ⁸

46 1293 161 1375 patuar
181 1281 306 1370 dictam
323 1291 357 1352 et
372 1280 428 1353 ubi
439 1281 573 1374 Anglus
590 1281 793 1376 precedente
809 1293 907 1354 nocte
920 1286 1028 1372 iacuit
1048 1305 1087 1355 se
1098 1305 1164 1378 pc-

44 1384 93 1452 suit
108 1379 261 1452 Francus
280 1383 440 1473 sepienti.
473 1380 628 1452 Sentisne
647 1389 757 1452 autern
768 1379 902 1470 Anglus
919 1382 994 1453 illos
1011 1403 1165 1475 sequen-

45 1487 98 1553 tes.
122 1501 191 1550 nnc
217 1476 273 1548 dic
297 1499 339 1548 ec
361 1479 512 1549 velocius
537 1477 702 1573 quandam
725 1479 844 1552 silvam
868 1481 1039 1568 transivit,
1065 1501 1164 1551 mane

42 1578 114 1647 iuxta
141 1577 270 1649 silvam
298 1578 391 1669 quasi
419 1572 603 1648 absconsus
627 1597 666 1648 se
692 1575 735 1647 ad
761 1575 946 1648 conflictum
973 1575 1163 1671 disponens.

42 1671 210 1745 transiens
229 1682 340 1744 autern
357 1671 505 1744 Francus
524 1695 598 1744 cum
616 1677 763 1746 exercita
781 1695 855 1763 sue„
879 1695 952 1745 cum
971 1673 1165 1748 credidisset

40 1772 172 1864 Argium
195 1771 239 1841 ad
256 1792 356 1842 unam
373 1769 494 1842 dietam
511 1774 687 1844 transisse:
705 1793 786 1844 ecce
803 1775 927 1865 reperit
938 1793 1013 1843 eum
1024 1771 1066 1843 ad
1077 1795 1164 1845 can-

41 1869 144 1940 iictum
159 1879 327 1964 paratum.
352 1867 488 1960 Anglus
500 1872 715 1942 enimomnes
727 1892 830 1964 equas
849 1891 928 1942 suus
940 1892 1014 1941 cum
1026 1873 1164 1962 garcia-

39 1965 119 2038 nibus
135 1993 154 2039 a
173 1990 218 2040 se
235 1971 326 2038 iuxta
344 1967 464 2040 silvam
480 1967 685 2058 recondensq
706 1965 912 2063 pedestribus
933 1989 971 2039 sc
991 1971 1163 2058 commisit

40 2063 173 2140 curribus
191 2087 232 2138 se
251 2062 471 2154 circumdans,
488 2087 532 2136 ne
550 2069 677 2159 equites
688 2066 806 2137 Franci
824 2063 899 2137 alibi
910 2086 1006 2159 qnam
1017 2068 1050 2136 in
1061 2087 1164 2137 cornu

38 2167 178 2236 annueri
191 2161 602 2257 sumpossenrinvadere‚
620 2173 696 2237 ante
708 2187 746 2238 se
757 2173 791 2234 et
800 2163 918 2236 milites
931 2184 1010 2237 suus
1021 2167 1163 2257 premit-

38 2267 100 2330 tens
107 2265 243 2354 triginta
252 2260 338 2332 milia
348 2263 600 2352 sagittariorum.
618 2262 766 2335 Francus
776 2272 885 2333 autem
892 2260 1163 2355 premisitdecem

36 2359 111 2429 milia
128 2362 379 2452 sagittariorum
397 2369 431 2430 et
453 2368 587 2450 gentem
610 2358 883 2432 innumerabilem
906 2367 1052 2430 trecenta
1077 2359 1164 2430 milia

35 2455 184 2546 patrum,
203 2480 245 2528 ac
261 2455 395 2528 baneria
413 2456 522 2528 fratris
541 2460 591 2528 sui
609 2461 748 2546 comitis„
765 2461 842 2530 item
860 2459 986 2530 comitis
998 2455 1164 2544 Flandrie,

35 2553 116 2626 ducis
133 2554 351 2645 Lethoringie
375 2562 409 2624 et
434 2553 589 2645 aliorum,
616 2566 692 2650 post
714 2556 787 2628 illus
811 2577 939 2649 ponens
962 2554 1107 2628 Bcenm
1131 2563 1165 2625 ct

35 2651 250 2742 Alamannos,
274 2648 407 2724 nolebat
424 2655 511 2724 enim
534 2652 694 2725 bonorem
717 2652 950 2748 pregrediendi
974 2653 1054 2724 dare
1071 2652 1161 2724 Ala-

34 2755 167 2840 mannis,
186 2753 232 2822 ita
250 2771 289 2822 se
301 2747 421 2822 Franci
431 2749 638 2822 crediderunt
649 2773 801 2834 securas,
818 2773 956 2824 manens
968 2754 1042 2846 ipse
1051 2749 1164 2822 Fran-

34 2869 85 2918 cns
102 2871 179 2920 cnm
197 2851 351 2920 exerdtu
369 2869 430 2921 suc
448 2851 533 2921 circa
552 2848 697 2922 sedecim
715 2851 838 2921 milium
856 2853 1009 2944 equitum.

76 2943 380 3040 Congredientibus
398 2957 506 3018 autem
523 2950 635 3044 primis
648 2946 689 3019 ad
700 2947 884 3020 conflictum
895 2951 980 3019 circa
993 2946 1163 3019 meridiem

34 3042 154 3116 sabbati
179 3055 256 3138 pust
270 3043 494 3117 Barthalcmci
512 3067 598 3116 anna
623 3045 744 3117 damini
767 3047 962 3117 mcccxlvi.
985 3049 1076 3138 [aug.
1095 3044 1160 3134 26]

32 3141 144 3236 diuque
163 3137 379 3232 camnulas,
398 3145 639 3239 sagittariisque
649 3141 676 3213 F
677 3146 769 3215 ranei
786 3141 883 3216 dorsa
901 3141 1105 3215 vertentibus
1123 3165 1164 3212 aa

32 3263 99 3310 cum
123 3241 248 3335 populu
272 3239 488 3336 fugientibus,
512 3250 577 3312 tata
601 3240 719 3313 Franci
742 3243 830 3312 acies
855 3241 968 3333 lugam
993 3237 1092 3328 dedit,
1121 3259 1162 3308 ec

31 3339 231 3410 reclamante
249 3338 369 3432 diuque
387 3361 462 3411 cum
479 3342 594 3431 paucis
611 3349 774 3411 manente.
818 3337 881 3410 Diu
900 3349 1008 3410 autem
1030 3342 1063 3409 in
1080 3361 1162 3408 cer-

33 3439 149 3508 tamine
166 3437 599 3526 remanseranrntamemi,
617 3440 660 3508 ita
678 3436 763 3532 quud
781 3438 882 3510 multa
900 3437 987 3509 milia
1005 3447 1081 3510 sunt
1097 3457 1161 3508 ca-

32 3537 103 3604 cisa.
131 3533 178 3604 Et
195 3533 385 3606 ceciderunt
401 3539 486 3606 inter
500 3533 599 3606 alias:
617 3533 781 3608 lohannes
799 3558 863 3608 rex
871 3534 1030 3608 Bcbemie
1047 3557 1162 3623 cecus„

32 3629 195 3703 liudolfus
212 3630 282 3704 dux
297 3630 521 3722 lutheringis,
546 3655 658 3706 comes
676 3633 843 3722 llandrie
867 3655 980 3706 comes
1005 3631 1047 3704 de
1066 3633 1160 3706 Blas¹

31 3749 132 3820 nepas
152 3727 291 3818 Franci‚
313 3728 348 3799 S.
366 3752 481 3800 cemes
506 3728 547 3801 de
565 3730 879 3820 Salmispdcminus
904 3729 946 3801 de
971 3729 1161 3819 Rodebach,

31 3827 102 3896 itern
123 3825 514 3916 [HeinricusPllonachi
532 3827 574 3898 de
590 3827 724 3918 Basilia,
742 3829 916 3900 Heinricus
934 3827 976 3898 de
993 3827 1161 3918 Klingen-

31 3921 110 4014 berg
128 3921 262 4015 milites
280 3924 452 3998 Heinricus
471 3926 512 3997 dc
529 3924 765 3998 Rataenhuscn
783 3927 886 3998 etalii
903 3927 1016 4020 plures
1035 3924 1140 3997 electi.

46 4141 51 4150 ι
81 4071 110 4138 1)
138 4069 223 4126 ilicis.
257 4071 288 4142 2)
312 4073 355 4131 sir
374 4075 467 4132 diesen
487 4092 597 4148 namen,
622 4075 786 4133 terrast.
813 4091 972 4148 genommerr
992 4075 1043 4146 ist,
1068 4075 1113 4132 hat
1132 4075 1160 4132 ll.

32 4159 106 4198 erden
126 4143 220 4200 leeren
238 4161 318 4202 raam.
