2900 4820
354 273 519 334 ttlmtlts
538 269 878 334 tutwttttsundttttsls.
1107 273 1179 352 255

66 455 175 523 mnas
193 462 317 546 auom,
335 451 525 545 Thurcgum
543 445 577 526 et
593 451 733 550 medam
750 453 812 525 alia
831 451 926 548 opida
944 437 1052 524 vicima
1073 451 1181 544 ipsum
1198 463 1268 521 itte

66 553 200 646 recipere
217 550 403 622 noluerunt

66 721 107 790 lic
124 723 348 794 collacione
366 721 559 812 Eopclmurt
584 727 697 796 militis
724 726 759 794 in
786 724 941 794 mmdotu
965 722 1091 812 Tmolia
1112 741 1182 810 po-

93 833 107 857 ·
151 823 246 890 tacto
266 823 371 892 calda

103 952 232 1026 interea
241 953 477 1045 Engelmarus
496 957 548 1050 qui
560 957 746 1029 comitatum
756 955 886 1050 Tyrolis
898 951 1058 1026 machiomi
1068 951 1181 1025 Bram-

64 1049 279 1144 denlrnrgemsi
296 1051 425 1123 tradidit
441 1075 515 1124 cum
532 1075 652 1146 uxore,
677 1075 721 1125 ex
745 1053 884 1150 quadam
910 1053 1099 1146 suspicione
1122 1073 1183 1146 per

64 1149 276 1222 marchionem
294 1153 432 1244 capitur,
450 1159 484 1221 et
501 1161 577 1223 ante
595 1161 738 1224 castrum
756 1173 851 1225 suum
869 1149 966 1238 torte,
984 1147 1069 1245 quod
1080 1147 1182 1219 irutm

63 1250 124 1318 eius
140 1250 258 1336 tenuit,
276 1246 468 1337 decollatur,
490 1258 523 1320 et
541 1253 736 1323 successive
753 1250 861 1321 omnia
880 1268 940 1320 sua
958 1269 1019 1342 per
1035 1243 1182 1318 marchi-

62 1367 160 1437 onem,
179 1344 347 1417 mediante
359 1343 510 1417 Conrado
522 1343 756 1420 dueede'l'eck
768 1344 828 1421 sibi
847 1344 1052 1436 fidelissima
1075 1365 1181 1416 occu-

64 1613 204 1702 (luolitcr
224 1617 365 1704 opidani
384 1619 419 1686 iu
439 1617 776 1688 nortmannorum
796 1619 966 1688 cissami.

102 1757 230 1831 &dem
247 1771 395 1855 tempore
413 1759 543 1856 opidani
561 1763 593 1832 im
605 1759 805 1834 Miilnhusen
817 1759 966 1852 Alsacie,
984 1767 1181 1854 usurpantes

62 1855 274 1950 sibiregimen
285 1857 404 1953 oppidi„
422 1856 550 1931 nobiles
568 1863 750 1946 eiecerunt
768 1867 922 1929 manente
934 1881 1007 1929 cum
1025 1861 1074 1930 eis
1087 1857 1183 1951 Hap-

62 1975 138 2047 pone
154 1955 324 2046 llonachi
341 1977 431 2029 novo
449 1953 621 2030 schulteto.
659 1957 860 2029 Venientem
877 1963 986 2028 autem
1003 1953 1183 2028 iohannem

62 2051 318 2146 deVinstimgen,
335 2053 501 2148 presidem
511 2053 661 2145 Alsaoie,
678 2055 741 2128 nisi
758 2077 833 2126 cum
843 2056 956 2148 paucis
970 2056 1183 2126 intromittere

61 2151 241 2223 voluerunt.
268 2149 329 2223 llle
346 2173 428 2224 vero
445 2155 547 2224 iratum
564 2153 727 2224 recedens
745 2173 820 2224 oum
834 2151 932 2223 multa
945 2162 1046 2242 gente
1058 2172 1183 2224 rever-

60 2251 135 2320 titur.
169 2247 330 2346 (lpidanis
347 2271 431 2322 vero
449 2248 709 2322 discordantibus
727 2261 760 2322 et
777 2248 943 2344 presidem
961 2246 1022 2320 sub
1043 2245 1184 2342 quibus-

61 2341 127 2417 dam
148 2350 256 2442 pactis
279 2345 574 2438 inluminantibus,
598 2371 672 2420 cum
696 2351 809 2442 paucis
833 2357 868 2418 ut
891 2343 1082 2434 credebant,
1111 2345 1183 2438 ipse

62 2467 127 2515 cum
143 2445 257 2517 multis
281 2443 324 2515 de
349 2445 470 2518 auxilio
495 2448 630 2537 generis
649 2445 690 2518 de
707 2445 814 2517 Domo
838 2441 1041 2536 ingrediens7
1065 2441 1185 2514 multos

61 2542 234 2636 populares
250 2541 409 2632 bannivit
433 2565 599 2638 occupans
623 2565 678 2616 res
702 2546 857 2638 ipsorum.
901 2540 1053 2614 Veniens
1077 2547 1186 2610 autem

63 2637 299 2712 Columbariam
320 2649 354 2728 et
377 2663 451 2712 cum
475 2645 633 2713 cauciome
657 2641 863 2732 ingrediens„
887 2637 1007 2712 utens
1030 2635 1185 2732 populum

62 2737 180 2810 ineam
197 2747 397 2810 commotum
414 2749 548 2832 propter
564 2739 686 2812 iactum
703 2736 958 2826 inlittlnhusem„
975 2744 1113 2830 repente
1124 2754 1187 2803 re-

62 2839 164 2907 cessit.
190 2833 280 2907 Nam
297 2845 330 2907 et
346 2837 408 2929 ipsi
420 2833 709 2908 columbamenses
721 2835 909 2908 Hemninum
923 2829 1187 2906 deWittenheim

62 2941 198 3024 osnes,
218 2935 273 3028 qui
290 2933 344 3003 diu
362 2929 438 3004 inibi
455 2944 626 3023 rexerant,
644 2933 867 3007 excluserunt.

62 3101 294 3274 daromae
325 3105 431 3176 coluit
465 3105 614 3194 recipcre
650 3104 859 3176 Brisocoocs
890 3110 1028 3192 propter
1058 3103 1185 3172 docens

236 3221 295 3272 mc.

102 3332 277 3408 Brisaoum
294 3333 435 3429 quicqum
446 3331 596 3408 Australi
596 3357 674 3502 per
690 3332 767 3408 olim
777 3331 991 3408 ludowicum
1008 3335 1187 3430 prinoipem

62 3428 248 3524 obligatum,
273 3455 314 3504 eo
331 3441 458 3504 mortuo
476 3453 514 3504 se
538 3430 579 3503 ab
631 3433 744 3505 ustrali
767 3436 916 3525 retraxit
941 3431 1071 3506 dicens:
1099 3435 1188 3502 ultro

63 3533 153 3602 citam
170 3533 263 3603 itlius
280 3531 424 3620 obliquat
439 3549 505 3600 aaa
521 3550 628 3617 posse.
654 3529 752 3622 Rege
770 3540 879 3604 autem
896 3529 1030 3604 nolente
1049 3551 1108 3600 eos
1126 3550 1189 3601 re-

63 3629 178 3720 cipere,
194 3639 338 3700 tenuere
356 3649 395 3700 se
412 3630 513 3722 ipsos.
541 3629 604 3716 Qui
622 3637 739 3723 postea
750 3649 867 3702 mense
878 3625 1001 3701 cambri
1012 3625 1188 3700 mandante

63 3744 138 3817 rege
155 3725 233 3798 duci
250 3724 360 3796 denuo
377 3727 581 3798 iuraverunt

64 3893 107 3964 ilc
124 3897 278 3982 masliaco
295 3897 448 3984 napaei
468 3897 597 3966 ordinis
620 3895 886 3968 ilectoaicorum
906 3897 942 3965 ia
957 3892 1109 3983 portibus
1130 3909 1189 3961 rc-

151 3999 207 4084 qis
224 3993 359 4064 Litooic.

115 4123 242 4198 Eodem
266 4148 353 4199 anno
375 4125 490 4201 xluiii.
516 4123 558 4200 de
583 4148 700 4201 mense
723 4129 860 4200 ianuarii
883 4127 1043 4218 magister
1066 4121 1189 4198 ordinis

113 4275 140 4348 l)
159 4293 253 4348 regam
273 4276 302 4332 li.
