3036 4822
273 231 347 308 390
382 227 538 292 olitottlct
550 229 728 290 noodbtmi
740 229 889 292 lllSCEdbl
901 231 1100 292 strenuius
1115 231 1295 292 cottmcrl.

189 407 373 482 inminere
396 361 636 499 virginis-obiit
660 405 825 502 predictus
848 409 1088 484 illustrissimus
1111 421 1145 482 et
1166 409 1402 484 invisissimus

272 510 426 676 Brluccps
443 505 629 578 Fridericus
652 509 685 577 in
710 517 880 584 senectute
903 505 989 578 bonu
1006 511 1039 580 in
1057 517 1165 580 cosuc
1182 527 1244 580 soc
1261 505 1404 580 Heidel-

294 626 370 696 erg‚
393 613 565 698 posituram
581 601 796 676 Pulutiuutum
819 613 953 676 rexerat
969 607 1064 680 suuis
1082 606 1175 699 quiesi
1190 607 1297 676 xxvii.
1333 603 1403 678 So·

272 703 383 798 pullus
406 697 525 774 ibidem
548 705 582 772 iu
605 699 765 772 coenobio
781 699 1076 780 Francisceuorum
1100 706 1133 774 in
1156 701 1284 795 capelle
1302 721 1403 794 noro,

273 821 371 896 quem
381 802 453 894 ipse
465 801 588 871 vivens
599 809 838 872 construxerat.
864 798 1011 872 lusserut
1027 797 1404 896 quoquesuohopnugu

273 900 450 990 integiuem
468 917 561 968 suum
586 895 722 991 pulchre
745 895 840 970 incidi
858 897 974 970 udditis
993 896 1034 969 ud
1051 894 1229 992 quemlibet
1244 899 1404 989 ungulum

274 998 388 1068 statuis
406 1001 544 1088 quntum
561 994 703 1066 ecclesie
721 993 899 1068 doctorum.
932 994 1000 1066 Sed
1018 997 1145 1086 nescim
1172 1014 1236 1088 quo
1252 994 1323 1066 luto
1340 1017 1403 1070 uuo

272 1093 388 1166 burum
406 1101 586 1166 statuorum
604 1090 753 1186 adempte
772 1102 835 1182 est,
859 1103 893 1164 et
909 1097 942 1164 in
960 1095 1032 1166 eius
1049 1094 1156 1166 locum
1175 1101 1282 1164 sumu
1300 1097 1404 1166 sunrti

272 1191 439 1262 ancisci
463 1199 649 1281 surrogetur,
674 1199 707 1262 ut
724 1193 861 1263 monstri
879 1191 992 1264 similis
1012 1213 1101 1262 nunc
1117 1193 1159 1264 sit
1175 1188 1229 1260 illu
1248 1193 1401 1264 societas.

272 1287 342 1360 llo!
365 1285 425 1360 hcl
449 1307 513 1381 que
540 1289 728 1378 conventio,
754 1309 818 1382 que
841 1291 1039 1382 comparebo
1062 1287 1229 1362 Fruncisci
1252 1285 1296 1358 nd
1314 1285 1404 1360 Aru-

271 1383 443 1460 hrosium?
474 1383 526 1454 De
543 1385 815 1456 victoriosissimo
831 1385 887 1457 illo
904 1383 1071 1458 bliderico
1088 1385 1205 1456 occinit
1221 1381 1404 1478 wimple-

271 1483 382 1576 lingue
400 1482 628 1554 Sletututcnsis
646 1493 681 1554 ut
698 1487 859 1576 sequitur:

371 1597 444 1670 Una
463 1598 553 1670 solus
570 1600 708 1692 petrice„
726 1597 795 1669 dux
812 1611 845 1670 et
861 1602 1042 1672 mavortius
1060 1599 1173 1688 heros

418 1695 507 1768 Ecce
523 1696 577 1767 leo
594 1717 736 1786 magnus
754 1693 807 1769 hic
823 1695 989 1770 Friderice
1005 1699 1115 1770 iecesl

370 1791 481 1866 Gloria
499 1791 650 1865 Bovarici
668 1802 702 1864 tu
719 1797 904 1886 sanguinis„
922 1796 1031 1866 inclite
1047 1799 1215 1890 princeps,

417 1890 583 1964 Eximium
601 1893 689 1982 sugi¹
708 1901 743 1961 tu
763 1890 865 1964 decus
883 1903 980 1988 etque
996 1893 1113 1984 togeel

370 1989 454 2062 'lies
472 2009 612 2079 megrros
629 1987 742 2060 hostes
760 1988 849 2062 clero
866 1988 953 2064 hello
971 1994 1146 2083 superasti

420 2091 558 2188 Oppido,
575 2091 689 2181 villosa
707 2115 803 2167 orces
820 2105 854 2167 te
871 2106 1037 2167 tremuere
1054 2093 1148 2168 duce.

370 2191 516 2265 lusibus
533 2190 637 2262 cultor
653 2191 833 2282 vigilanter
849 2190 969 2288 ubique
986 2190 1146 2281 caveum,

419 2287 471 2361 Ne
488 2298 656 2383 premeret
672 2299 778 2360 terres
795 2289 860 2380 iim,
877 2291 973 2381 latro,
989 2289 1114 2384 proedo
1132 2299 1214 2360 turns.

287 2439 292 2448 ·
370 2387 465 2478 Quod
482 2384 604 2458 dudum
622 2384 763 2460 dederas
782 2409 916 2483 corpus,
933 2385 1030 2459 modo
1048 2398 1134 2459 terro
1153 2389 1289 2486 recepit

419 2485 525 2574 Quem
542 2479 683 2556 dederas
701 2487 842 2558 animum
861 2487 992 2580 suscipe
1011 2483 1140 2556 Christe
1158 2483 1271 2556 suomi
1501 2523 1502 2570 ἦ

976 2582 1195 2672 (Wiirdtwetu
1213 2582 1246 2670 8,
1265 2579 1343 2652 397
1355 2579 1406 2674 ff.)

321 2681 422 2756 Auno
439 2677 711 2753 mcccclxmviii.
731 2689 827 2752 sexte
844 2681 926 2754 leriu
944 2690 1018 2775 post
1033 2679 1123 2751 Luce
1143 2681 1221 2770 [oet.
1233 2677 1313 2770 221,
1342 2699 1407 2778 que

271 2781 331 2854 luit
353 2777 473 2873 pridie²
496 2781 531 2850 xi
548 2777 638 2850 mille
655 2776 831 2874 Virginum
849 2777 1038 2852 combustus
1062 2777 1121 2848 brit
1136 2773 1406 2850 Beuderhenueu

269 2875 403 2950 Becker
424 2873 569 2948 lolordus
593 2884 627 2946 et
648 2879 814 2970 pessimus
839 2873 1004 2950 hereticus
1033 2897 1108 2962 cum
1131 2871 1283 2946 omnibus
1316 2871 1405 2946 libris

272 2975 361 3062 suis„
386 2975 439 3066 qui
463 2972 544 3045 dixit
568 2994 606 3044 se
629 2972 860 3068 perfectiorem
879 2971 1026 3063 christo,
1050 2971 1145 3044 beuta
1162 2971 1304 3064 Virgine
1330 2981 1403 3058 etc,

272 3073 375 3166 quiin
393 3070 501 3144 multis
519 3073 614 3144 cuuis
631 3090 698 3150 non
716 3075 968 3144 communicavit
983 3094 1048 3144 nco
1064 3069 1239 3144 consessus
1253 3069 1326 3160 fuit„
1343 3089 1406 3142 neu

270 3165 431 3242 mundetis
460 3167 514 3239 dei
531 3177 565 3237 et
582 3165 725 3240 ecclesie
742 3165 896 3240 obedivit.
934 3167 1007 3242 lieo
1030 3178 1105 3240 suut
1130 3167 1215 3238 lecto
1233 3164 1404 3260 Msgtmtie

270 3287 331 3360 per
353 3265 578 3338 reverendum
605 3265 823 3359 perillustrem
852 3263 1016 3338 dominum
1040 3265 1220 3336 Henricum
1242 3261 1404 3358 llcltyseu

269 3363 553 3458 archiepiscopum
569 3359 848 3456 Nydrosiensem³
866 3366 1090 3458 inquisitorem
1113 3361 1259 3432 heretice
1283 3361 1403 3458 pruvi-

270 3463 355 3534 tutis.
381 3461 531 3549 (Scllcod
546 3460 656 3530 Gerclt
668 3461 1014 3552 enucleentur.)

320 3557 421 3632 Anno
439 3557 560 3630 domini
571 3557 819 3632 mcccclxxix.
831 3569 905 3653 post
915 3557 1171 3652 purificationem
1188 3551 1287 3626 beate
1299 3553 1403 3626 llluric

274 3654 353 3750 [leb.
365 3653 404 3750 2]
425 3654 711 3728 doctorlohunnes
723 3653 765 3728 do
776 3653 924 3746 vosalia„
942 3655 1126 3751 predicator
1136 3654 1280 3725 ecclesie
1294 3649 1403 3724 Wor-

270 3757 454 3843 mutiensis,
472 3751 708 3825 condemnatus
726 3749 959 3846 estMoguutie
977 3763 1012 3824 et
1026 3757 1060 3824 in
1077 3752 1312 3824 monesterium
1322 3749 1403 3820 Au-

270 3847 533 3944 gustutannrum
549 3847 669 3922 ibidem
689 3861 838 3924 retrusus
857 3873 917 3950 per
934 3850 1100 3924 doctorem
1118 3845 1323 3920 Gerherdum
1339 3867 1404 3920 or-

270 3946 354 4022 dinis
371 3946 629 4038 Prodicstorum
646 3946 792 4023 heretice
809 3951 979 4044 pravitatis
997 3949 1230 4043 inquisitorem.
1297 3969 1300 3976 ·

324 4107 354 4178 1)
382 4125 414 4166 so
442 4109 478 4165 ist
505 4109 575 4166 doclr
603 4109 677 4166 wohl
705 4115 767 4164 stutt
793 4107 867 4180 legi,
894 4109 946 4166 wie
974 4103 1141 4167 Wtirdtwciu
1170 4106 1224 4174 luel,
1251 4123 1284 4168 uu
1311 4105 1404 4164 iecur

187 4205 190 4214 ⁴
269 4179 438 4307 &ruffio
457 4179 584 4266 solltses
602 4179 736 4238 rielleiclrt
753 4179 877 4249 heleseo,
899 4181 932 4235 de
951 4179 1037 4258 pridie
1056 4185 1108 4236 out.
1127 4177 1164 4236 20
1181 4181 1263 4232 wire.
1301 4175 1329 4245 3)
1347 4192 1405 4232 rou
