3012 4820
291 253 364 332 596
698 247 863 312 mconnus
882 247 1046 312 nmoarnt.

206 441 277 498 tate
289 431 506 525 Aquisgrani
524 430 565 502 ad
583 427 804 503 coronandum
823 438 855 500 et
882 427 1106 521 inungendum
1124 449 1227 522 reges
1247 429 1406 502 Romano-

290 551 361 600 rum
386 531 558 624 antiquitus
582 528 754 622 deputam,
781 537 815 598 et
837 525 922 621 quod
957 525 1138 602 seeundum
1165 525 1407 600 consuetudines

290 625 391 698 dieti
380 629 506 721 imperii
525 623 733 721 approbatas,
751 631 827 718 que¹
847 625 1002 718 prolege
1020 624 1189 698 servande
1205 635 1293 714 sunt,
1309 621 1408 696 debuit

289 722 398 796 eidem
415 723 546 796 domino
563 723 730 796 Ludovioo
756 733 908 816 tanquam
932 743 1016 795 vero
1039 723 1113 812 regi
1137 721 1357 794 Romanorum
1373 717 1407 790 nb

288 819 590 898 omnibusvassalis
609 833 642 894 et
660 818 1105 914 subiectis·1mpernotetm²
1117 831 1149 891 et
1160 819 1311 912 homagia
1329 817 1407 890 lide-

288 917 385 992 litatis
401 929 433 990 et
444 923 623 992 iuramenta
638 943 678 990 ac
690 923 760 990 iura
772 920 898 1010 imperii
909 916 1017 988 eidem
1028 919 1233 1010 integraliter
1244 918 1408 1010 assignari.

338 1015 495 1088 Decimus
513 1019 668 1090 articulus
686 1027 750 1106 est,
768 1013 854 1110 quod
881 1014 957 1085 licet
984 1015 1126 1106 dicatur,
1149 1013 1293 1088 nobilem
1315 1018 1410 1087 virum

287 1113 498 1186 Fredericum
516 1115 633 1188 ducem
651 1117 787 1196 Austrie
805 1112 909 1184 luisse
928 1112 1068 1184 electum
1093 1116 1127 1184 in
1150 1135 1268 1204 regam
1293 1113 1411 1184 Roma-

287 1235 416 1302 norum
435 1221 544 1284 tamen
562 1235 680 1285 verum
698 1223 732 1283 et
748 1213 910 1282 notorium
928 1233 968 1280 ac
985 1211 1194 1282 manifestum
1218 1211 1277 1282 luit
1304 1221 1338 1282 et
1355 1219 1410 1325 ιιι,

288 1310 399 1402 quod·
391 1332 461 1404 ipsa
480 1310 597 1382 electio
615 1311 674 1382 fuit
690 1310 778 1380 nulla
796 1331 836 1378 ac
851 1307 971 1380 nullius
990 1318 1042 1380 est
1064 1311 1238 1398 momenti
1257 1319 1325 1380 tum
1347 1310 1411 1402 qnia

286 1429 351 1478 non
371 1409 429 1479 luit
445 1406 566 1479 lacta'
557 1431 590 1480 m
607 1408 680 1480 loco
698 1405 806 1478 debito
831 1405 956 1478 scilicet
972 1403 1014 1475 de
1031 1361 1295 1497 ιιιιιιιιιιιιιιιι,
1313 1415 1347 1476 et
1361 1426 1412 1500 per

287 1526 495 1599 consequens
513 1503 582 1576 de
572 1528 643 1576 rure
656 1516 689 1576 et
700 1501 881 1578 seeundum
892 1501 1412 1620 consuetudinesimperiiappro-

285 1599 394 1692 batos,
412 1624 475 1697 que
491 1625 550 1696 pro
568 1605 639 1674 iure
657 1613 844 1688 servantum
862 1598 921 1670 luit
944 1599 1053 1690 nulle
1077 1610 1143 1672 tum
1171 1605 1243 1696 quia
1270 1624 1336 1674 non
1363 1601 1413 1671 luit

286 1699 397 1772 laeta
389 1723 420 1770 ιιι
438 1703 577 1772 termino
595 1703 677 1772 etin
695 1698 748 1771 die
765 1697 892 1794 prefixa
911 1695 951 1768 ad
970 1697 1158 1790 eligendum
1177 1721 1237 1793 per
1254 1721 1393 1788 eum,a
1378 1695 1412 1766 ad

286 1819 383 1891 quern
402 1796 596 1891 spectabat
587 1821 694 1914 ipsum
712 1800 886 1869 terminum
898 1793 1078 1888 prefigere,
1097 1806 1130 1868 et
1139 1819 1199 1891 per
1210 1815 1412 1892 consequens

285 1893 345 1966 luit
360 1896 449 1967 nulla
476 1895 690 1970 secundmn
681 1919 751 1967 rura
777 1905 811 1966 et
836 1893 1092 1966 consuetudines
1118 1893 1337 1989 approbatas,
1359 1913 1414 1986 que

286 2013 345 2085 pro
373 1996 444 2064 iure
468 2003 663 2085 servantur,
687 2003 753 2065 tum
779 1995 852 2087 quia
876 1990 935 2062 luit
957 1990 1042 2062 iacta
1071 1992 1175 2064 solum
1195 2015 1258 2086 per
1276 1992 1371 2078 duoS,
1386 1999 1412 2060 et

249 2173 251 2180 Α
286 2091 460 2163 intervallo
478 2102 552 2185 post
569 2094 704 2185 primam
723 2092 917 2164 electionem
935 2087 977 2158 de
994 2089 1120 2182 prelato
1148 2089 1283 2162 domino
1308 2087 1413 2160 Ludo·

285 2190 361 2258 vieo
379 2210 444 2260 non
463 2189 605 2260 soluma
626 2191 739 2261 maiori
755 2197 848 2281 porte
867 2185 926 2258 sed
945 2189 1049 2257 eciam
1077 2211 1097 2257 a
1123 2185 1249 2262 duabus
1278 2185 1414 2282 partibus

286 2285 466 2357 electorum
484 2285 616 2377 lectam„
637 2297 670 2359 ut
682 2286 813 2376 dictum,
832 2295 864 2356 et
875 2283 949 2354 ideo
962 2285 1050 2354 nulla
1068 2285 1260 2356 etnullum
1250 2309 1304 2360 rus
1316 2284 1414 2356 eidem
1479 2324 1480 2397 p

285 2380 462 2456 Frederico
481 2382 624 2456 tribuere
642 2386 755 2478 potuit
772 2405 836 2454 nec
853 2383 1041 2454 electione
1032 2385 1135 2476 ipsius
1161 2382 1286 2456 domini
1309 2381 1414 2454 Ludo-

286 2485 350 2554 vici
368 2485 400 2554 in
418 2483 525 2576 aliquo
542 2481 716 2575 derogavit
731 2503 797 2552 nec
812 2483 914 2575 potuit
931 2477 1027 2551 modo
1045 2480 1152 2574 aliquo
1166 2479 1344 2573 derogare.
1369 2479 1414 2550 En·

286 2577 401 2674 quibus
418 2589 508 2673 patet
524 2589 653 2674 aperte„
670 2577 755 2674 quod
774 2577 961 2673 sepedictus
980 2575 1130 2650 dominus
1147 2575 1340 2652 Lndovicus
1356 2601 1414 2673 po·
1478 2609 1479 2691 p

285 2680 343 2749 tuit
359 2677 504 2768 legitime
522 2676 773 2750 administrare
763 2700 834 2748 rura
851 2675 990 2790 imperii,
1001 2685 1035 2746 et
1045 2674 1130 2790 quod
1141 2675 1305 2790 adipsum
1319 2698 1414 2771 spec·

285 2777 366 2846 tavit
382 2785 416 2845 et
432 2777 584 2869 pertinuit
601 2799 641 2846 ac
657 2783 783 2868 spectat
800 2783 833 2846 et
852 2776 1017 2867 pertinet
1008 2795 1079 2867 ipsa
1103 2775 1172 2844 iura
1198 2777 1330 2868 imperii
1357 2771 1414 2845 ad-

285 2874 470 2942 ministrare
488 2895 528 2944 ec
544 2895 604 2967 per
620 2873 850 2966 consequendi
868 2869 980 2965 quod
970 2893 1042 2966 ipse
1061 2869 1212 2942 dominus
1228 2867 1413 2944 Ludovicns
1477 2892 1478 2985 p

285 2967 540 3042 marchionatum
572 2968 926 3061 Brandeburgensem
956 2991 1052 3062 quem
1089 2977 1266 3040 vacantem
1297 2971 1414 3042 invenit

285 3076 320 3138 et
342 3065 415 3136 ιι
405 3070 575 3161 imperium
602 3067 814 3156 devolutum,
838 3067 989 3138 conferre
1006 3067 1108 3161 potuit
1131 3077 1165 3138 et
1183 3063 1253 3135 de‘
1241 3090 1319 3140 rure
1336 3068 1413 3138 licite

285 3164 419 3236 eontulit
435 3164 501 3234 filio
525 3186 586 3236 suo
609 3167 827 3258 primogenito
852 3173 885 3236 et
912 3174 1022 3236 cetera
1047 3163 1108 3234 alia
1133 3161 1267 3256 tacere,
1293 3187 1357 3260 que
1378 3159 1412 3234 ad
1476 3227 1477 3234 ,

287 3262 438 3336 eiusdem
455 3264 581 3356 imperii
598 3265 750 3354 regimen
765 3265 931 3355 pertinere
948 3271 1138 3334 noscuntur.
1476 3244 1477 3277 ¹

335 3358 535 3432 Undecimus
552 3361 707 3432 articulus
724 3371 777 3434 est
792 3362 953 3431 notorium
971 3383 1011 3430 ac
1028 3358 1260 3451 manifestum,
1292 3359 1364 3431 lore
1379 3381 1412 3428 ac

285 3467 438 3530 censere
455 3479 516 3551 per
532 3459 675 3550 legitima
696 3456 902 3548 documenta,
931 3457 1016 3551 quod
1040 3461 1242 3552 proscriptus
1268 3457 1411 3528 dominus
1475 3535 1476 3542 χ

284 3552 470 3628 Ludovicus
487 3577 548 3650 pro
565 3554 625 3625 dei
622 3557 759 3627 ansione
778 3565 811 3626 et
835 3558 1096 3628 conservacione
1123 3554 1284 3626 dictorum
1304 3557 1410 3626 iurinn
1475 3556 1476 3571 ¹

285 3655 410 3746 imperii
428 3662 461 3723 et
480 3651 555 3723 fidei
573 3651 744 3744 marotiae,
762 3675 858 3746 ιιιιιιιι
876 3661 988 3725 sancta
1013 3662 1118 3724 mater
1137 3653 1283 3724 ecclesia
1301 3650 1411 3724 calbo-

284 3750 345 3820 lica
363 3749 497 3822 firmiter
516 3749 675 3822 hactenus
692 3750 812 3842 docuit,
832 3754 932 3822 tenuit
949 3760 982 3823 et
1009 3748 1156 3839 tradidit
1174 3749 1300 3822 dudum
1326 3751 1475 3865 legi-

283 3850 373 3937 time,
392 3848 604 3942 solempniter
621 3851 679 3918 ιι·
671 3869 703 3920 ιιι
722 3851 849 3964 seriptis
869 3850 1064 3942 provocavit
1082 3858 1116 3919 et
1132 3845 1315 3941 appellavit
1332 3867 1410 3918 conr-

284 3956 333 4018 ιιι
351 3945 516 4018 dominum
544 3943 743 4034 Iohannem,
768 3949 820 4039 qui
849 3968 888 4020 se
911 3966 1029 4039 papam
1051 3949 1132 4018 xxii.
1156 3945 1352 4034 asserebat
1375 3939 1409 4010 ad

284 4043 426 4115 buturum
454 4043 615 4136 generale
642 4045 851 4116 concilium
843 4066 875 4115 m
900 4044 974 4116 loco
998 4053 1124 4114 tuto..
1148 4046 1172 4113 ,ι
1207 4051 1239 4113 et
1267 4059 1474 4157 oongmt
1473 4047 1474 4074 ²

285 4139 575 4234 congregandum
602 4153 635 4214 et
668 4138 710 4212 ad
733 4151 880 4215 sanctam
904 4151 1040 4212 matrem
1074 4097 1250 4214 eeclesiam
1274 4138 1409 4214 catholi-

341 4261 369 4334 ι)
388 4279 442 4340 quo
462 4263 501 4320 bs.
537 4263 569 4334 2)
588 4264 698 4321 obederi
717 4264 757 4320 hs
789 4263 820 4334 3)
838 4265 1034 4322 securodtirite
1048 4263 1146 4322 lablen.
