2904 4822
373 205 550 268 marnis
564 207 866 268 cenrmsnaovmt.
1141 209 1185 288 71

65 378 110 450 uli
123 395 235 476 supra
251 381 299 453 lit
308 386 358 455 sic
367 382 448 454 mira
460 403 615 454 coronam
625 387 714 472 anni,
725 382 985 478 utsupradictum
995 394 1058 472 est
1074 399 1192 458 umam
1209 391 1278 454 teus

62 475 144 548 ludei
167 502 189 550 a
214 479 354 552 Colonia
377 501 482 574 usque
503 483 538 551 in
559 480 729 552 Austriam
753 492 830 554 sunt
852 485 999 572 cremati„
1026 479 1079 553 ubl
1106 475 1194 554 idem

63 577 282 670 prestolantur
288 577 1051 672 qmasteosuntmalcdicn.Etcredercmfinem
1060 578 1207 651 ssebre·-v

62 693 150 744 cmm
167 674 366 765 advenisse,
383 679 410 748 si
427 686 555 771 tempus
571 675 918 770 predicationisHelye
929 676 1081 748 etEnoeh
1099 698 1195 748 eum*

62 771 179 865 pletum
196 776 264 844 iam
282 783 386 863 esset,
404 773 490 868 quod
503 777 575 868 quia
588 775 785 867 completum
802 796 869 846 nun
887 785 951 864 est,
968 791 1112 846 neeesse
1130 783 1194 860 est,

62 879 93 940 nt
101 869 200 963 aliqui
210 882 442 959 reserventur,
452 881 488 942 ut
498 869 670 965 impleatur
679 870 758 944 illud
765 871 850 966 quod
861 876 1015 966 scriptum
1027 882 1091 958 est
1109 871 1196 966 quud

62 965 156 1038 corda
168 966 312 1038 filiorum
328 977 522 1040 convertent
538 967 581 1040 ad
596 979 707 1062 patres
718 979 752 1039 et
761 979 888 1063 panum
906 969 947 1040 ad
965 970 1058 1044 lilius.
1077 968 1144 1040 Sed
1162 971 1195 1040 in

62 1062 174 1158 quidus
191 1063 339 1158 partibus
355 1075 571 1139 reserventur
587 1064 683 1137 michi
700 1070 867 1157 cognitum
883 1078 1030 1157 nonest
1049 1065 1109 1138 sed
1120 1079 1197 1138 rear

61 1164 164 1254 potins
175 1161 264 1255 qnod
280 1163 315 1232 in
331 1161 548 1236 ultramarinis
566 1161 710 1258 partibus
727 1166 840 1256 pocius
857 1185 956 1258 quam
972 1166 1004 1234 in
1021 1166 1091 1236 istis
1110 1181 1196 1255 gens

62 1281 97 1330 ac
110 1257 380 1332 samendbralre
396 1269 597 1333 reservetur.
616 1259 712 1331 Unde
722 1259 884 1332 hiolinem
894 1259 1010 1332 luciam
1021 1259 1063 1332 de
1075 1257 1194 1334 iudeis.

65 1453 562 1535 derederstcael’redtcntcmm
572 1469 607 1534 te
617 1467 849 1551 muntium,
867 1468 924 1553 qai
940 1467 1038 1554 toppo
1055 1467 1197 1554 tempore

151 1560 498 1750 memet,
522 1571 555 1643 et
574 1563 698 1634 duona
714 1566 818 1634 sotum
834 1559 1097 1634 Predtcatmidtu
1109 1581 1197 1652 pro-

105 1813 214 1885 Amru
228 1809 375 1906 predicto
391 1812 437 1883 xl.
455 1834 543 1884 nonu
560 1819 677 1885 mense
700 1813 836 1883 ianuarii
848 1813 942 1884 xviii.
960 1809 1025 1882 kal.
1043 1809 1197 1885 februarii

62 1909 137 1981 lora
155 1911 265 2004 prime
282 1907 522 1999 Predicataren
546 1913 598 2006 qui
622 1920 755 2004 propter
771 1907 1015 1982 observantiam
1038 1908 1198 1982 interdicti

61 2009 111 2080 lati
127 2027 194 2101 per
209 2025 330 2100 papam
346 2001 524 2078 Iohannem
546 2009 626 2080 xxii.
646 2017 758 2078 eontra
774 2005 989 2078 Ludewicum
1007 2007 1059 2100 qui
1078 2027 1116 2078 se
1137 2019 1197 2102 pra

62 2101 1198 2294 tatitittiitititiittttttt‘tttidittttii

64 2298 121 2369 sed
184 2297 285 2368 odam
302 2300 479 2396 ioculatare
497 2321 558 2370 seu
575 2301 674 2370 mimo
690 2298 775 2370 dicto
791 2295 960 2390 Vischopt.
977 2295 1020 2368 Et
1036 2319 1055 2367 a
1073 2296 1200 2390 duobus

63 2396 108 2466 lra
140 2401 148 2414 '
172 2417 214 2466 us
234 2397 440 2468 scismaticis¹
461 2393 786 2468 videlicetGdswino
798 2393 992 2487 deAemptz
1011 2391 1198 2466 etlohanne

63 2490 371 2583 deNr'irenbergsui
381 2493 503 2564 ordinis
515 2497 719 2587 suntrecepti
729 2512 790 2586 per
800 2491 1198 2585 campanepulsaeionem.

63 2589 202 2662 Predieti
219 2610 304 2661 vero
315 2589 379 2661 duo
391 2593 563 2662 scismatici
580 2590 697 2662 decem
708 2593 801 2662 amris
813 2586 928 2683 quibus
939 2588 1058 2661 naues
1070 2589 1200 2684 expulsi

64 2683 1200 2780 laemntprophanaveruntnecdehoecententipromiseruntcivibut

65 2782 382 2874 cmmantiensitus,
410 2788 463 2878 qui
487 2783 631 2856 nondum
656 2795 750 2856 erant
772 2807 790 2856 a
814 2780 1025 2878 processibus
1048 2781 1200 2878 abscisi,

64 2880 237 2952 celebrare
254 2903 358 2976 usque
371 2881 538 2955 adlestum
555 2879 678 2975 pasche
695 2881 847 2954 futurum.
864 2879 907 2952 Et·
916 2884 949 2952 in
960 2882 1103 2954 eeclesia
1112 2881 1200 2954 Pte*

64 2978 245 3051 dicaturum
267 2977 403 3073 predicti
426 2979 491 3052 duc
514 2982 687 3076 scismatici
712 2979 772 3052 suli
797 2975 925 3072 publice
943 2976 1200 3072 propinantem,

66 3070 507 3150 aliislratrilmsinterdictum
514 3073 780 3165 observantibus,
792 3075 1201 3150 etianidsclauslsmissat

66 3197 144 3246 suas
166 3176 205 3246 in
224 3173 401 3245 refectorio
424 3175 569 3262 claustri,
594 3195 660 3245 nan
682 3177 715 3244 in
739 3173 893 3259 ccclesia,
919 3168 1119 3262 legentibus,
1137 3185 1202 3243 neo'

66 3273 144 3364 ipsis
167 3274 201 3342 in
225 3292 344 3344 mensa
371 3267 694 3356 'ccmmvrdaantilpus
728 3269 795 3342 Sed
827 3269 891 3341 illis
925 3265 1201 3362 propinantibus

66 3367 147 3440 duas
165 3369 270 3442 cedas
281 3379 424 3440 aunam
441 3378 569 3464 stupam
586 3369 792 3464 deputarunt
810 3362 970 3460 inquibus
987 3367 1019 3437 in
1037 3384 1099 3440 suu
1106 3368 1202 3440 stis·

67 3476 152 3536 mate
180 3465 340 3541 tlissolute
364 3463 524 3538 vivebant
546 3476 579 3536 et
602 3487 640 3538 se
663 3469 755 3560 ipsos
772 3460 980 3535 diffamabant
996 3483 1036 3534 au
1052 3466 1202 3556 graviter

69 3555 1200 3656 conlundebantnecpriurneeconventusipsasaudebanteonigere.

128 3849 209 3919 ltem
225 3869 313 3920 auno
330 3847 476 3942 predicta
492 3847 537 3918 xl.
556 3868 656 3936 nonu,
673 3848 752 3918 xvii.
771 3845 835 3917 kal.
854 3842 935 3916 lebr.
955 3841 1143 3916 Giintherus
1160 3842 1204 3916 de

69 3945 274 4037 Swamhurg
291 3946 420 4016 electus
435 3955 488 4018 est
503 3948 536 4015 in
553 3967 671 4036 regem
683 3943 905 4014 Romanorum
923 3963 983 4034 per
999 3939 1039 4010 H.
1051 3939 1204 4033 lllagpn⁴

71 4047 229 4116 anensem
252 4041 440 4137 depositum
462 4064 523 4137 per
540 4041 745 4112 Clementem
762 4062 880 4136 papam
898 4041 943 4110 vi.
961 4047 994 4108 et
1010 4059 1073 4132 per
1087 4036 1204 4112 Lude·
1343 4146 1349 4155 Ι

47 4208 49 4212 -
108 4171 138 4240 1)
152 4171 291 4230 eismtisis
307 4172 350 4229 lu.
370 4171 415 4242 d)
429 4170 471 4228 die
486 4169 651 4228 therachriit
668 4169 703 4226 ist
720 4155 814 4227 iader
832 4170 871 4226 hs.
890 4175 1044 4242 verdensem.
