3036 4822
424 267 533 327 essm
553 265 735 328 onnrnonot
754 267 804 326 EPl
822 265 959 326 nocant.
1183 267 1252 346 301

127 443 170 519 Et
186 450 351 542 quamvis,
369 471 443 519 oum
460 449 516 520 ille
526 451 670 538 viveret
688 447 827 520 doluerit
844 470 882 522 se
901 444 1050 520 delusum
1063 455 1108 517 ‘ac
1125 448 1257 519 irasce-

128 555 217 616 retur
233 545 380 636 Hugoni,
398 547 562 618 intellecta
580 556 690 618 moron
708 549 847 619 veritate
866 548 977 620 mortis
995 545 1081 617 illius
1101 541 1256 635 [†1328

127 665 205 716 nov.
224 642 263 734 6]
289 641 516 716 nichilominus
540 647 574 714 in
597 647 788 715 memoriam
812 641 954 715 defuncti
972 641 1120 736 Matbpa
1145 645 1255 716 invitis

126 740 273 833 pluribus
291 740 522 832 cardinalibus
545 745 607 836 ipsi
623 740 800 814 Bertboldo
817 745 933 812 iterato
957 739 1106 834 pmvidit.
1139 738 1256 812 Geba-

127 837 230 910 bardo
247 849 356 910 autem
373 839 416 910 de
434 839 587 931 Fabug,
604 842 771 932 preposito
788 840 1041 931 Argentinensi,
1064 835 1205 909 habente
1222 842 1256 909 in

127 959 165 1008 se
184 959 339 1028 magnam
357 947 483 1031 partem
500 935 630 1032 capituli
641 947 675 1008 et
685 935 727 1007 ad
737 940 961 1033 episcopatum
971 935 1256 1026 &gentinenscm

126 1037 305 1128 aspirante,
323 1037 383 1129 ipsi
394 1033 571 1106 bertholdo
585 1032 789 1107 obstaculum
806 1035 960 1123 iaciente,
978 1033 1254 1127 ipseBertboldus

125 1135 292 1226 acquisitis
309 1153 369 1226 pro
387 1137 529 1204 maxima
555 1135 693 1226 pecunia
715 1132 854 1204 dominis
873 1141 906 1202 et
921 1129 1098 1202 baronibus
1117 1142 1205 1202 terre
1223 1142 1256 1203 ot

124 1227 313 1302 melioribus
338 1233 520 1302 incivitate
538 1231 790 1322 Argentinensiq
818 1229 982 1302 mediante
1005 1226 1089 1299 dicto
1114 1229 1255 1302 thesau-

124 1330 211 1398 rario
223 1325 283 1400 sibi
301 1326 441 1400 fidcbter
457 1326 650 1416 athersata
669 1326 849 1400 desistente
861 1330 965 1398 eciam
976 1325 1060 1398 dicto
1076 1330 1255 1422 preposito,

123 1425 346 1516 Argentinam
357 1447 430 1496 cum
442 1429 610 1498 sexcentis
624 1426 764 1516 galeatis
782 1427 1007 1520 potentissime
1018 1434 1070 1496 est
1081 1428 1255 1517 ingressus

123 1522 253 1594 infesto
265 1522 504 1594 sanctil'bome
515 1544 601 1596 anno
613 1521 733 1595 domini
745 1525 972 1596 mcccxxvii.
988 1521 1101 1613 [1328
1108 1523 1252 1613 dec21]

122 1622 193 1692 iura
213 1630 248 1690 et
263 1624 467 1695 municiones
485 1623 628 1694 ecclesie
645 1619 820 1692 obtinendo
838 1624 957 1716 quiete.

173 1717 442 1792 HicBertboldus
460 1720 542 1792 duas
562 1718 644 1792 lilios
664 1721 787 1792 sororis
806 1741 867 1790 sue
885 1717 926 1790 de
940 1718 1138 1812 Spgenowe
1155 1741 1254 1792 unam

124 1816 280 1887 Conrado
298 1820 404 1888 comiti
415 1815 642 1909 Friburgensi7
661 1817 799 1888 alteram
809 1816 920 1888 Ulrico
938 1815 1068 1887 domino
1085 1820 1118 1887 in
1130 1817 1254 1888 Swar-

122 1911 287 2005 tnenberg
314 1926 347 1986 et
374 1913 472 1986 filiam
500 1918 624 1987 sororis
652 1937 713 1987 sue
741 1913 783 1984 de
811 1913 1013 2005 Miinsingen
1039 1912 1184 1986 Dietrioo
1212 1914 1254 1986 de

121 2010 244 2103 Domo,
263 2012 377 2086 solutis
388 2035 449 2107 per
459 2036 536 2084 eum
553 2011 694 2102 dotibus,
712 2011 839 2084 tradidit
849 2015 882 2082 in
892 2034 1027 2084 uxores.
1055 2011 1254 2086 Hccomnes

121 2109 202 2198 fide,
220 2113 314 2204 quasi
324 2133 369 2183 ex
379 2111 519 2205 quadam
536 2111 739 2204 simplicitate
756 2109 887 2199 faciant,
906 2113 985 2182 viris
1004 2113 1073 2182 suis
1091 2114 1198 2183 sciunt
1215 2133 1253 2182 se

121 2205 283 2280 amabiles
300 2206 343 2280 ad
359 2209 533 2304 amplexus
548 2229 715 2282 venereos
733 2205 892 2282 enbihcre
909 2218 943 2279 et
958 2205 1033 2278 ideo
1050 2207 1160 2281 liberis
1179 2218 1255 2280 sunt

120 2304 250 2380 felices

172 2404 235 2476 Hic
251 2403 447 2478 Bertboldus
465 2429 511 2476 ex
526 2408 633 2477 nimiis
651 2402 766 2476 debitis
785 2407 916 2493 anxius,
934 2426 1008 2475 aum
1026 2401 1165 2474 aludeis
1184 2405 1253 2476 suis

120 2512 289 2575 occentus
307 2525 434 2575 marcas
452 2514 564 2575 mutuo
581 2500 705 2574 babere
716 2524 782 2574 non
798 2511 925 2596 posset
943 2500 985 2571 de
1003 2499 1156 2573 concordi
1167 2521 1253 2572 con-

121 2601 197 2672 silio
221 2623 356 2673 suorum
379 2601 579 2692 dicendum
603 2600 723 2672 ludeos
748 2601 941 2672 excoriasse
965 2599 1119 2693 populum
1144 2621 1252 2689 suum,

121 2719 189 2769 uno
208 2695 344 2771 sabbato
360 2698 440 2770 bora
459 2703 563 2794 prime
580 2696 828 2771 omnesludcos
848 2718 926 2770 suos
945 2699 1079 2791 capiens
1092 2695 1251 2768 sexmilia

119 2817 307 2868 marcarum
330 2801 455 2891 recepit
471 2796 512 2868 ab
530 2799 589 2870 cis.
626 2795 717 2867 ludei
741 2806 850 2868 autem
874 2817 941 2868 non
964 2797 1070 2867 minus
1095 2791 1155 2866 sub
1179 2796 1252 2887 ipso

120 2904 296 2966 manemes
313 2897 347 2965 in
364 2893 459 2966 brevi
476 2905 591 2989 postea
610 2898 642 2966 in
666 2892 762 2988 opido
787 2916 847 2966 suo
864 2891 1029 2965 Mutziche
1047 2891 1131 2964 clam
1156 2913 1251 2964 mas-

119 2991 231 3062 culum
249 3013 409 3064 annorum
426 2991 577 3064 undecim
595 3001 813 3081 necaverunt
831 2994 884 3086 qui
898 3001 973 3086 post
990 2991 1167 3062 clamorem
1184 3009 1251 3084 po-

118 3089 273 3182 pulorum
296 3101 407 3162 contra
431 3089 551 3163 ludeos
578 3088 638 3162 sub
664 3099 736 3162 rota
763 3087 939 3160 molendini
962 3091 1117 3158 inventus
1143 3097 1195 3157 est
1218 3090 1250 3158 in

117 3207 187 3258 uno
210 3185 316 3258 latere
339 3185 464 3260 babens
482 3189 623 3261 vrdnera
646 3187 779 3260 infinita.
815 3185 858 3257 Et
880 3188 971 3258 tortis
996 3181 1188 3278 quibusdam
1206 3205 1252 3255 ex

116 3280 229 3356 Iudeis
255 3294 287 3356 et
311 3284 539 3360 confitentibus
569 3285 764 3357 maleficium
790 3294 891 3356 etex
914 3283 1097 3378 perspicuis
1124 3278 1250 3352 indiciis

118 3391 234 3452 canna
252 3403 312 3456 eos
330 3387 498 3468 sentencia
517 3394 569 3456 est
584 3384 719 3478 perlata.
745 3381 788 3453 Et
803 3384 917 3476 positis
934 3379 1036 3452 tribus
1055 3401 1155 3473 super
1170 3380 1250 3450 rotis

118 3479 173 3550 alii
197 3479 317 3554 divites
334 3479 437 3573 ludetq
462 3487 515 3577 qui
540 3480 592 3553 dic
616 3482 684 3572 nto,
709 3502 773 3576 quo
791 3480 957 3552 masculus
981 3478 1150 3572 disparunt,
1173 3473 1250 3546 inihi

117 3576 263 3668 merant,
287 3589 363 3650 sunt
384 3581 566 3674 proscripti.
600 3577 643 3650 m
659 3582 761 3673 captis
780 3575 952 3672 aliquibus„
976 3577 1047 3648 aliis
1067 3571 1250 3645 Columba·

117 3677 202 3746 riam
225 3675 438 3768 fugientibus
463 3688 575 3750 contra
594 3699 677 3772 quos
697 3675 845 3748 officialis
862 3673 1055 3746 Basiliensis
1074 3670 1115 3741 ad
1132 3672 1249 3763 requi-

118 3774 278 3844 sicionem
302 3772 464 3846 iudiciiin
488 3774 653 3848 Mutzicbe
678 3796 792 3845 eorum
820 3771 1017 3866 exequendo
1046 3770 1250 3842 sentenciam

118 3891 180 3942 sua
198 3870 426 3943 iurisdiccione
443 3877 614 3967 processit.
642 3869 808 3967 Aquibus
827 3871 933 3941 eciam
950 3869 1054 3940 dictus
1073 3867 1247 3960 episcopus

118 3966 184 4039 duo
203 3967 289 4039 milia
308 3992 491 4042 marcarum
509 3974 657 4044 extorsit.

166 4065 230 4138 Hic
245 4065 442 4142 Bertboldus
467 4068 522 4140 dio
538 4069 731 4164 spirensem
755 4078 788 4139 et
803 4067 1088 4158 Argentinonsem
1112 4062 1249 4155 episco-

113 4173 228 4330 patum
239 4168 353 4256 tenuit
371 4165 564 4261 Spirensem
582 4163 838 4259 gubernatorem
849 4185 887 4238 se
899 4160 1059 4250 scribens,
1078 4179 1247 4254 quousque

133 4260 282 4337 ohannes
299 4287 384 4359 papa
403 4261 575 4337 Walramo
592 4263 634 4336 de
653 4263 850 4357 vertenda
868 4261 994 4336 decano
1011 4257 1155 4333 ecclesie
1173 4257 1248 4330 Ar·
