2882 4818
259 216 331 288 198
556 211 722 270 munins
741 209 1082 268 nuuuuuuuuuunsrs.

258 403 369 463 cente:
404 393 576 478 nonnette,
601 389 736 459 libenter
754 389 897 458 uidemus
913 407 969 457 uns
985 387 1060 456 trie!
1085 385 1140 458 ille
1157 395 1382 458 consternatus

259 494 367 562 animo
384 511 450 559 nun
467 487 645 582 respondit.
688 485 778 557 Lieet
794 495 905 556 nutem
925 485 1015 556 multi
1038 484 1276 574 consuluerim
1304 483 1385 578 quud

257 593 290 659 in
310 591 441 680 signum
459 587 596 657 victorie
613 595 819 680 pernoctem
837 595 1048 655 remanerent
1070 586 1102 654 in
1121 603 1249 676 eampo,
1273 581 1384 652 Ludn-

259 689 366 758 wieus
394 695 523 774 tamem
551 686 669 755 timens
697 685 802 753 aeiem
829 679 983 776 Liipuldi7
1011 685 1175 754 recessit.¹
1221 680 1385 775 Liipuidus

258 792 380 874 artem„
404 782 466 852 hee
484 780 686 874 intelligens„
711 779 861 854 dolenter
877 783 1029 869 recessit,
1053 783 1189 867 mirans,
1212 779 1302 873 anod
1330 801 1386 849 ren

258 883 481 955 Romanomm
504 883 537 952 in
561 877 722 952 discordia
741 889 855 974 captus
874 888 1009 950 estnon
1032 881 1173 951 oeeisus.
1217 877 1260 949 m
1284 877 1386 948 incius

258 989 309 1052 est
333 979 500 1052 euuiiietus
525 982 558 1048 in
582 977 634 1049 die
658 975 744 1048 beati
762 973 954 1049 Michnhelis
974 975 1087 1067 [1322
1104 987 1188 1070 sept.
1199 975 1300 1066 29²1,
1329 997 1387 1070 quo

258 1079 488 1172 quinquaginta
508 1079 582 1147 anui
606 1076 747 1164 inerant
774 1074 859 1169 qnod
876 1097 961 1147 aviis
980 1073 1148 1146 amborum
1166 1074 1332 1146 Rudolius
1350 1074 1387 1143 de

257 1174 435 1266 Hebsburg
461 1178 494 1246 in
521 1196 639 1266 regern
667 1175 793 1247 eleetus
822 1184 873 1245 est
898 1174 1140 1261 Romanorum
1169 1183 1305 1268 etpost
1331 1171 1388 1242 irer-
1431 1197 1432 1262 ξ

257 1274 433 1349 Australes
452 1275 651 1367 inpotencia
670 1270 901 1343 decreverunt.
1431 1335 1432 1360 p

316 1369 436 1442 Hubuit
451 1381 560 1442 aretem
577 1369 776 1442 Ludowious
795 1367 967 1463 quemdam
985 1367 1162 1440 Martinum
1173 1367 1309 1440 Munaci
1327 1367 1388 1438 de·

258 1481 371 1543 vntum
389 1479 423 1540 et
439 1469 606 1558 humilem,
625 1477 740 1562 poster
758 1467 877 1539 suetum
897 1466 1116 1556 sacerdotem,
1137 1469 1192 1560 qui
1210 1465 1275 1538 sibi
1294 1467 1388 1536 multu

257 1570 363 1642 futura
390 1567 540 1662 predixit..
592 1567 654 1638 Hie
677 1575 753 1640 unte
776 1565 920 1638 medium
943 1589 1064 1636 annum
1081 1563 1290 1637 Friderieum
1318 1575 1388 1636 ante
1431 1605 1432 1628 r

257 1667 345 1738 diem
362 1664 555 1738 Michahelis
573 1665 697 1738 finitum
715 1664 946 1758 captivandum
962 1662 1114 1758 predixitq
1147 1665 1274 1734 curium
1300 1687 1390 1734 sunm

257 1765 382 1838 valoris
400 1775 531 1836 eentum
548 1785 732 1834 marearum
750 1761 878 1834 cuidam
896 1761 937 1832 de
955 1759 1131 1850 Monaehu,
1159 1763 1343 1856 pauisuenti
1361 1764 1388 1832 in

258 1865 469 1950 conuiuium„
494 1861 534 1932 nd
553 1871 675 1934 certam
693 1882 855 1934 summum
878 1863 1018 1954 pecunie
1041 1855 1193 1950 obligans
1219 1881 1389 1953 supereo.
1431 1857 1432 1944 t

256 1960 300 2033 Et
316 1965 350 2032 in
367 1961 420 2030 die
431 1959 624 2032 iiiiehuhelis
639 1959 733 2048 niterq
751 1960 853 2030 invito
863 1955 1018 2046 Martium
1036 1966 1070 2027 et
1080 1959 1234 2028 eontinuo
1245 1956 1390 2029 dieente:

263 2061 323 2130 Vos
340 2059 610 2130 minturnensi
634 2061 756 2143 curiam
779 2078 840 2150 per
862 2055 1014 2126 iudicium
1037 2057 1224 2148 oceupuvit,
1247 2053 1390 2149 quesibi
1431 2101 1432 2154 p

258 2165 423 2251 comperta
441 2159 582 2228 veritate
607 2167 659 2228 est
683 2155 850 2244 restiterim
877 2157 1013 2248 ipseque
1031 2151 1192 2226 Martinus
1215 2156 1390 2246 pecuniam

257 2259 408 2349 reeipere
425 2254 528 2326 nuluit
544 2256 744 2350 requisitam.
1012 2315 1013 2320 ,

317 2353 492 2425 Heinrieus
510 2374 638 2447 quoque
655 2351 834 2442 Australis,
853 2359 967 2444 eaptus
984 2354 1075 2442 regis
1093 2347 1269 2441 Buhemie,
1287 2353 1389 2424 resti-

258 2455 333 2525 tutis
350 2454 412 2546 ipsi
429 2452 503 2542 regi
515 2448 706 2546 quibusdem
717 2445 954 2527 municionibus
965 2447 1130 2538 Moruvie,
1148 2449 1389 2542 quasnustra-

256 2550 308 2622 les
326 2560 583 2642 occupaverunt„
608 2546 771 2620 liberatur.
814 2545 1000 2618 Friderious
1019 2549 1152 2618 veroin
1171 2557 1284 2619 eastre
1303 2549 1390 2620 Tru·

257 2651 380 2718 wesnit
397 2645 565 2718 Ludowiei
583 2646 758 2720 fortissimo
776 2648 808 2716 in
827 2647 1000 2716 triemrinm
1018 2644 1190 2715 detinetur.
1228 2644 1389 2740 Multique

256 2745 472 2832 Australium5
497 2747 671 2838 presertim
689 2743 731 2813 de
747 2741 880 2832 walse
904 2741 986 2814 dure
1004 2745 1096 2832 tenti,
1114 2745 1146 2812 in
1165 2747 1301 2836 mugnis
1320 2751 1390 2816 sunt

254 2845 403 2936 pecuniis
422 2841 542 2913 talliati.

322 2940 480 3012 Civitates
498 2961 581 3011 vero
598 2940 750 3014 Alsueie:
768 2936 988 3027 Columbaria,
1006 2937 1174 3030 Sletzstet
1191 2937 1390 3024 Ehenheim,

255 3036 432 3127 Rosheimq
467 3037 686 3129 Hn'genown„
725 3059 788 3132 que
813 3036 978 3108 Friderieo
1006 3035 1224 3128 adheserunt,
1265 3041 1391 3125 territe„

255 3135 495 3208 Hnmbelonem
514 3135 556 3206 de
573 3133 796 3227 Liehtenberg
813 3135 977 3208 Swevum
1000 3138 1034 3206 in
1058 3133 1257 3206 advoeutum
1276 3134 1391 3207 Ludu-

254 3237 330 3306 wioi
349 3237 481 3305 nomine
498 3245 705 3327 receperunt.
733 3232 897 3304 iohannes
916 3255 1045 3328 quoque
1057 3235 1231 3328 episeopus
1244 3233 1390 3327 Argen-

254 3334 392 3404 tinensis
412 3336 659 3403 conventuum
678 3335 727 3403 eis
746 3331 787 3401 de
806 3354 870 3402 non
889 3329 1075 3403 assistendo
1087 3331 1182 3402 alieni
1194 3333 1389 3404 eorundem.

254 3428 465 3502 Murehiones
476 3451 560 3500 vero
578 3429 620 3499 de
631 3429 744 3500 Bndeu
763 3440 1023 3524 perseverantes
1034 3431 1067 3498 in
1078 3427 1237 3523 Lupum
1257 3429 1390 3525 opidum

246 3525 330 3599 ¹Seis
355 3528 536 3620 imperiale
565 3531 614 3598 eis
638 3525 816 3619 obligatum
841 3551 900 3622 per
923 3525 1137 3615 Friderioum,
1161 3531 1312 3618 ingressi
1338 3533 1391 3600 in-

255 3624 452 3696 festaciones
486 3624 642 3718 plurimas
677 3629 856 3718 paciuntur.
913 3623 1079 3718 Ltipoldus
1107 3635 1218 3696 autem
1245 3630 1390 3698 veniens

253 3721 433 3812 Basileum„
461 3722 612 3794 miliciam
640 3726 846 3796 eunvoeavit.
890 3721 1094 3814 congregati
1122 3731 1231 3793 autem
1261 3723 1390 3795 nobiles

256 3823 423 3914 utriusque
448 3842 552 3892 sexus
569 3819 751 3914 Liipoldum
777 3819 945 3893 chorisure
970 3830 1004 3890 et
1025 3819 1205 3908 iocundum,
1233 3831 1389 3915 quantum

254 3927 416 4011 poterant,
435 3917 670 4012 compulerunt.
697 3917 744 3990 m
761 3919 813 3989 ilie
832 3919 908 3990 iecit
926 3921 1034 3989 omnin
1052 3915 1177 4011 ubsque
1195 3921 1277 3990 risu.
1304 3919 1391 3991 liiisit

255 4025 364 4085 autem
382 4017 614 4108 quinquaginta
633 4016 784 4108 galeatus
801 4015 1003 4104 Ensisheimp
1027 4017 1079 4110 qui
1097 4013 1389 4087 Columbmienses

255 4135 328 4184 eum
347 4111 565 4206 inquietudine
583 4114 791 4203 infestarunt„
809 4137 890 4210 quos
909 4113 1056 4208 pesthee
1068 4115 1100 4185 in
1111 4111 1187 4186 Seis
1200 4113 1388 4204 desp'nnvit.

310 4231 340 4306 1)
359 4229 471 4295 recessit
490 4249 537 4288 aus
556 4233 599 4307 A.,
618 4250 671 4297 uon
691 4235 817 4294 remansit
836 4235 865 4298 C.
902 4235 933 4306 2)
953 4233 1050 4306 richtig
1068 4241 1135 4310 sept.
1148 4233 1194 4296 28,
