3010 4822
477 197 921 282 nemarcosnmooumnsrs.
1189 223 1262 300 557

185 397 284 470 Anno
302 395 422 470 domini
441 399 690 470 mcccxuxiiii.
709 407 742 470 et
761 396 943 492 potttcaus
962 397 1012 468 sui
1029 395 1157 468 decimo
1174 417 1262 468 nono
1278 411 1350 468 1334

132 493 297 568 lobaunes
315 499 493 568 vicesimus
512 494 677 568 secundus
695 494 773 570 obiit
789 499 820 567 in
839 494 892 564 die
910 492 1006 564 beate
1022 491 1168 566 Barbare
1187 498 1262 565 vir-

132 595 220 683 ginis
240 591 327 681 [dec.
346 592 399 683 ll,
417 594 566 688 sepultus
584 597 615 664 in
634 593 775 666 eeclesia
801 595 923 664 maiore
948 591 1115 662 Aviniono
1143 594 1174 662 in
1199 614 1262 663 se-

131 687 269 782 pulchro
286 694 365 764 satis
382 695 537 786 pretioso.

182 786 381 860 Benedictus
408 811 492 884 papa
516 788 728 862 duodecimus
756 811 842 860 anno
868 788 986 860 domini
1012 787 1260 859 mcccxxxiiii.

128 889 199 956 xiii.
218 883 281 956 kal.
299 888 434 958 ianuarii
461 885 547 977 [dec.
566 885 630 975 20]
655 884 740 980 quod
764 897 816 958 est
838 889 872 958 in
890 883 1009 978 'vigilia
1033 883 1118 955 beati
1136 881 1261 956 Thome

131 982 271 1078 apostoli
289 983 415 1056 electus
428 983 609 1074 Annene,
627 982 711 1056 sedit
721 986 816 1055 annis
829 1006 867 1056 so
890 994 956 1056 tem
970 994 1003 1054 et
1014 992 1151 1078 quatuor
1161 1003 1262 1052 men-

130 1079 234 1153 sibus.
286 1080 347 1152 llio
364 1085 453 1175 prius
473 1091 609 1154 vocatus
627 1078 766 1153 lacobus
792 1080 834 1150 de
883 1079 1005 1152 actardi
1030 1090 1063 1150 et
1089 1077 1262 1150 cardinalis

130 1177 256 1250 ordinis
275 1177 518 1269 cisterciensis
537 1181 696 1272 magister
712 1181 743 1250 in
769 1177 955 1271 theologia,
979 1199 1081 1272 prope
1108 1176 1262 1248 Tolosam

130 1273 302 1365 oriundus,
318 1279 585 1368 consanguineos
595 1275 754 1348 modicum
763 1278 899 1348 curavit.
925 1275 1067 1348 Domino
1084 1271 1262 1346 Ludewioo

130 1371 373 1447 anathemizato
389 1396 449 1468 per
466 1385 714 1448 antecessorem
732 1395 827 1448 suum
854 1373 930 1446 lecit
952 1371 1072 1444 bonam
1099 1393 1192 1464 spem
1220 1371 1262 1441 de

129 1471 395 1544 reconciliatione
412 1474 514 1567 ipsius
532 1471 573 1544 ad
591 1472 784 1558 ecclesiam
811 1469 871 1544 sed
889 1472 965 1542 licet
991 1471 1109 1542 multas
1136 1461 1290 1560 legati-'

128 1589 214 1642 ones
233 1566 293 1640 sibi
310 1569 447 1659 lecerat„
465 1580 574 1640 tamon
592 1569 890 1640 reconciliationem
899 1566 939 1640 ab
958 1571 1029 1662 ipso
1040 1589 1106 1638 non
1117 1563 1260 1636 obtinuit.

128 1665 193 1736 llic
209 1687 276 1738 uon
293 1670 335 1738 ita
353 1670 518 1758 gratiosus
535 1671 567 1738 in
586 1665 743 1738 iaciendis
760 1669 874 1758 gratiis
891 1667 950 1738 luit
967 1667 1050 1738 sicut
1067 1675 1263 1736 antecessor

129 1785 222 1836 suus.
260 1759 384 1836 Omnes
402 1767 525 1856 gratias
543 1763 585 1834 de
603 1761 770 1836 benefieiis
789 1764 1043 1852 ecclesiasticis,
1070 1759 1185 1855 quibus
1210 1763 1261 1832 ius

128 1863 163 1931 in
180 1883 218 1932 re
244 1864 435 1956 acquisitum
458 1884 524 1934 non
548 1871 631 1952 erat,
655 1865 797 1934 omnium
827 1860 1101 1955 predecessorum
1127 1879 1262 1930 suorum

127 1962 303 2032 revocavit
332 1981 392 2052 por
419 1958 580 2053 quandam
612 1961 871 2030 constitutionem
902 1981 1015 2048 suam,
1043 1979 1107 2052 que
1135 1958 1260 2050 incipit:

131 2058 220 2128 Caco
238 2061 356 2128 cordis.
401 2053 556 2128 Semudo
579 2080 665 2130 anno
689 2053 920 2129 determinavit
946 2058 1132 2150 opinionem
1160 2075 1259 2146 supra

127 2158 327 2226 nominatam
342 2154 384 2226 de
402 2157 530 2230 visione
558 2158 739 2226 animarum
764 2164 950 2228 sanctarum
976 2152 1088 2224 divine
1113 2153 1260 2224 essentie

127 2263 207 2324 anto
224 2251 322 2324 linale
337 2251 502 2341 iudicium,
520 2249 673 2324 videlicet
699 2249 783 2345 quod
808 2254 916 2322 anime
940 2248 1037 2322 beate
1061 2248 1261 2343 perfecte'et

125 2348 287 2420 lacialiter
300 2349 452 2422 viderent
462 2347 607 2422 divinam
618 2352 796 2422 essentiam
808 2359 884 2420 ante
896 2358 1081 2419 extremum
1094 2343 1259 2434 iudicium,

127 2457 163 2517 ut
179 2457 269 2540 putet
285 2451 317 2518 in
334 2445 473 2541 quadam
491 2449 719 2520 constitutione
737 2467 810 2535 sua„
829 2467 892 2540 que
915 2447 1040 2538 incipit:
1068 2445 1260 2514 Benedictus

126 2548 216 2614 deus.
242 2544 304 2616 llic
320 2545 438 2616 multas
455 2543 532 2616 fecit
541 2545 787 2616 constitutiones
801 2565 860 2636 pro
870 2542 1105 2613 reformatione
1115 2542 1259 2610 omnium

125 2640 279 2712 ordinum
295 2643 539 2734 religiosorum„
556 2653 590 2714 et
608 2639 827 2735 principaliter
854 2639 894 2710 ad
919 2637 1184 2710 reformationem
1210 2639 1261 2708 sui

123 2737 251 2811 ordinis
269 2737 509 2814 Cisterciensis.
562 2739 661 2810 Anno
678 2739 780 2831 ipsius
807 2747 921 2831 quarto
944 2738 1108 2808 maximus
1133 2744 1260 2807 cometa

123 2837 263 2910 rutilans
281 2847 333 2910 est
349 2840 456 2926 visus,
474 2846 508 2906 et
524 2833 685 2910 discordia
704 2831 746 2906 de
758 2858 819 2930 qua
831 2835 916 2906 inira
927 2836 1047 2926 ingens
1062 2835 1260 2926 interreges

123 2932 267 3007 Frauoie
285 2944 319 3005 ot
335 2934 460 3026 Anglie
478 2945 530 3008 est
547 2930 689 3007 suborta.

175 3031 277 3103 Anno
310 3031 431 3103 domini
460 3033 724 3104 mcccxxxviii.
754 3053 841 3104 nono
879 3029 932 3104 die
968 3032 1093 3104 mensis
1124 3027 1259 3098 ianuarii
1277 3035 1347 3094 1338

123 3128 235 3200 Rome
252 3139 430 3224 tempestas
448 3129 648 3202 validissima
661 3125 766 3200 subito
785 3133 990 3224 supervenit,
1008 3151 1053 3198 ex
1065 3149 1126 3220 qua
1138 3147 1259 3216 magna

122 3247 204 3320 pars
223 3226 365 3300 ecclesie
381 3224 479 3298 beate
497 3225 601 3300 Mario
620 3229 751 3299 maioris
769 3225 934 3300 destructa
960 3225 1037 3314 luit‚
1063 3233 1096 3293 et
1119 3217 1258 3316 quedam

122 3323 301 3418 oolumpne
319 3346 398 3395 eree
415 3319 534 3396 ibidem
550 3333 765 3398 transmutata
783 3323 825 3394 de
843 3325 917 3400 loeo
937 3327 969 3394 in
986 3323 1108 3411 locum„
1133 3329 1166 3390 et
1194 3318 1260 3390 de-

121 3441 245 3494 mones
262 3418 381 3493 ibidem
400 3423 605 3515 congregati.

173 3519 276 3590 Anno
298 3517 419 3590 domini
445 3519 635 3592 mcccxlii.
663 3515 772 3590 indie
799 3515 885 3590 beati
913 3518 1016 3592 lilaroi
1048 3515 1259 3608 evangeliste
1276 3531 1345 3588 1342

122 3619 211 3710 [apr.
226 3615 290 3706 25]
308 3615 387 3688 obiit
402 3615 588 3690 Bonilaoius
606 3613 811 3712 pontificatus
831 3619 881 3691 sui
909 3640 995 3692 anno
1020 3626 1140 3688 octavo
1164 3613 1259 3684 Avi-

119 3717 238 3804 uione‚
255 3723 289 3784 et
304 3712 346 3785 ibi
365 3723 417 3786 eet
433 3715 592 3808 sepultus.

174 3812 275 3882 Anno
302 3809 421 3884 domini
445 3811 663 3884 m.ccc.xl.iii.¹
691 3809 858 3905 Rupertus
882 3810 1004 3904 Apulie
1029 3821 1063 3880 et
1087 3808 1196 3880 Sicilie
1219 3829 1259 3877 ae

118 3908 306 3982 ierusalem
324 3931 399 4000 rex,
418 3919 451 3979 et
467 3931 579 3980 comes
597 3909 771 3984 Provincie
789 3918 935 3979 mortuus
953 3917 1013 3980 est.
1040 3905 1094 3980 Ex
1111 3905 1160 3978 bis
1179 3925 1257 3974 om-

118 4006 220 4079 nibus
238 4009 352 4097 regnis
371 4029 410 4078 se
428 4010 558 4100 scripsit
574 4007 649 4078 lieet
666 4005 805 4100 quedam
823 4027 890 4076 non
907 4003 1100 4098 possideret.

178 4155 209 4222 1)
229 4171 262 4210 so
281 4154 437 4210 verbessere
457 4156 498 4210 iob
519 4156 585 4210 nach
606 4155 665 4210 dem
684 4153 839 4208 wirldicben
860 4151 995 4207 todesiobr
1020 4149 1133 4207 lloberts
1160 4150 1203 4208 die
1230 4149 1257 4208 in

119 4227 175 4286 den
190 4225 342 4282 abdrt'rclren
363 4225 519 4282 betindlicbe
540 4225 622 4300 irriga
641 4225 703 4280 Zabl
724 4223 874 4280 mcccxlv.
