2882 4818
356 243 521 304 usisibus
540 239 879 300 nunwsttottusunsts.
1043 285 1045 290 -
1108 241 1179 315 159

61 420 231 492 dtakarunn
248 429 303 490 est
319 417 496 512 proiectus.
533 417 614 489 Cum
633 441 696 512 quo
713 415 987 512 ipseBasiliensis
1006 416 1180 508 episcopus

60 542 124 591 curn
141 529 276 590 oenum
294 517 469 590 dextrariis
487 519 544 588 ivit
561 519 689 610 proprio
708 519 740 586 in
761 535 914 610 persona.
957 513 1181 584 Transeuntes

59 627 160 688 autem
179 618 303 688 silvarn
320 615 459 686 Boemie
475 636 535 709 per
551 618 739 702 invasores
767 616 820 707 qui
838 613 1002 703 fugientes
1022 609 1182 682 diceban-

58 721 131 804 tnr¹.‚
154 715 299 807 dampna
317 714 453 807 plurima
473 721 547 784 sunt
563 715 722 806 perpessi.
765 709 949 805 Episcopus
968 718 1074 778 aitteni
1099 730 1182 801 per·
1264 717 1269 722 “

58 815 210 885 sonaliter
234 821 354 884 tenens
382 821 564 882 extremam
589 813 755 881 exereitus
779 807 978 896 custodinnnq
1006 809 1181 880 invasores

58 915 165 982 iterum
186 913 364 981 venientes
383 911 512 980 invasit.
549 909 611 996 Qui
628 911 659 978 in
678 928 808 979 annnern
826 906 992 996 fugientes
1010 925 1102 976 inore
1120 927 1183 976 so-

58 1010 108 1080 iito
124 1009 269 1080 transire
287 1003 474 1077 credebant.
500 1005 683 1099 Episcopus
696 1001 1183 1098 ve1opersonaliterindurnen

58 1107 242 1199 prosiliensq
261 1127 358 1198 quent
377 1107 428 1175 sui
446 1101 678 1196 sequebantur„
696 1105 781 1196 oepit
798 1101 952 1182 eosdem;
978 1120 1059 1191 quos
1077 1098 1183 1170 nudos

59 1207 161 1294 ligans
180 1223 285 1296 super
302 1205 396 1295 equis
414 1223 527 1272 secum
545 1200 636 1272 duxit
653 1211 716 1272 tam
736 1201 802 1288 diu,
827 1219 996 1294 quousque
1017 1197 1182 1266 buerunta

59 1322 240 1371 muscarum
260 1302 452 1370 corrosione
468 1301 645 1392 perempti3
663 1319 756 1369 neca
774 1295 890 1368 talibus
904 1296 1034 1367 inerant
1046 1294 1183 1388 amplios

60 1398 205 1470 infestati.
243 1395 422 1468 Dicebatur
439 1407 548 1466 autern
565 1396 607 1466 de
625 1418 745 1487 magna
764 1393 964 1464 multitudine
982 1395 1183 1462 inimioonun

60 1499 274 1567 existencium
291 1498 323 1565 in
342 1495 438 1564 silva.
475 1494 569 1581 Quod
588 1516 661 1564 onin
677 1515 741 1564 rex
759 1492 896 1564 dixisset
914 1493 1080 1584 episcopoq
1098 1490 1183 1560 dici-

61 1605 107 1663 tur
123 1593 209 1687 quod
228 1594 337 1664 statim
355 1594 529 1686 episcopus
547 1595 747 1685 procuravit,
765 1590 850 1684 quod
864 1591 1048 1682 quingenti²
1062 1587 1182 1678 galeati

61 1692 136 1762 ultra
161 1691 286 1761 flumen
310 1692 399 1760 iuxta
423 1693 514 1779 regis
538 1692 720 1760 exercituin
743 1698 985 1782 processerunt.
1027 1686 1183 1774 Queronti

61 1798 165 1858 annin
182 1789 274 1879 regi:
301 1791 359 1875 qui
375 1795 480 1856 essent
500 1789 571 1857 itti?
598 1789 788 1880 episcopus:
816 1788 904 1873 qood
922 1804 987 1872 pro
1011 1805 1049 1854 eo
1073 1789 1183 1870 essent,

61 1884 235 1980 respondit.
271 1885 325 1956 De
340 1881 457 1978 quibus
475 1906 538 1954 rex
553 1883 674 1955 tediuin
692 1881 831 1959 habens„
850 1885 1039 1977 episcopum
1056 1891 1092 1952 ut
1108 1878 1184 1952 nbi·
1291 1941 1295 1948 .

61 1993 130 2054 rent
145 1985 297 2075 rogavit3
324 1985 377 2075 qui
394 1979 525 2052 iubente
543 1983 698 2075 episcopo
716 1977 873 2050 obierunt.

128 2082 231 2152 Venit
247 2091 357 2152 autem
375 2076 537 2150 Otakarus
555 2102 629 2150 cuin
653 2082 800 2149 exercitu
824 2075 1048 2149 inununerabili
1072 2087 1183 2148 contra

61 2200 182 2269 regern.
225 2177 304 2248 Rex
320 2187 430 2248 autern
446 2197 513 2247 non
530 2178 562 2245 in
587 2179 692 2266 signis
715 2176 916 2266 egisset
940 2177 973 2245 in
996 2177 1095 2246 arinis
1119 2197 1182 2246 non

61 2279 194 2366 signatis
219 2286 254 2346 et
279 2273 480 2366 rubiginosis
506 2271 623 2367 prodiit
646 2271 686 2343 ad
714 2273 906 2344 condictum.
949 2271 1050 2342 Venit
1076 2281 1184 2342 autern

62 2373 184 2466 quidam
194 2373 317 2444 valens
335 2371 376 2442 ad
394 2393 524 2462 regemq
542 2373 678 2464 cupiens
697 2367 737 2440 ab
756 2391 797 2440 eo
815 2374 922 2442 animo
940 2366 1000 2442 sibi
1018 2369 1186 2440 serviendi

61 2469 176 2542 donum
192 2468 329 2542 bebere.
371 2467 465 2556 Quod
483 2491 557 2540 curn
577 2489 639 2540 rex
661 2478 853 2556 rennueret
877 2471 970 2539 venit
986 2465 1028 2537 ad
1046 2463 1186 2536 Ottaka-

61 2591 144 2656 ninn3
169 2579 202 2639 et
227 2569 313 2640 illius
332 2565 418 2637 dono
432 2577 566 2660 recepto
584 2567 742 2660 promisit
766 2587 883 2654 regern
901 2575 1185 2660 quantumcunque

63 2687 96 2733 se
112 2663 371 2738 abscondentem
389 2665 568 2756 posituntm
590 2663 631 2733 od
655 2672 785 2734 terrain.
823 2662 949 2734 Videns
974 2672 1082 2732 autern
1101 2658 1186 2731 Oto·

62 2761 154 2834 karus
173 2765 356 2836 exercitum
374 2764 479 2852 regis,
503 2770 535 2830 et
558 2759 643 2854 quod
667 2783 756 2848 eumq
781 2760 865 2852 quod
889 2782 954 2832 non
980 2757 1186 2844 credidisset„

63 2863 159 2931 titane
174 2859 319 2946 nolebat
338 2861 478 2930 accessit
489 2857 607 2928 dietum
620 2856 802 2930 Zewiisch³
814 2857 996 2929 Bohernutn
1008 2866 1186 2951 potentem„

63 2961 146 3028 cuins
165 2957 275 3028 fratris
297 2955 397 3026 filiam
421 2953 674 3049 ipse'Otakarus
698 2954 813 3027 dolose
832 2958 988 3046 cognovit
1006 2965 1039 3023 et
1060 2963 1185 3046 patrem

65 3057 128 3124 eius
145 3059 179 3126 in
197 3057 278 3125 turri
294 3057 374 3145 igne
393 3052 520 3142 occidit
539 3051 652 3124 dicens
671 3053 730 3123 illi:
753 3056 842 3140 quod
857 3057 1045 3142 iquoscercl,
1062 3054 1092 3119 si
1109 3053 1189 3136 qnid

64 3169 198 3239 requam
216 3155 298 3221 moti
315 3153 419 3240 eqen't
434 3159 549 3220 contro
565 3154 678 3239 domm,
696 3159 733 3219 nt
742 3161 902 3240 perpenso
913 3151 1186 3218 ditoreteondon.

65 3243 115 3318 die
126 3271 226 3321 vero:
245 3253 336 3338 quod
346 3269 412 3340 pro
423 3267 536 3318 conon
549 3257 661 3336 posset
673 3250 814 3330 fideliter
827 3263 986 3337 prtqoora
1004 3241 1185 3338 respondit

67 3365 245 3439 segregans
264 3369 303 3420 se
321 3343 361 3416 ab
380 3344 534 3416 Ottakaro
553 3369 627 3416 euni
645 3346 757 3418 electis
776 3343 902 3418 duobus
921 3341 1048 3415 milibus
1067 3340 1185 3411 Bobe-

68 3461 192 3514 uorum.
293 3441 637 3538 Appropinqnantibus
661 3452 770 3516 autern
795 3447 949 3515 timoros'e
974 3451 1007 3512 et
1033 3441 1184 3534 pandatint

69 3541 255 3615 exercitibus
273 3541 314 3611 ad
332 3540 528 3628 condictum„
546 3539 707 3612 Ruuoins
725 3539 767 3611 de
785 3541 893 3628 Reno
911 3539 1005 3610 miles
1017 3537 1185 3610 Basilien-

70 3639 120 3724 sis„
143 3661 261 3711 sonora
280 3659 365 3710 voce
383 3641 537 3728 conterit
563 3637 648 3731 quod
666 3659 727 3732 per
743 3637 857 3710 annbos
876 3641 1043 3708 exereitus
1065 3634 1185 3706 auidio-

71 3729 165 3805 batur:
192 3739 336 3807 nonno
352 3745 468 3806 coneto
485 3737 606 3822 Morio,
625 3740 758 3806 domitto
775 3737 911 3806 corteto!
935 3733 1020 3828 quod
1038 3746 1185 3824 ternpore

71 3825 178 3904 letanie
203 3837 314 3905 rustici
343 3843 482 3904 contant.
531 3833 807 3904 Preo'rdinaverot
836 3839 944 3902 autern
976 3829 1183 3920 liteinricus]

74 3930 203 4002 narcbio
227 3930 270 4002 de
292 3929 463 4021 Hoidtergq
491 3930 577 4023 quod
601 3929 862 4024 quandocunque
885 3932 957 4023 ipse
981 3931 1013 3997 in
1038 3925 1186 3997 condictu

95 4170 100 4180 Ι
120 4101 145 4170 i)
163 4107 316 4164 dicebantur
335 4123 382 4161 atis
400 4107 430 4162 Α.
468 4105 499 4172 2)
519 4065 660 4178 quingenti
678 4109 703 4162 B.
720 4108 773 4163 und
790 4073 886 4178 θυεμ,Ι
899 4102 1003 4161 ducenti
1019 4103 1050 4158 Α.
1088 4103 1118 4170 3)
1134 4103 1187 4158 Za-

76 4175 214 4306 :bchlibbtb
222 4178 461 4306 iqtqsneulqssrtqcoder
475 4179 658 4246 intuentem
678 4177 806 4249 iibrigens
821 4177 893 4233 woid
909 4176 968 4231 eine
982 4175 1188 4244 verwecbsinng
