3036 4822
246 279 400 342 cunculct
413 282 592 342 nocuerint
604 283 752 342 ntscttttt
765 283 962 344 FRAGMENTA
976 282 1155 343 cottecvn.
1192 283 1264 362 373

136 457 299 531 invenire.
334 457 377 530 Et
399 461 495 530 etiem
513 482 679 532 cameram
703 463 778 532 sive
801 459 908 532 cubile
929 461 1157 555 imperatricis¹
1184 463 1351 534 vio-1372

135 558 244 630 lenter
266 555 440 629 destructis
462 561 580 652 portis²
598 562 803 630 intraverunt
820 569 853 630 et
870 579 952 652 quoe
975 569 1125 653 poterant
1148 559 1190 630 ibi
1206 563 1264 631 in-

136 657 255 726 venire
273 664 350 726 mne
365 658 399 726 in
414 655 501 728 lecto
514 665 546 726 et
560 654 673 728 subtus
690 655 811 728 lectum
828 659 1055 750 imperatricis¹
1075 656 1265 730 occidemut

134 749 356 842 domionis,
373 755 540 846 rapientes
553 757 651 826 etiem
662 753 802 848 quedam
812 752 854 825 de
865 753 1022 826 clenodiis
1039 757 1263 847 imperatricis.

134 849 234 921 Unde
248 853 426 945 imperator
442 861 476 922 et
491 855 681 948 imperatrix
703 852 838 924 multum
860 850 1018 943 indignati
1042 861 1137 937 sunt3
1161 852 1263 924 altera

133 945 192 1017 die
208 969 337 1020 summo
355 969 451 1018 mane
468 959 690 1024 recesserunt.
716 947 822 1020 Etiam
839 971 955 1020 omnes
973 945 1102 1022 honesti
1113 952 1206 1022 cives
1219 972 1265 1022 ex

133 1044 190 1116 iilo
201 1044 288 1160 iacto
299 1044 608 1136 muttumtolebom,
627 1057 784 1140 etpostea
802 1047 920 1118 multos
932 1045 974 1116 de
987 1047 1050 1118 illis
1061 1045 1263 1118 occisoribus

134 1153 399 1236 captivaverant,
426 1153 459 1213 et
480 1153 550 1216 tres
568 1147 707 1217 incuria
726 1154 802 1215 ante
825 1145 942 1215 dictam
969 1147 1179 1217 emunitatem
1197 1143 1263 1215 de·

132 1241 362 1333 copitaverunt
378 1241 450 1313 aliis
468 1241 637 1316 dimissis.³
664 1243 814 1331 (sonmo
826 1242 908 1331 330,
919 1243 1054 1312 Ioannis
1065 1245 1090 1330 1,
1104 1243 1206 1334 683.)
1268 1269 1272 1280 ·
1406 1245 1410 1258 “

186 1337 316 1430 [1373]
346 1337 396 1408 Eo
419 1349 566 1432 tempore
590 1339 801 1412 Eberhardus
825 1338 976 1412 dominus
1000 1343 1032 1410 in
1058 1340 1263 1434 Eppenstein
1278 1347 1348 1405 ¹3⁷³

131 1439 313 1530 assumpsit
335 1433 396 1508 sibi
411 1435 611 1510 latrunculos
636 1438 802 1526 diversos,
826 1435 963 1508 vadavit
980 1435 1173 1528 Megaram,
1196 1437 1264 1510 de-

131 1537 226 1604 tinuit
249 1531 368 1604 ibidem
391 1555 508 1606 omncs
530 1557 638 1608 naves
657 1533 700 1606 de
717 1533 887 1624 Mogontia
905 1531 1124 1606 Frankeniort
1147 1545 1263 1608 uane-

131 1641 264 1720 euntes„
283 1641 315 1701 et
323 1629 442 1702 ibidem
460 1635 638 1725 captivavit
657 1633 775 1704 multm
794 1640 995 1703 mercatores
1007 1642 1165 1702 eteorum
1176 1631 1262 1704 sub-

130 1731 269 1800 stantias
294 1725 436 1816 abstulit
460 1738 494 1798 et
518 1751 674 1822 magnum
701 1728 891 1802 thesaurum
916 1726 958 1798 de
983 1731 1032 1800 eis
1056 1732 1261 1823 conquisivit

127 1825 173 1896 Et
190 1825 320 1918 quidam
338 1835 432 1896 erant
449 1825 490 1897 de
508 1825 652 1920 portibus
669 1821 876 1898 inferioribus
887 1823 929 1895 de
939 1825 1166 1920 aquisgrano,
1184 1829 1262 1922 qui-

130 1921 208 2038 dam
225 1921 393 2016 seeptro,
411 1923 539 2017 quidam
558 1923 599 1994 de
612 1923 762 1996 Eriordia
780 1923 872 1994 etde
890 1921 1031 2037 diversis
1048 1924 1129 1996 loeis
1147 1946 1262 2016 nego-

128 2031 478 2211 pprpppppp
490 2017 1262 2213 ttttttdtttll'ltttttttttlt

127 2213 188 2286 vel
207 2213 461 2382 eaprohiheret.
488 2217 639 2306 (Scluat
654 2217 754 2307 333.)

182 2311 248 2403 [13
273 2309 313 2403 3]
339 2313 420 2386 Turn
444 2312 627 2406 Gregorius
651 2337 734 2408 papa
760 2313 813 2386 diu
837 2311 958 2388 distulit
980 2311 1260 2388 confirmationem

127 2409 265 2504 predicti
293 2409 527 2506 archiepiscopi
553 2409 716 2504 [Adollrh
743 2415 947 2504 imperatoris
972 2410 1203 2506 impedimento
1226 2423 1261 2482 et

126 2505 306 2676 Jsusp-ilrendo
316 2530 376 2623 pro
388 2511 541 2694 appispppp
551 2507 804 2695 Eprplpergensi
822 2511 874 2602 qui
892 2509 950 2582 luit
966 2511 1098 2581 natione
1114 2507 1259 2580 marchio

177 2627 362 2680 ssenensrs.
433 2627 451 2676 c
495 2627 518 2676 o
625 2661 632 2675 .

177 2703 299 2774 Postea
324 2727 398 2774 cum
420 2725 503 2798 papa
526 2703 707 2796 Gregorius
731 2708 915 2798 recepisset
936 2707 1007 2777 xxii
1030 2705 1128 2776 millia
1152 2704 1259 2777 llore-

125 2821 261 2888 norum‚
289 2823 371 2895 quos
395 2799 535 2872 Adolfus
560 2798 619 2874 sibi
648 2803 780 2872 nomine
807 2800 978 2874 decimae
1003 2803 1093 2876 clero
1116 2801 1258 2876 diocesis

125 2897 325 2992 Moguntine
349 2909 382 2968 et
405 2921 423 2967 a
446 2919 483 2968 se
507 2900 579 2992 ipso
602 2910 839 2992 procuraverat
862 2910 895 2970 et
918 2903 1015 2990 misit,
1040 2911 1073 2972 et
1096 2923 1170 2972 cum
1193 2903 1258 2971 iam
1316 2987 1321 2994 ⁶

127 2995 295 3092 predictus
312 2993 454 3068 Adollus
477 2993 612 3066 firmiter
634 3005 763 3092 putaret
780 3019 818 3068 se
836 2997 1021 3068 confirmari
1044 3021 1105 3091 per
1126 3019 1258 3093 papam,

123 3093 215 3164 idem
233 3112 329 3186 papa,
349 3092 533 3163 deludendo
550 3097 669 3189 ipsumq
688 3097 838 3188 quamne
857 3105 952 3166 antea
971 3117 1104 3188 semper
1121 3091 1258 3166 sihiho-

124 3213 206 3261 nurn
224 3187 324 3259 finem
343 3189 585 3285 spopondisset„
604 3194 675 3286 ipso
693 3201 801 3262 amoto
818 3190 960 3286 providit
972 3189 1139 3262 Lodovico
1150 3189 1258 3262 Bam-

123 3285 286 3380 hcrgensi
305 3289 459 3381 episcopo
477 3289 519 3357 de
537 3288 619 3359 sede
636 3286 839 3380 Mogontina.
875 3285 917 3358 Et
935 3288 1049 3383 quales
1067 3286 1142 3358 indo
1160 3291 1258 3359 inso-
1289 3313 1291 3320 ·

122 3387 242 3474 lentie„
260 3383 417 3477 pericula,
431 3381 516 3455 mola
529 3395 562 3455 et
572 3385 774 3457 incommoda
786 3389 819 3456 in
830 3385 1028 3457 Alemannia
1043 3395 1119 3458 sunt
1129 3395 1258 3473 exorta,

124 3481 241 3552 videat
258 3479 353 3568 (leusq
372 3492 405 3552 et
422 3481 542 3553 iudicet
558 3493 709 3555 auctores
727 3487 806 3555 tanti
825 3482 909 3555 mali.
938 3485 1092 3572 (loannis
1109 3486 1134 3574 i,
1154 3485 1258 3572 690.)

176 3577 308 3693 [lent]
334 3577 454 3650 Contm
478 3579 656 3676 predictam
678 3585 917 3676 promotionem
938 3579 1122 3672 [Ludowioi
1145 3580 1258 3652 archi·
1274 3591 1344 3648 tert

124 3677 290 3793 episcopi]
315 3677 626 3794 viriliteropposuit
640 3701 688 3794 ‘se
713 3676 855 3750 Adollus
881 3683 1056 3774 episcopus
1079 3678 1258 3773 predictus„

124 3773 1259 3967 {lint”itti-'tltttltttlltt‘tttttittttnlt

122 3966 209 4040 biles
228 3967 271 4038 de
289 3971 446 4040 societate
463 3969 652 4061 Stellarum
677 3993 814 4066 quorum
835 3980 923 4041 tauta
945 3969 1005 4041 suit
1020 3969 1201 4058 mrdtitudm
1223 3981 1260 4040 ut

124 4070 223 4137 mom
241 4070 421 4160 imperator
436 4069 526 4161 ipsos
544 4079 658 4162 posset
674 4068 860 4140 formidare.
887 4066 1038 4157 (senaab
1052 4068 1152 4158 334.)

126 4213 350 4340 beilgchsacuipaah:
377 4214 551 4288 imperatoris.
587 4217 618 4288 2)
636 4217 758 4274 loannis:
783 4219 916 4274 destructa
935 4223 1019 4292 porta.
1057 4215 1087 4286 3)
1105 4233 1128 4272 a.
1149 4215 1173 4271 d.
1194 4215 1259 4276 iehlt
