2902 4820
257 197 436 258 munituna
455 198 645 258 statuuntur
664 199 771 258 GESTA
790 199 1030 258 tututtnuonutt.
1132 201 1201 276 631

73 376 169 449 baur
186 376 251 448 boc
267 377 440 465 scismate,
458 383 492 446 et
514 373 599 470 quod
617 377 742 446 tetiam
768 377 960 448 scismaticis
984 379 1077 471 papis
1101 385 1205 448 morte

71 477 245 570 percussis
263 473 354 546 sulus
371 476 504 546 viveret
521 472 727 563 Alexander,
745 495 809 546 nec
823 496 890 547 ncn
913 485 946 546 et
967 476 1085 548 timens
1109 484 1206 546 astu-

73 579 150 646 tiam
170 570 427 644 lombardorum
445 580 478 643 et
490 574 764 666 conspirationem
785 572 826 644 de
837 593 926 645 ucvo
937 595 1033 668 quam
1045 571 1205 662 fecerant,

72 673 279 766 sollempnes
296 672 426 742 nuntios
444 667 562 742 direxit
578 669 619 740 ad
637 692 768 764 papam,
785 675 837 766 qui
864 692 925 764 per
948 692 1040 742 mare
1066 671 1207 744 Romam

71 775 137 842 iam
158 779 310 858 venerat,
336 779 370 840 et
391 767 687 840 reconciliationem
716 767 756 839 ab
781 791 822 840 eo
845 779 879 840 et
903 790 1018 863 pacem
1045 767 1207 841 humiliter

70 868 262 962 postulavit
289 865 388 938 Facta
402 876 454 938 est
467 875 576 939 autern
589 888 668 960 panq
679 877 714 938 ut
728 890 747 938 a
759 865 950 962 quibusdam
962 865 1073 940 audivi
1084 865 1206 938 Vene-

70 969 125 1038 tiis
150 987 240 1036 anuo
263 963 384 1036 domiui
409 965 588 1038 m.o.lx.vii.
640 962 715 1054 Ubi
743 987 818 1037 cum
840 988 924 1060 papa
949 975 1041 1038 esset
1065 987 1141 1036 eum
1165 963 1206 1036 ab

69 1065 420 1136 excommunicationis
442 1065 602 1136 sententia
631 1065 819 1152 soluturus,
848 1085 948 1158 super
971 1063 1089 1135 collum
1144 1084 1206 1134 rc-

70 1167 167 1234 strati
184 1163 277 1254 regis
295 1159 337 1231 ad
354 1171 475 1232 terram
494 1171 527 1232 et
544 1160 586 1232 ad
603 1160 706 1255 pedes
725 1184 766 1256 pa
826 1163 964 1234 iacentis
982 1163 1089 1254 posuit
1114 1086 1205 1234 bex-

69 1273 160 1332 trum
177 1257 323 1354 podem¹
343 1258 632 1354 psalmographum
659 1259 737 1332 illud
763 1184 896 1332 dicem:
930 1260 1035 1348 Super
1058 1262 1206 1348 aspidem

69 1369 105 1430 et
113 1361 303 1430 desdiacrm
322 1359 505 1429 ambulabis
525 1366 558 1428 at
577 1359 784 1429 conartcodta
799 1361 925 1430 taonem
948 1367 982 1429 et
999 1360 1206 1428 ἀναοοηοηι.2

68 1455 317 1530 Reconciliatus
343 1459 443 1548 igitur
470 1458 664 1550 imperator,
699 1479 758 1550 pro
787 1455 1017 1528 emendatione
1046 1456 1206 1527 malcrum

68 1577 137 1649 que
156 1555 281 1626 lecerat
298 1555 329 1626 ei
346 1575 429 1648 papa
444 1575 575 1626 mucem
586 1557 739 1646 imposuit
748 1557 780 1625 in
791 1550 971 1628 subsidium
981 1563 1070 1624 terre
1081 1563 1204 1628 sancte.

69 1653 157 1724 Cum
176 1662 285 1724 autem
303 1652 451 1726 Romana
470 1651 612 1724 ecclesia
629 1655 719 1745 prius
745 1652 852 1724 mutus
877 1647 1084 1724 scismatibus
1109 1650 1207 1723 fuerit

69 1771 250 1840 concussa,
268 1753 330 1823 isto
347 1759 457 1822 umen
474 1751 629 1823 scismate
645 1750 769 1822 nullum
793 1747 1024 1822 vehementius
1041 1747 1207 1822 incanduit

68 1861 128 1921 aut
156 1847 275 1920 diutius
305 1849 555 1943 perseveravit,
580 1869 640 1943 per
664 1870 769 1922 annos
787 1849 875 1920 enim
902 1845 1047 1920 sedecim
1081 1869 1205 1942 perse-2

69 1949 216 2018 veravit.

120 2045 196 2116 Huc
212 2047 244 2116 in
261 2055 409 2138 tempore
430 2041 638 2138 Rodulpbus³
657 2041 864 2118 Coloniensis
878 2046 1053 2138 episcopus
1067 2067 1205 2139 corpora

70 2147 170 2216 trium
189 2165 361 2236 magorum
378 2141 420 2214 de
439 2141 580 2214 ecclesia
597 2145 701 2215 sancti
718 2141 886 2234 Eustorgii
903 2141 1072 2232 auferensa
1090 2145 1122 2214 in
1140 2165 1205 2238 qua

67 2264 161 2314 nunc
179 2241 297 2313 batres
314 2239 542 2313 Predicatores
559 2244 717 2330 exisumt,
733 2244 767 2311 in
785 2239 955 2312 Coloniam
971 2242 1205 2334 transportavit

69 2351 105 2414 et
124 2338 168 2412 ibi
186 2341 219 2410 in
238 2337 343 2412 tumba
362 2359 546 2411 marmorea
565 2336 742 2410 honorilice
760 2339 952 2426 collocavit7
970 2338 1079 2410 midde
1097 2339 1204 2431 preti-

68 2443 141 2512 osis
159 2435 319 2533 lapidibus
338 2447 507 2508 exornata.
534 2435 609 2529 Ego
626 2441 699 2531 ipse
715 2436 800 2508 banc
817 2433 959 2508 tumbam
978 2434 1054 2507 vidi.
1080 2433 1204 2506 Eorum

71 2548 183 2609 autem
202 2546 278 2609 sunt
294 2535 455 2630 inequalia
475 2538 609 2630 cupita,
636 2537 709 2630 quia
733 2555 833 2606 unum
862 2544 915 2605 est
940 2534 1060 2606 ceteris
1085 2535 1204 2622 maius,

68 2633 161 2708 aliud
180 2637 298 2706 ceteris
316 2636 437 2722 minus,
456 2631 515 2706 sed
541 2637 668 2705 bertium
697 2635 782 2703 iuter
804 2630 868 2703 bec
890 2629 955 2704 duo
981 2641 1034 2705 est
1059 2629 1204 2702 medium

71 2745 194 2806 tenens
210 2733 327 2804 locum.
365 2730 493 2803 Verum
510 2733 543 2803 in
560 2733 674 2803 minori
693 2729 777 2802 dioto
794 2733 858 2802 iarn
877 2732 982 2824 capite
1009 2739 1061 2802 est
1084 2727 1204 2823 aliquid

70 2831 115 2903 de
132 2830 278 2926 capellis.
329 2829 403 2902 llac
419 2831 506 2901 enim
524 2851 661 2924 corpora
678 2825 793 2901 beatus
810 2827 1008 2920 Eustorgius
1026 2850 1045 2898 a
1063 2827 1204 2922 quodam

71 2951 176 3022 rege,
201 2930 252 2999 cui
282 2927 447 3000 militanda
471 2931 659 3016 servierat,
687 2929 855 3020 impetratu
880 2927 977 2998 simul
1003 2949 1076 2998 cum
1105 2921 1204 2997 archa

70 3025 202 3122 lapidea
231 3048 304 3097 eam
330 3025 527 3098 miraculose
560 3028 662 3119 primo
692 3020 818 3096 duabus
847 3028 958 3098 vaccis
988 3020 1203 3110 trahentibus

71 3124 193 3198 deinde
210 3125 309 3196 leone
326 3133 360 3195 et
375 3145 467 3213 urso,
485 3127 538 3218 qui
558 3145 677 3194 vaccas
696 3121 926 3210 comederant,
944 3119 986 3192 ad
1010 3143 1102 3192 mare
1119 3142 1203 3214 por-

70 3224 178 3311 duxit,
196 3220 289 3294 etde
307 3221 587 3314 Constantinopoli
606 3219 826 3293 Mediolanum
843 3241 903 3314 per
914 3240 1005 3290 mare
1016 3228 1203 3311 terramque

71 3323 234 3416 portevin
262 3317 315 3391 ubi
342 3323 375 3391 in
403 3319 546 3392 ecclesia
570 3317 610 3390 ad
635 3318 793 3390 bonorem
817 3321 887 3390 eius
915 3327 1029 3411 postea
1048 3311 1203 3388 fabricata

71 3420 206 3492 fuerunt
223 3439 327 3512 usque
345 3417 386 3488 ad
404 3421 468 3489 iam
486 3414 569 3490 dicta
588 3427 733 3511 tempora
756 3415 931 3489 Frederici.
980 3412 1093 3510 ltaque
1120 3416 1203 3486 inter

72 3521 304 3612 imperatorem
323 3526 357 3587 et
372 3536 503 3610 papam„
521 3525 557 3587 ut
573 3513 694 3588 dictum
711 3527 774 3606 est
789 3514 964 3610 paoelaota
976 3535 1063 3585 anno
1076 3513 1202 3607 imperii

73 3613 242 3688 Frederici
258 3616 418 3687 vicesimo
435 3615 550 3703 tercio,
567 3612 626 3688 sed
651 3615 810 3687 sessionis
838 3635 922 3707 pape
949 3611 1077 3683 decimo
1102 3631 1202 3696 nonoq

74 3712 273 3786 Alexander
289 3709 391 3785 tribus
409 3714 504 3784 annis
523 3710 728 3806 postmodum
740 3713 937 3806 supervixit
948 3708 1008 3782 scd
1019 3706 1204 3802 quindecim

73 3814 116 3882 im
141 3821 262 3885 erutor.

117 3835 193 3984 bitis
204 3908 403 4004 temporibus
415 3913 499 3982 inter
509 3905 697 3983 Saracenos
709 3907 900 3980 duofratres
908 3905 1012 3980 fuisse
1021 3903 1213 3993 undantem·

75 4031 211 4102 quorum
228 4031 314 4083 unus
331 4007 510 4102 Sanguris⁴
527 4007 631 4079 dictus
650 4018 713 4096 est
731 4009 783 4101 qui
802 4004 974 4078 dominans
998 4005 1029 4073 in
1048 4001 1202 4091 Turcbia,

78 4157 546 4303 51¹lgluppntudtiritehierieblen.
583 4159 614 4228 2)
633 4159 716 4214 Psalm
735 4154 840 4227 90,13.
869 4155 899 4226 3)
917 4152 1068 4211 licinaldua.
1095 4151 1126 4223 4)
1139 4151 1205 4210 oder

77 4247 109 4286 »a
197 4247 220 4287 s.
