2900 4820
191 291 264 368 274
492 284 1017 348 mmmlsnuuwannononusrs.

193 467 292 561 gensi
307 463 458 563 providit
483 465 562 540 tter
579 466 666 536 euim
682 465 790 560 ipsum
808 463 1012 536 detentorem
1030 467 1164 554 propter
1181 457 1324 530 servicia

193 562 255 680 silai
277 587 338 660 per
362 587 440 638 eunt
461 563 652 682 etnlratrem
675 565 761 654 eius,
787 565 977 658 episcopum
993 554 1325 649 Babanhergensemp

192 674 532 760 rmpeusepromovrt.

191 815 243 886 lte
260 823 365 886 nuru
380 817 589 904 commodam
605 815 821 902 domnorum,
841 813 969 882 scilicet
979 810 1049 893 filie
1064 811 1153 899 rapto
1170 807 1327 878 nomne

288 921 324 985 et
340 917 453 1002 reatae
478 913 630 1003 duperia,
651 919 685 982 et
700 914 826 981 sororis
845 911 933 998 repis
956 909 1108 998 umaro,
1132 909 1249 978 anons
1266 906 1326 976 lo-

292 1013 411 1082 lonnts
427 1013 642 1100 primoqenttt
661 1011 793 1080 Franci.
1319 1075 1322 1082 .

240 1123 424 1198 Moriuntur
446 1147 575 1220 quoque
600 1122 719 1196 eodem
740 1145 826 1196 anno
842 1123 924 1196 xlix.
944 1125 1030 1196 cirea
1047 1121 1148 1194 linem
1165 1121 1242 1192 anni
1260 1119 1327 1192 lilia

193 1227 286 1316 regis
299 1221 457 1296 Bohemie
474 1225 592 1314 regina
605 1221 768 1313 Ungula,
786 1231 819 1293 et
837 1243 933 1295 soror
951 1218 1099 1294 eiusdem
1117 1221 1222 1310 regia
1240 1239 1327 1290 uxor

193 1319 347 1396 Iohannis
364 1323 572 1416 primogeniti
583 1317 710 1392 Franci.
736 1317 819 1392 Item
836 1329 870 1392 et
886 1341 971 1390 uxor
982 1317 1125 1389 Franci.¹
1151 1315 1235 1390 Item
1251 1319 1327 1411 pri·

193 1421 382 1510 mogenitus
401 1415 494 1490 ducis
510 1415 706 1506 orcheneia,
725 1438 833 1508 gener
850 1415 985 1510 predicti
1001 1413 1166 1487 Iohannis.
1193 1411 1276 1484 ltem
1293 1421 1327 1486 et

193 1514 324 1587 domina
349 1512 390 1586 de
413 1514 527 1605 llussi,
555 1513 620 1587 lilia
648 1512 812 1608 quondam
836 1511 973 1608 anoldi
1000 1511 1091 1584 ducis
1117 1511 1266 1601 dustria
1294 1519 1329 1582 et

194 1609 367 1686 Corradus
386 1612 427 1684 de
439 1609 631 1706 Megdburg
647 1615 782 1686 maritus
801 1614 882 1683 eius.
908 1608 989 1683 Item
1007 1609 1072 1681 lilia
1090 1611 1182 1702 regis
1201 1607 1327 1680 Cecilie

194 1731 279 1782 uxor
288 1709 347 1782 Ste
370 1709 446 1782 honi
457 1707 830 1800 ducisBavarieSioula,
840 1709 962 1782 relictis
974 1705 1035 1782 sibi
1045 1705 1192 1803 pluribus
1201 1704 1327 1779 liberis.

192 1808 255 1894 Qui
265 1734 452 1900 Stepianus
467 1805 571 1886 liliam
588 1797 785 1898 burggravii
795 1807 836 1880 de
847 1803 1049 1898 Ntirenberg
1065 1804 1157 1878 duxit
1175 1825 1327 1877 uxorem.

139 1917 144 1922 '
192 1905 363 1998 Tantaque
379 1904 439 1977 icit
453 1908 487 1976 in
504 1902 643 1976 Francia
660 1914 694 1976 et
710 1903 834 1996 Anglia
853 1903 1057 1998 pestilencia
1076 1901 1162 1997 qnod
1179 1903 1328 1974 Parisius

194 2011 227 2074 et
243 2003 275 2074 in
292 1999 439 2098 pluribus
462 2003 543 2076 locis
561 2004 621 2074 vix
644 2022 751 2075 nonus
776 2000 875 2074 homo
899 2000 1014 2072 dicimr
1037 2001 1254 2074 remansisse.
1286 1997 1330 2069 Et

194 2102 478 2195 cessarainoepit.
865 2117 867 2120 ·

244 2195 379 2289 Anglns
396 2219 537 2292 quoqne,
556 2199 609 2292 qui
626 2194 764 2268 durante
782 2196 992 2291 pestilencia²
1005 2195 1140 2292 quovit,
1158 2199 1280 2276 iterum
1294 2197 1328 2266 in

193 2289 376 2368 Wasoonia
393 2315 454 2388 per
471 2316 550 2368 suos
561 2293 725 2368 mancum
740 2293 878 2384 invadit„
897 2296 1022 2389 aliquas
1040 2296 1245 2368 municiones
1258 2315 1328 2366 ex-

193 2411 349 2486 pugnans
367 2402 400 2464 et
423 2401 546 2464 terram
569 2413 674 2486 usqne
691 2389 733 2464 ad
750 2389 905 2466 Tolosam
930 2415 991 2465 sua
1015 2389 1180 2466 subiciens
1198 2389 1327 2462 dicioni.

107 2495 181 2558 1³50
194 2488 288 2560 Circa
306 2492 498 2584 principium
515 2510 599 2563 vero
615 2492 693 2560 anni
719 2491 981 2585 quinquagesimi
997 2489 1144 2562 Francos
1169 2490 1256 2560 clam
1272 2489 1329 2560 uni

194 2589 393 2660 servitorum
410 2587 527 2682 Angli,
545 2583 756 2676 nonnarum,
780 2590 902 2676 tenenti
922 2587 1102 2661 custodiam
1120 2589 1216 2659 nnius
1234 2593 1329 2680 porte
1448 2591 1449 2596 ’

186 2686 227 2755 in
244 2683 359 2775 Kales,
376 2703 436 2778 pro
453 2683 632 2756 tradicione
650 2685 844 2756 municionis
862 2688 1035 2778 pecuniam
1052 2687 1230 2756 maximam
1248 2681 1328 2776 pol-

192 2779 317 2854 licetur.
343 2781 391 2854 m
407 2781 474 2871 ille,
498 2779 593 2852 bravi
614 2783 754 2854 termino
775 2781 976 2856 deliberandi
993 2793 1140 2877 recepto,
1165 2781 1330 2854 velociter

191 2879 342 2970 Anglum
375 2878 566 2974 alloquiturq
599 2882 776 2973 iussusque
809 2879 961 2974 recipere
987 2883 1159 2974 pecuniam
1189 2887 1327 2972 gentem

192 2971 310 3047 Franci
321 2978 439 3048 venire
449 2974 547 3047 iubet.
573 2975 708 3068 Anglus
726 2985 836 3048 autam
848 2999 922 3048 oum
939 2977 1005 3049 lilio
1023 2999 1085 3052 suo
1096 2987 1131 3050 et
1141 2980 1211 3050 suis
1227 2985 1327 3048 nocte
1447 3059 1448 3080 ἢ

193 3074 335 3145 veniens
352 3094 413 3169 per
430 3096 522 3144 mare
539 3083 675 3166 gentem
693 3073 812 3146 Franci
829 3077 1062 3166 introndssam
1087 3073 1328 3148 multitudinem
1447 3081 1448 3087 ’

191 3168 347 3242 videlicet
362 3169 518 3243 nobilium
535 3173 726 3261 maximam,
743 3170 894 3244 interlioit
911 3183 945 3244 et
961 3175 1105 3266 captivat
1125 3173 1205 3264 [ian.
1217 3171 1289 3261 2].4

245 3299 275 3368 1)
295 3301 328 3356 da
347 3297 516 3383 Burgundia,
540 3299 585 3374 qui
604 3302 720 3358 Francus
746 3301 824 3384 liliam
843 3291 916 3372 regis
936 3302 1050 3389 Navarrp
1069 3287 1327 3384 pulclrerrinramde
1446 3341 1447 3346 κ

190 3385 361 3524 illidii?
381 3371 811 3526 ii¹¹i¹¹lil⁰ltii2⁶²liaiiic
829 3373 862 3526 {i
880 3375 1327 3527 ttttatttfdnittffltdt

191 3511 300 3568 dubium
320 3514 437 3570 rnnendo.
465 3513 559 3570 llabrta
579 3521 666 3572 autem
684 3521 794 3571 victoria
814 3523 970 3586 sciscitans,
989 3533 1049 3588 quus
1069 3516 1101 3571 alr
1122 3523 1231 3587 udaque
1251 3523 1328 3588 porte
1445 3583 1446 3586 Ἴ

190 3581 327 3640 valeneior
345 3583 465 3640 fueritin
480 3585 615 3656 conflictu,
634 3586 811 3644 etnominato
826 3585 877 3642 sibi
915 3587 1011 3644 nodam
1031 3585 1113 3642 milite
1126 3587 1218 3643 Franci
1238 3593 1329 3660 capto,
1445 3591 1446 3630 t

190 3651 242 3710 sibi
256 3671 383 3737 eoronam
397 3655 537 3738 destinavit
546 3657 572 3712 in
584 3655 686 3726 turrim,
699 3655 801 3729 prolem
814 3657 872 3712 eius
885 3604 1048 3714 liieram'one
1060 3657 1209 3731 paciscens.
1228 3658 1328 3740 Postea

190 3723 224 3782 da
243 3741 335 3782 mense
354 3725 420 3782 ruuii
439 3744 498 3782 cum
516 3734 611 3784 rtarum
631 3727 891 3798 congrediantur,
917 3729 1007 3786 missis
1032 3747 1081 3803 per
1124 3745 1200 3802 aparn
1220 3747 1328 3786 nunmrs

189 3801 217 3852 el
234 3797 295 3853 dulc
313 3797 403 3868 Angla
430 3797 542 3870 pecunia
566 3797 672 3856 inducie
697 3799 832 3856 lirmantur
857 3801 890 3856 ad
909 3817 1014 3858 annum.
1044 3800 1080 3856 m
1097 3747 1202 3870 Regius
1222 3799 1327 3870 dicens,

187 3883 281 3994 paoem
299 3866 423 3924 violatam
442 3869 515 3941 lore,
540 3869 611 3925 misit
629 3875 736 3940 gentem
755 3870 781 3924 iu
800 3871 950 3940 Brvtaniam
974 3877 1065 3926 eontra
1085 3871 1227 3942 Francum,
1252 3889 1324 3943 quoa
1444 3895 1445 3926 ;

209 3955 305 3994 rancus
330 3957 379 4011 per
403 3957 468 3996 suos
494 3939 622 3996 invadens
649 3941 778 4012 prevaluit
795 3941 889 4012 'cinglis
910 3941 998 3998 multis
1018 3940 1124 3998 occisis.
1154 3943 1187 3998 Et
1206 3942 1325 3998 breviter

184 4003 306 4072 Francus
325 4010 437 4067 moritur
455 4009 523 4067 eirea
543 4011 620 4068 linem
641 4012 748 4082 augusti
768 4030 838 4069 anno
857 4007 957 4069 iubilao
978 4013 1063 4140 L1350
1080 4029 1143 4082 aug.
1162 4013 1210 4081 221
1230 4021 1258 4069 et
1273 4013 1324 4070 lo-

188 4080 291 4138 lmnnes
311 4081 368 4138 eius
388 4081 457 4138 illius
479 4081 675 4156 primogenitus
701 4090 853 4140 coronatur.
882 4085 930 4140 llic
948 4083 976 4140 lo
996 4101 1079 4140 annes
1098 4085 1214 4140 Francus
1235 4083 1326 4140 comi-

186 4155 240 4208 tem
260 4153 294 4208 de
313 4153 413 4226 Gynes,
430 4151 639 4211 valentissimum
658 4153 801 4226 patrissui
821 4155 986 4228 capitaneum
1005 4154 1188 4212 fidelissimum
1209 4161 1236 4211 et
1254 4155 1327 4212 inter
1443 4181 1444 4220 ;

187 4221 303 4280 Francos
322 4223 472 4295 excelsum,
496 4225 541 4298 qui
567 4225 666 4281 dudum
685 4226 712 4281 in
732 4225 845 4284 servicio
865 4227 956 4283 Franci
978 4233 1072 4299 captus
1091 4245 1139 4300 per
1157 4227 1275 4297 Anglnm
1296 4231 1326 4284 et

187 4309 252 4370 sepa
277 4295 327 4351 sub
351 4295 479 4355 concione
505 4297 619 4370 missus,
644 4314 704 4353 cum
723 4295 822 4354 nullum
848 4297 1018 4356 liberacionis
1044 4299 1207 4362 adiutorium
1225 4304 1326 4374 posset
