2982 4824
221 211 293 287 680
601 203 971 266 mumnsrnonnnumr.

220 407 294 462 sum
309 388 396 458 inter
412 381 579 479 oephirum
595 392 692 478 atque
709 392 856 456 austrum
877 381 1037 455 latissime
1055 401 1257 454 oneresoens
1275 392 1351 454 ter-

218 482 411 579 ribilemque
427 479 607 556 ostendens
623 477 808 556 incendium
825 477 958 552 tandem
973 500 1140 552 murmure
1153 501 1277 574 magno
1289 501 1353 574 per

218 583 326 656 oelnm
342 581 416 654 unit.

268 677 478 754 innocentius
504 687 621 752 sextus
638 676 848 773 Equitanious
865 675 937 768 luit
961 673 1046 750 sedit
1065 697 1170 751 anuos
1186 699 1225 770 x,
1248 697 1353 750 men-

219 801 276 855 ses
291 781 315 868 i,
333 774 448 852 diebus
465 779 522 850 iii.¹

268 873 375 952 1353.
401 874 544 950 Celestis
560 895 690 970 quoque
706 874 836 948 flamma
853 873 989 968 longum
1007 883 1083 969 post
1098 893 1138 946 se
1149 881 1264 946 naeus
1281 895 1355 946 ex-

218 978 351 1050 tinotum
367 973 501 1046 limitem
519 997 540 1047 a
555 975 779 1068 septentrione
795 975 829 1046 in
846 983 993 1046 austrum
1009 980 1147 1067 repente
1165 970 1280 1043 lartum.

268 1071 375 1146 1354.
401 1070 548 1148 lnlinitus
569 1091 673 1167 prope
693 1071 894 1144 locustarum
917 1092 1075 1142 numerus
1098 1067 1264 1141 inAlrioa
1287 1067 1357 1141 oi-

217 1193 343 1267 proque
370 1173 530 1266 apparuit,
558 1191 623 1265 que
647 1166 823 1241 herbarum
851 1169 947 1243 simul
974 1177 1008 1240 et
1034 1164 1188 1240 arborum
1214 1177 1357 1242 teneras

218 1267 437 1365 depascentes
449 1266 584 1344 sontes
595 1289 751 1360 magnam
762 1267 895 1360 frugum
906 1267 1109 1340 sterilitatem
1119 1264 1242 1338 leuare.
1259 1263 1356 1338 Solis

217 1366 303 1440 laeta
320 1365 470 1439 deiectio.
483 1405 487 1413 ·
501 1364 666 1439 lohannes
683 1365 895 1457 Vioeoomes
918 1364 1216 1439 Mediolaneneium
1235 1364 1359 1460 presul

218 1473 252 1538 et
266 1462 538 1540 bellicosissimus
554 1469 728 1559 tyrannm,
745 1465 880 1535 moritur
899 1464 976 1553 [ool.
994 1465 1045 1554 ⁵]-

267 1561 374 1635 1355.
401 1562 658 1637 Carolusllome
670 1562 810 1636 solemni
827 1558 1211 1634 eelebrationeinunotus
1223 1562 1361 1656 inperii

217 1683 373 1734 coronam
389 1662 643 1756 tranquilissimus
661 1663 796 1756 suseipit
812 1661 897 1754 [apr.
912 1661 962 1750 5]-
988 1657 1137 1732 Marinus
1156 1657 1360 1732 Falieranus

217 1759 432 1832 venetiarum
460 1758 540 1851 dum
568 1779 642 1830 oum
669 1779 835 1852 usurpare,
861 1755 922 1833 sibi
950 1760 1143 1830 universam
1170 1753 1360 1850 reipublioe
1480 1795 1481 1798 ¹

216 1857 381 1930 lieentiam
398 1859 612 1952 quesinsset,
630 1859 739 1929 seouri
755 1875 936 1951 percussus
954 1853 1089 1947 dignum
1107 1875 1168 1928 sue
1181 1855 1248 1926 vite
1269 1857 1361 1927 exi-
1480 1859 1481 1882 l

216 1955 285 2027 tum
308 1955 435 2027 invenit
460 1957 545 2049 [apr.
565 1951 641 2044 17].
681 1951 834 2027 Bartolus
857 1953 899 2024 de
923 1951 1139 2027 Saxoierrato
1164 1949 1362 2047 prestabilis
1480 2009 1481 2030 2

216 2051 360 2125 oivilium
386 2051 501 2144 legum
524 2054 687 2147 interpres
711 2059 745 2124 et
767 2052 1013 2148 eopiosissimus
1041 2048 1234 2146 explanator
1257 2047 1361 2144 obiit,

217 2153 313 2226 einis
331 2169 393 2224 sne
410 2170 496 2222 anno
513 2149 574 2222 lvi·
682 2213 688 2226 .
1480 2161 1481 2176 ¹

266 2245 373 2321 1356.
397 2245 589 2364 lodovious
602 2247 771 2320 Pannonio
787 2269 851 2322 rex
866 2247 1007 2364 Venetis
1024 2243 1146 2364 bellurn
1161 2256 1292 2363 movet·
1316 2249 1360 2322 in

876 2368 1164 2516 1.

213 2563 281 2614 non
297 2542 399 2634 longe
416 2565 436 2614 a
455 2541 589 2614 flumme
609 2539 726 2616 Rheno
743 2551 875 2615 eentum
891 2538 1263 2614 1111111161161111011111113
1282 2563 1359 2614 su—

213 2649 331 2756 perant
354 2649 388 2714 et
405 2641 582 2810 preoipuas
606 2661 721 2712 eorum
743 2638 843 2756 urbes
867 2641 1023 2756 eupiunt·
1047 2637 1085 2711 ln
1108 2637 1287 2733 Hispania,
1315 2652 1360 2716 et

212 2736 404 2833 preorpueS
438 2739 492 2811 rire
510 2746 543 2809 et
557 2734 722 2831 Cordule,
739 2737 877 2834 pluruma
894 2735 1044 2812 hedrliora
1061 2745 1241 2809 terremotu
1258 2759 1358 2810 oon-

212 2833 370 2908 oiderunt.
396 2835 500 2927 Angli
517 2837 551 2906 in
563 2834 778 2910 Piotaviensi⁴
795 2859 877 2930 agro
893 2833 1040 2908 Franeos
1061 2845 1218 2930 superant
1235 2845 1269 2908 et
1285 2833 1355 2907 lo-

99 3002 107 3020 ,
212 2931 356 3006 hannem
373 2945 487 3005 eorum
508 2953 626 3025 regem
650 2957 724 3006 oum
741 2933 888 3030 Philippo
911 2932 978 3006 filio
1001 2935 1132 3028 oapiumt
1150 2934 1248 3028 [sept
1268 2933 1353 3028 19].

223 3080 225 3084 -
261 3028 367 3104 1358.
401 3031 550 3124 Ungam’e
571 3051 634 3106 rex
655 3030 796 3108 Venetis
815 3053 932 3128 paoem
952 3029 1137 3127 petentibus
1160 3031 1354 3127 perhuma-

211 3131 298 3201 niter
313 3132 500 3206 assentitur.

261 3227 368 3300 1359.
393 3226 571 3304 Adoardus
587 3228 713 3323 Anglie
730 3249 793 3302 rex
808 3227 988 3303 Iohannem
1006 3226 1208 3320 Francorum
1224 3249 1350 3321 regern

209 3323 347 3398 liberum
365 3347 444 3400 esso
461 3327 565 3399 voluit
582 3337 616 3400 et
632 3325 825 3423 quibusdam
847 3324 1083 3399 eonditionibus
1104 3325 1194 3398 illum
1212 3324 1347 3400 dimisit

209 3421 334 3510 Quibus
351 3446 417 3497 non
434 3422 621 3500 observatis
638 3423 816 3500 Adoordus
833 3427 919 3521 ipsea
939 3427 1070 3497 umetis
1093 3445 1192 3518 supra
1210 3433 1348 3497 oenum

209 3529 245 3594 et
270 3524 502 3618 quinquaginta
536 3521 696 3615 narnus,
730 3525 901 3616 ingentem
930 3524 1113 3596 exereitum
1139 3525 1173 3594 in
1200 3519 1346 3597 Gallam

209 3618 307 3710 dueit,
326 3630 360 3693 et
376 3641 497 3712 magna
515 3618 609 3696 elada
625 3621 713 3694 illam
730 3623 934 3716 provintiam
951 3620 1059 3692 affioit

259 3717 365 3804 1360.
392 3715 569 3792 Adoartlus
585 3741 650 3791 rex
665 3719 826 3793 Porisium
843 3716 981 3793 obsidet.

259 3815 365 3889 1361.
402 3816 511 3890 Pisani
545 3825 657 3889 eontra
684 3815 890 3891 limentinos
918 3811 1047 3889 tonum
1078 3827 1342 3911 resumpserunt

206 3913 415 3987 Volaterrani
433 3917 467 3985 in
484 3912 745 3989 Florentinorum
761 3923 958 4010 potestatem
973 3915 1151 3989 redierunt.

255 4010 361 4086 1363.
380 4010 533 4088 Urbanus
551 4015 679 4109 quintus
696 4011 1005 4107 matutinotanto,
1023 4012 1241 4090 oonsobrinus
1252 4013 1340 4089 Cle-

259 4160 290 4230 1)
308 4133 362 4220 von
381 4160 451 4220 1352
470 4163 527 4220 deo.
545 4163 582 4220 30
605 4162 648 4220 bis
667 4163 738 4221 1362
755 4169 823 4238 sapt.
843 4163 886 4221 tn.
922 4165 953 4236 2)
972 4164 1020 4222 der
1044 4162 1108 4238 grai
1124 4180 1177 4226 von
1196 4161 1338 4226 Flentem.

206 4232 236 4302 3)
254 4231 463 4290 Bramannonum
481 4234 522 4292 lm.
559 4235 590 4304 t)
607 4234 738 4292 Pitiriensi
756 4236 797 4292 he.
