3014 4822
415 233 888 300 minusmrtminuona.
1149 239 1222 320 433

90 415 233 488 militiam
245 411 475 510 Christiamm
496 417 620 490 seilicet
634 415 853 512 'l'emplmion
874 415 1112 512 liospttalarios
1130 427 1164 488 et
1180 415 1222 489 de
1238 423 1308 480 ¹244

90 513 188 586 domo
201 515 415 606 Teutbonioa,
432 516 519 588 lauto
536 537 610 587 oum
630 517 680 587 eis
697 513 848 604 foetere,
865 517 919 608 qui
935 513 1008 585 iere
1024 535 1140 588 omnes
1156 525 1223 588 mm

90 611 265 684 Christiani
282 633 379 707 quam
390 612 566 684 Sarraoeul
583 615 616 684 in
635 616 707 684 acie
724 611 914 684 ceciderunt
930 611 1138 684 vincentibus
1150 611 1223 683 Co-

89 711 239 780 rascenis
269 719 303 781 et
331 713 434 804 captis
461 709 581 781 ibidem
611 712 770 802 magistro
797 709 975 804 Hospitalis
1005 719 1038 780 et
1064 712 1223 801 magistra

88 806 216 900 Templi
234 827 308 878 cum
327 805 480 880 militibus
498 829 612 880 eorum
629 805 753 879 ordinis
770 810 899 879 circiter
908 817 1038 878 cenmm
1052 811 1129 900 [oet
1145 807 1222 898 17].

139 905 242 975 Anno
258 905 434 977 m.oo.xl.v.
451 925 536 1000 papa
559 905 712 978 residens
729 904 924 998 Lugdunum
951 915 1113 977 convocat
1136 916 1307 978 oon-1245

89 1001 199 1072 riliuru
217 1003 395 1093 generale,
418 1007 549 1076 mittens
566 1001 723 1096 epistolas
746 1023 807 1096 per
831 1005 1006 1076 universas
1024 1005 1222 1098 provincias.

89 1098 185 1184 Quod
205 1109 320 1193 postea
339 1098 520 1172 celebravit
538 1120 656 1172 mense
672 1099 762 1188 iulioq
781 1102 877 1171 citato
892 1098 933 1171 ad
947 1099 1011 1171 hoo
1023 1104 1223 1195 imperatore

90 1193 273 1286 lirideriom
290 1207 326 1267 ut
342 1196 384 1268 de
401 1200 474 1292 ipso
494 1195 737 1292 querelantibus
755 1199 919 1292 episcopis
937 1207 972 1269 et
989 1197 1061 1270 aliis
1074 1217 1223 1292 raspon-

89 1291 195 1365 deret.
230 1295 292 1381 Qui
304 1297 447 1368 veniens
465 1305 499 1366 et
516 1291 600 1390 apud
620 1293 796 1366 Taumnum
813 1294 945 1386 Liguria
962 1299 1127 1367 civitatem
1145 1299 1223 1390 qui-

90 1411 215 1463 escens
243 1395 391 1486 premisit
418 1391 601 1464 lhadeum¹
629 1392 806 1488 imperialis
831 1397 921 1464 curie
946 1395 1165 1487 iurisperitum
1189 1401 1224 1464 et

89 1510 215 1581 magne
239 1490 426 1584 eloquentie
449 1493 567 1563 virum.
610 1489 673 1578 ou
697 1511 817 1563 causas
845 1488 994 1564 absentie
1017 1491 1222 1586 imperatoris

90 1590 271 1679 assignans
289 1589 379 1682 petiit
400 1589 574 1662 ulteriores
597 1587 751 1678 indutias,
773 1591 965 1683 promittens
990 1590 1223 1682 imperatorem

89 1686 122 1754 in
140 1683 238 1756 brevi
260 1688 400 1756 termino
422 1683 650 1758 adventurum.
685 1683 759 1756 Non
782 1683 923 1758 obtentis
947 1695 1057 1756 autem
1078 1681 1222 1776 indutis,

90 1803 164 1854 oum
183 1781 312 1877 quidam
338 1785 483 1878 episcopi
510 1783 552 1854 de
575 1787 647 1880 ipso
666 1787 901 1878 querimoniam
925 1793 1100 1856 moverent
1124 1793 1157 1853 et
1180 1781 1223 1852 ad

90 1877 175 1953 hanc
191 1878 346 1954 'lhadeus
367 1885 499 1954 nundus
518 1883 724 1976 imperatoris
748 1879 963 1953 disertissime
986 1879 1220 1976 responderet:

90 1977 243 2049 dominus
260 1999 345 2073 papa
362 1999 428 2049 non
446 1975 620 2052 attendens
637 1976 822 2051 huiusmodi
836 1977 1061 2070 defensiones
1078 1999 1143 2050 nec
1155 1975 1221 2048 ad-

91 2087 230 2148 ventans
257 2097 376 2172 preces
392 2075 565 2148 Baldevini
587 2079 793 2172 imperatoris
820 2074 1165 2170 constantinopolitani
1189 2085 1223 2148 et

91 2177 314 2246 interventum
331 2177 457 2248 comitis
470 2173 638 2265 'dolosani
656 2177 710 2269 qni
726 2183 901 2267 presentes
920 2174 1107 2269 suppliciter
1122 2176 1223 2247 insti-

90 2279 203 2342 terunt
216 2292 302 2365 pape
321 2291 381 2365 pro
396 2274 614 2366 imperatore,
637 2291 735 2344 saero
758 2269 959 2366 approbante
985 2271 1122 2342 concilio
1146 2281 1224 2342 tune

89 2378 267 2460 presentm
291 2365 344 2439 uhi
365 2367 525 2441 affuerunt
547 2369 576 2441 cl
604 2371 748 2464 episcopi
774 2379 885 2463 preter
911 2367 1046 2441 abbates
1077 2378 1110 2438 et
1139 2367 1221 2440 alios

89 2466 254 2556 prelatos,
288 2462 439 2538 dominus
463 2487 547 2562 papa
564 2467 635 2538 tulit
658 2469 854 2538 senteutiam
873 2465 1084 2560 depositionis
1108 2473 1221 2536 eontm

90 2565 323 2657 imperatorem
346 2567 481 2658 privans
505 2585 582 2635 eum
606 2566 761 2658 imperio„
792 2566 906 2654 regnis
928 2572 962 2634 et
984 2565 1071 2634 omni
1095 2561 1222 2633 bonore

90 2661 161 2749 [iul.
187 2659 273 2751 171³·
297 2659 398 2733 Gaius
423 2665 586 2734 sententie
608 2673 703 2733 tenor
727 2658 768 2731 de
792 2659 898 2733 verbo
924 2658 965 2729 ad
989 2657 1129 2732 verbum
1154 2657 1222 2730 de-

87 2761 231 2851 scriptus
249 2768 301 2830 est
316 2762 349 2829 in
366 2757 448 2830 lihro
466 2761 609 2832 ecclesie
627 2761 731 2832 sancti
743 2756 964 2846 Pantaleonisq
981 2757 1139 2828 intitulato
1150 2755 1220 2850 hy-

86 2858 189 2926 storia
211 2855 372 2929 acclesias
390 2855 476 2928 beati
487 2855 633 2946 Eusehii
650 2860 684 2927 in
701 2854 780 2945 fine
797 2859 830 2926 in
849 2853 1022 2947 cathalogo
1032 2853 1221 2948 pontificum

86 2951 332 3042 manuum„
355 2951 409 3026 ubi
433 2963 506 3026 acta
528 2952 709 3026 eorundem
736 2961 931 3024 annotantur
954 2949 1149 3046 pontificum.
1181 2949 1221 3023 ln

86 3049 208 3121 mam
232 3051 370 3122 concilio
396 3055 504 3124 statuit
527 3049 676 3123 dominus
703 3072 786 3145 papa
812 3049 970 3144 quasdam
989 3051 1220 3126 institutiones,
1357 3055 1363 3066 '

86 3169 152 3240 que
178 3144 242 3220 sub
259 3149 357 3220 titulis
373 3147 631 3242 competentibus
655 3147 844 3219 referuntur
865 3145 1070 3242 postmodum
1096 3149 1221 3218 inserto

86 3265 178 3317 nove
196 3243 409 3316 decretalium
427 3245 653 3340 compilationi.

136 3341 219 3414 Post
243 3342 414 3414 condilum
432 3362 515 3437 papa
533 3345 626 3414 mittit
641 3343 771 3415 mundos
790 3339 936 3415 Minores
956 3340 1075 3414 hatres
1099 3337 1140 3412 ad
1158 3361 1220 3413 re-

86 3457 168 3528 gem
183 3439 394 3510 Tartarorum
411 3449 444 3510 et
461 3440 543 3512 alios
561 3443 690 3512 numios
709 3439 750 3510 ad
769 3440 932 3512 sultanum
949 3439 1116 3534 Aegyptiff
1134 3437 1219 3511 hor-

86 3545 164 3609 tans
179 3557 258 3607 eum
273 3556 335 3630 per
352 3538 522 3630 epistolam
540 3535 580 3608 ad
598 3557 714 3632 pacem
730 3559 805 3609 eum
822 3535 1013 3610 Christianis
1026 3534 1218 3608 habendam.

135 3631 269 3704 Modico
285 3643 433 3727 tempore
451 3643 526 3730 post
536 3636 708 3707 concilium
718 3632 918 3706 celebratum
933 3631 1019 3705 idem
1032 3655 1117 3728 papa
1129 3635 1215 3706 misit

85 3729 268 3825 Philippum
285 3729 533 3806 Ferramensem
558 3733 697 3804 electum
720 3735 754 3803 in
770 3729 997 3820 Teuthouiam,
1025 3733 1163 3802 inuitans
1182 3735 1216 3800 et

85 3827 269 3902 exhortans
286 3831 449 3924 principes
468 3825 509 3901 ad
527 3827 716 3923 eligendum
739 3850 863 3900 novum
880 3850 1006 3920 regem.
1038 3827 1101 3913 Qui
1117 3837 1214 3898 hau-

85 3929 184 3998 situm
211 3926 340 3998 iaciens
364 3931 453 4000 iuxta
486 3927 655 4000 Coloniam
682 3925 891 4014 eonduatum²
919 3925 1040 3996 domini
1069 3923 1213 4019 episcopi

85 4023 296 4097 Coloniensis
323 4023 365 4094 ad
391 4024 621 4118 landgravium
645 4023 824 4116 Thuringie
847 4025 1017 4118 pervenit,
1054 4025 1107 4117 qui
1133 4039 1208 4092 eum

87 4119 233 4216 henigne
249 4125 363 4218 recipit
380 4125 530 4219 aspirans
547 4122 590 4196 ad
606 4144 756 4215 reguum.

141 4243 171 4316 l)
189 4243 331 4302 thaddeus
349 4261 403 4302 von
421 4247 532 4318 Suessa,
543 4245 772 4317 prossholrichter
789 4259 841 4303 ton
860 4241 977 4302 Sicilien.
1008 4241 1041 4316 2)
1060 4241 1214 4306 conductui

948 4359 1008 4420 31*
1062 4369 1063 4374 ’
