3036 4822
353 227 464 288 norm
483 227 682 288 msrorrone
701 229 1020 288 rumunsmonnsns.
1179 235 1250 310 393

172 406 250 479 Item
269 427 355 480 anno
372 406 493 480 donini
510 406 701 478 morentii.
723 405 853 500 [1346]
865 405 994 480 Baurus
1011 411 1189 504 imperator
1200 421 1252 482 est

130 505 269 600 privatus
287 517 321 576 et
337 504 494 600 depulsus
512 529 531 575 a
548 527 655 596 regno
679 528 740 599 per
757 505 873 576 sedem
897 506 1108 600 apostolicam
1126 519 1159 578 et
1176 507 1251 579 Ka-

127 605 226 676 rulum
247 623 366 695 regem
386 603 554 674 Bohemie.
591 601 672 674 Item
697 602 815 676 eodem
839 614 987 698 tempore
1010 604 1183 678 Heinrious
1207 605 1249 676 de

128 699 324 792 Vemeburg
346 699 611 796 archiepiscopus
629 699 842 792 Moguntinus
864 712 915 772 est
938 700 1096 796 depulsus
1114 700 1154 772 ob
1173 707 1250 798 epi-

127 809 255 893 scopatu
283 820 344 894 per
371 799 485 870 sedem
513 799 724 894 apostolicam
753 808 785 870 et
813 796 977 870 dominum
1005 797 1178 896 Gerlacum
1208 799 1250 872 de

126 895 276 991 Nassoye
292 896 572 991 archiepiscopum
590 895 827 988 Mogontinum.
855 895 935 968 Item
952 907 1027 990 post
1043 895 1249 971 combustio·

125 1017 196 1086 nem
211 995 388 1066 iudeorum
416 995 473 1066 tuit
500 1017 621 1087 magna
649 995 754 1066 sames
779 1017 840 1089 per
862 997 1045 1067 triennium.
1081 994 1163 1066 Item
1187 1017 1249 1070 nos

124 1092 262 1166 tunnas
287 1089 388 1164 abbas
405 1095 438 1164 in
454 1091 658 1185 Blydenstad
682 1115 748 1164 uno
772 1103 805 1164 et
830 1092 947 1164 eodem
971 1103 1118 1188 tempore
1141 1097 1249 1166 intro-

124 1190 273 1263 duximus
297 1190 454 1262 Karulum
477 1211 594 1281 regem
607 1190 799 1284 'predictum
824 1201 858 1262 et
880 1189 1056 1263 Gerlacum
1081 1189 1249 1288 archiepi-

123 1310 254 1383 scopum
272 1291 305 1360 in
323 1289 497 1360 ecclesium
517 1297 630 1360 sancte
648 1287 753 1359 Mario
772 1288 812 1359 sd
831 1288 955 1380 gradm
972 1287 1153 1382 Mogontia.

167 1405 268 1477 Anno
293 1403 412 1475 domini
441 1403 741 1494 mccclxxxviiii„
769 1407 838 1499 ipsa
870 1402 923 1474 die
950 1403 1075 1475 Valerii
1104 1409 1249 1502 episcopi

124 1505 196 1594 [ian.
208 1503 275 1594 29]
295 1523 361 1596 ego
378 1499 517 1573 sumtus
529 1499 613 1572 Kote
631 1499 673 1571 de
689 1501 846 1597 Limpurg
863 1500 1041 1574 monachus
1059 1503 1104 1573 iui
1123 1503 1248 1576 eiectus

121 1605 148 1671 in
172 1600 323 1672 abbatem
348 1603 536 1670 monosterii
561 1601 664 1670 sancti
681 1597 828 1670 Ferrarii
852 1601 885 1670 in
905 1597 1097 1690 Blidenstat
1122 1599 1249 1674 confir-

120 1711 223 1770 matus
241 1703 273 1769 in
292 1695 388 1794 opido
399 1695 520 1768 Eltevii
539 1719 599 1792 per
616 1695 780 1768 dominum
793 1695 949 1768 Adolium
968 1697 1248 1794 archiepiscopum

120 1793 430 1888 Magurrtinensium.
448 1791 576 1865 Eodem
588 1815 674 1864 anno
688 1791 929 1866 conbusserunt
939 1816 1000 1866 nos
1012 1798 1104 1866 cives
1116 1795 1246 1868 Franc-

118 1891 319 1965 iordensium
347 1895 469 1963 curiam
496 1903 641 1964 nostram
671 1915 825 1984 magnam
849 1895 882 1962 in
899 1889 1037 1964 Wallav
1061 1916 1134 1964 cum
1160 1897 1248 1965 omni

118 2000 277 2063 structura
302 2001 335 2062 et
358 1993 580 2083 pertinenciis
611 2000 723 2061 contro
751 1989 849 2062 deum
875 2001 906 2060 et
933 2001 1044 2064 contra
1069 1993 1134 2080 tus,
1162 1990 1247 2086 quot

117 2090 271 2161 eonsules
290 2099 323 2160 et
340 2089 486 2179 magistri
505 2090 625 2160 civium
651 2085 744 2159 nobis
762 2087 849 2160 nulia
876 2085 1015 2184 dampna
1034 2087 1146 2159 inferri
1163 2110 1247 2183 pro-

115 2189 283 2258 miserunt.
319 2185 362 2258 Et
379 2207 481 2279 super
496 2183 558 2255 boc
583 2207 645 2256 nos
673 2183 924 2258 combussenrnt
942 2181 1017 2257 inibi
1034 2189 1067 2256 in
1085 2184 1244 2259 dominica

116 2307 174 2378 qua
200 2295 352 2357 cantatur
374 2283 491 2354 iudica
516 2284 599 2377 [apr.
618 2281 670 2374 41.
707 2279 789 2354 Item
817 2281 934 2354 eodem
963 2305 1049 2354 anno
1077 2285 1110 2353 in
1132 2283 1246 2376 vigilia

115 2386 321 2456 ascensionis
348 2385 428 2473 [moi
446 2379 511 2471 26]
539 2378 779 2453 comburebatur
801 2379 1022 2462 dormitorium
1040 2391 1187 2453 nostrum
1205 2378 1245 2452 ab

114 2503 176 2552 uno
205 2503 309 2552 servo
333 2491 445 2551 nostro
472 2482 503 2549 in
527 2476 707 2550 Biidenstat
731 2479 772 2549 de
797 2477 895 2568 tacto„
923 2487 956 2549 ct
981 2478 1107 2572 capelia
1132 2488 1245 2552 sancte

112 2575 306 2669 Kathen'ne„
330 2601 393 2650 nec
417 2597 483 2647 non
508 2574 625 2646 domus
650 2577 791 2670 capituliq
816 2573 932 2646 domus
951 2578 1114 2678 censuarii
1132 2587 1167 2646 et
1183 2599 1247 2647 ce-

115 2695 204 2747 mera
224 2673 389 2748 librorum.

158 2792 244 2865 Item
273 2795 422 2886 sequenti
450 2811 536 2862 anno
563 2789 693 2882 [1390]
721 2791 994 2866 concordavimus
1019 2813 1093 2864 cum
1118 2788 1245 2862 civibus

113 2887 481 2979 Frankiniordensium‚
506 2887 591 2984 quod
615 2891 677 2983 ipsi
700 2889 794 2962 maiis
819 2885 966 2982 gratibus
992 2892 1061 2960 suis
1086 2886 1247 2960 dederunt

109 2986 203 3060 nobis
218 2991 252 3058 in
269 2995 419 3082 prompto
437 2997 602 3058 trecentos
620 2985 689 3058 ibor.
708 3009 769 3082 pro
787 2984 1011 3059 combustione
1024 2989 1113 3056 curie
1132 2996 1255 3057 nostre·

110 3087 141 3154 in
158 3084 310 3174 Wallam
336 3107 431 3178 quam
456 3106 517 3154 nos
534 3081 673 3154 sifridus
699 3083 800 3156 abbas
825 3080 1091 3153 reedificavimus
1109 3085 1140 3152 in
1158 3080 1244 3153 bona

109 3193 282 3255 structura.

154 3299 241 3370 item
258 3322 345 3370 anno
363 3299 482 3371 domini
500 3301 731 3372 mccclxxxx.
750 3301 867 3393 primo,
886 3297 938 3368 die
950 3296 1085 3388 Brigide
1104 3301 1243 3390 virginis

109 3396 188 3486 [tet.
202 3397 244 3487 1]
263 3394 475 3468 reddiderunt
492 3400 585 3468 cives
602 3395 786 3488 Mogontini
811 3397 935 3467 cunctis
953 3393 1151 3482 hominibus,
1176 3405 1242 3466 tam

107 3491 329 3588 spiritualibus
358 3517 453 3590 quam
483 3491 706 3580 secularibus,
735 3493 860 3565 litteras
889 3502 922 3563 et
948 3496 1085 3587 pignora
1115 3503 1242 3565 stantes

104 3594 189 3663 inter
217 3590 339 3663 ludeos
370 3595 455 3686 quita
480 3603 514 3662 et
537 3592 653 3664 soluta.
690 3587 753 3662 Ubi
783 3593 880 3662 etiam
907 3588 1121 3662 reddiderunt
1147 3587 1251 3661 nobis.

104 3689 227 3762 Siirido
255 3687 362 3760 abbati
388 3691 513 3761 litteras
537 3699 571 3760 et
593 3691 731 3783 pignora
761 3699 887 3760 stantes
911 3692 996 3758 inter
1018 3685 1139 3759 ludecs
1168 3686 1241 3781 plus

104 3809 203 3878 quam
220 3807 281 3882 pro
299 3789 485 3881 quingentis
503 3786 637 3858 florenis
656 3789 741 3879 quita
761 3796 794 3855 et
811 3785 927 3857 soluta.

466 4059 875 4072 *mm
