2904 4822
255 223 327 296 105
563 215 1080 278 mmmccscccresssrarovnn

174 409 240 467 taso
255 391 627 487 episcopoAugustensi
638 387 800 462 debellato
811 389 870 461 fun
886 399 920 460 et
936 399 1050 484 captus
1062 392 1236 484 opiscopus
1248 411 1311 484 per
1320 390 1392 462 illos

257 500 415 584 tpannos
439 487 722 576 Mediolanenses
751 490 804 582 qui
828 510 867 560 se
890 491 1076 581 imperatori
1099 499 1336 582 opposuerunt.
1352 487 1393 558 Et

256 588 319 658 hec
329 589 499 680 captivitas
518 596 552 658 et
567 585 688 658 bellum
698 587 818 657 factum
829 595 882 658 est
891 589 976 658 circa
987 585 1108 658 festum
1117 583 1204 656 beati
1212 584 1392 657 Clementis

255 687 289 756 in
306 706 422 757 mense
440 682 630 756 novembris
651 686 746 776 [novt
757 683 820 773 23]
841 686 917 754 anni
934 684 991 754 lvi.
1009 682 1153 777 predicti.
1171 683 1394 754 Remanserat

256 784 359 853 maior
375 790 485 853 nmen
501 803 579 876 pars
597 783 781 868 exercitum
799 785 853 875 qui
870 803 944 852 cum
962 779 1150 852 marchione
1157 779 1394 853 Montisierrati

255 889 350 951 arant
373 901 413 951 se
434 889 643 973 receperunt,
671 880 755 950 etin
779 878 938 972 dyocesin
961 875 1205 950 Novariensem
1229 899 1268 950 se
1295 878 1394 949 loca-

255 987 387 1066 vemnt,
397 987 569 1050 vastantes
579 975 738 1070 dyocesin
745 975 1029 1048 Mediolanensem
1039 979 1072 1045 in
1085 998 1146 1069 qua
1158 985 1255 1046 antea
1263 975 1393 1046 luerem

254 1073 296 1145 ad
313 1083 451 1168 quatuor
473 1075 531 1146 vel
555 1077 696 1170 quinque
720 1072 854 1146 leuchas
872 1098 892 1146 a
910 1077 1041 1145 civitate
1058 1071 1300 1146 Mediolanensi
1319 1072 1395 1144 dis-

253 1181 371 1245 tanes.

256 1371 334 1440 ltem
364 1373 505 1458 pactiter
532 1373 710 1458 imperator
733 1371 875 1440 narolus
898 1371 993 1440 licito
1020 1371 1160 1438 nomint'a
1186 1375 1324 1454 pacano
1352 1369 1395 1437 ot

361 1469 614 1654 perpetlp'ssa'sccpo
642 1469 883 1557 Mopuotiocmi
913 1477 945 1538 et
970 1471 1058 1538 clerc
1087 1475 1119 1535 ct
1141 1467 1267 1555 popolo
1294 1465 1398 1550 facerit

303 1715 384 1787 ltem
402 1736 488 1786 anno
505 1713 626 1785 domini
644 1714 823 1786 mccclvi.
849 1718 881 1784 in
907 1714 1019 1806 vigilia
1043 1716 1187 1786 omnium
1205 1723 1395 1786 sanctorum

258 1819 335 1906 [oct.
355 1812 418 1902 31]
438 1810 580 1883 Karolus
597 1813 774 1905 imperator
790 1815 883 1882 venit
900 1811 942 1882 de
959 1810 1130 1900 Bohemia,
1154 1815 1187 1884 in
1204 1833 1266 1904 qua
1287 1810 1395 1882 iuerat

255 1908 749 2006 postquamdeRomavenerat
761 1919 794 1980 et
804 1907 1163 2000 innavtttttagunoiam.
1174 1907 1217 1979 Et
1227 1905 1267 1978 ab
1279 1907 1396 1978 archi-

255 2011 410 2102 episcopo
427 2016 460 2077 et
477 2015 542 2076 toto
554 2005 642 2076 clero
661 2015 694 2076 et
711 2004 750 2076 ab
762 2009 850 2078 omni
868 2006 987 2100 populo
997 2005 1056 2078 fuit
1065 2016 1217 2099 receptus
1229 2005 1395 2099 sollemp-

255 2108 340 2177 niter
350 2115 385 2178 ut
401 2101 816 2198 imperatorllomanorum.
827 2101 870 2174 Et
879 2102 956 2175 inde
965 2099 1129 2175 recedens
1139 2107 1172 2172 in
1184 2100 1237 2172 die
1247 2107 1394 2174 omnium

256 2205 435 2274 animarum
446 2210 521 2296 post
529 2198 701 2293 prandium
717 2203 776 2272 ivit
787 2223 909 2274 versus
921 2201 1118 2293 Pingwiam¹
1131 2198 1287 2295 oppidum
1298 2203 1396 2296 epis-

255 2303 327 2395 copi
338 2297 531 2390 lllaguntini.
549 2295 612 2368 Ubi
624 2299 798 2392 episcopus
816 2301 951 2372 invento
970 2321 1072 2392 specu
1089 2296 1306 2370 subterraneo
1324 2309 1394 2370 eta
1443 2307 1444 2374 3

255 2395 394 2492 quodam
412 2394 454 2466 tle
472 2393 702 2466 Falchenstoin
725 2399 883 2468 canonico
902 2393 1149 2486 Magnrntinensi
1171 2395 1274 2467 lacto²
1294 2396 1395 2467 mali-

255 2498 358 2582 cioseq
375 2515 436 2587 per
447 2515 544 2587 quam
560 2494 598 2563 iri
615 2502 765 2586 potuerat
781 2490 823 2562 etl
835 2515 999 2564 cameram
1017 2491 1263 2588 archiepiscopi,
1284 2495 1395 2587 impe-

255 2601 344 2662 rator
354 2593 545 2662 canonicum
557 2591 664 2682 ipsum
674 2587 844 2680 redarguit
853 2589 940 2684 quod
951 2590 1142 2684 speluncam
1159 2593 1317 2684 episcopo
1329 2613 1394 2662 noo

255 2688 423 2759 indicavit³
442 2688 640 2780 proscripsit.
659 2685 701 2756 Et
717 2686 793 2757 inde
811 2689 904 2761 venit
920 2687 974 2758 die
991 2685 1116 2760 sabbati
1135 2691 1229 2778 [nov.
1244 2689 1284 2778 5]
1305 2688 1395 2758 Tre-
1442 2739 1443 2780 p

255 2787 357 2856 veris.
381 2784 423 2856 Et
445 2782 487 2853 ibi
506 2785 652 2856 similiter
675 2793 710 2854 ut
732 2787 907 2877 imperator
923 2793 1091 2879 receptus,
1115 2787 1201 2856 stetit
1223 2782 1266 2855 ihi
1289 2807 1396 2880 usque
1442 2787 1443 2791 ’

255 2878 535 2954 crastinolllartini
548 2885 641 2972 [nov.
652 2879 727 2972 l2].
744 2879 786 2952 Et
795 2879 871 2954 inde
883 2885 975 2954 venit
985 2880 1083 2954 Metis
1094 2884 1235 2955 crastino
1247 2880 1396 2954 Othmari

254 3003 313 3051 xv.
330 2979 395 3051 kal.
414 2975 598 3050 decembris
618 2979 711 3067 [nov.
731 2975 805 3068 17].
829 2977 871 3050 Et
888 2977 931 3050 ibi
952 2981 1025 3075 ipse
1048 2990 1082 3051 et
1103 2982 1297 3076 imperatrix
1320 3004 1395 3052 cum

256 3077 515 3169 magnainerunt
526 3075 764 3168 sollempnitate
776 3079 909 3171 recepti.
921 3075 963 3149 Et
972 3078 1038 3148 illic
1048 3076 1090 3149 ad
1100 3099 1176 3148 enm
1187 3079 1282 3148 venit
1292 3075 1397 3150 abbas
1441 3149 1442 3160 ,

256 3174 483 3247 Cloniaoensis
502 3183 535 3244 et
552 3173 604 3244 alii
618 3175 709 3243 missi
720 3171 1084 3268 apapalnnocentiovi.
1103 3174 1278 3246 Venerunt
1289 3179 1398 3246 eciam
1441 3163 1442 3197 ¹

257 3283 384 3364 septem
391 3273 555 3365 principes
568 3270 731 3342 electores
744 3281 777 3341 et
793 3293 878 3342 unus
890 3271 975 3344 lilius
985 3269 1138 3344 Iohannis
1149 3275 1241 3363 regis
1253 3271 1398 3344 Francie

256 3371 453 3462 nupercapti
463 3367 630 3463 perfilium
642 3367 878 3460 regisrlnglie7
889 3379 925 3440 ut
935 3380 987 3442 est
998 3371 1152 3464 scriptum
1164 3391 1275 3464 supra.
1287 3369 1334 3441 Et
1344 3373 1398 3442 alii

257 3466 345 3536 multi
363 3463 489 3538 nobiles
501 3477 535 3537 et
544 3463 687 3536 barones
700 3475 766 3535 tam
779 3463 971 3539 Theutunici
991 3489 1087 3561 qnam
1099 3465 1226 3554 Gallici„
1245 3471 1398 3566 episcopi
1440 3555 1441 3558 Ἴ

256 3561 422 3657 etprelatl.
440 3561 483 3635 m
498 3561 541 3633 ibi
559 3561 601 3632 de
611 3561 720 3633 multis
730 3565 890 3634 mactavit.
909 3563 952 3636 Et
962 3563 1080 3637 ibidem
1092 3587 1213 3636 annum
1224 3565 1282 3638 lvi.
1296 3589 1398 3638 com-
1440 3565 1441 3594 ³

254 3661 369 3755 plevit„
388 3661 566 3732 comedens
584 3670 618 3730 et
635 3658 786 3750 gaudens
798 3659 840 3732 dc
851 3660 912 3734 hiis
927 3684 990 3757 (pre
1003 3660 1062 3735 sihi
1080 3665 1248 3757 propinata
1259 3663 1399 3736 fuerunt

253 3758 505 3852 perillctensem
524 3761 576 3852 (pri
588 3780 606 3827 a
618 3767 766 3851 tempore
777 3755 904 3834 Ottonis
915 3763 1005 3833 tercii
1023 3763 1252 3855 imperatorem
1260 3761 1398 3834 Rome-

254 3877 370 3928 norum
388 3877 455 3928 non
471 3857 694 3948 receperunt.

291 4003 482 4074 l]Pinwigom
504 4007 544 4060 lrs.
581 4003 612 4071 2)
638 4003 762 4060 sectilis.
800 4005 831 4072 3)
852 4022 911 4060 eom
931 4023 965 4061 ae
988 4006 1093 4063 scheint
1115 4023 1148 4062 au
1171 4007 1268 4064 ielrlen.
1301 4011 1396 4082 Vergt.
1439 3961 1440 3968 l

255 4073 383 4142 abrigens
397 4091 494 4146 wegen
509 4076 557 4130 des
571 4089 710 4144 vergangs
725 4075 769 4156 die
779 4076 864 4132 brieio
879 4094 923 4132 ern
943 4077 1087 4134 ‚Gerlaohs
1102 4077 1155 4134 dni.
1169 4077 1255 4134 Eltvil.
1274 4079 1316 4135 17.
1328 4091 1396 4156 sept.

256 4144 326 4200 teto
346 4147 399 4200 nnd
421 4146 514 4202 Canos
528 4162 580 4200 von
596 4145 763 4201 Falkenstem
779 4147 831 4202 dal.
847 4138 1004 4220 Crcnspfflg
1018 4151 1042 4204 7.
1059 4166 1118 4205 nov.
1135 4148 1205 4205 1356
1218 4167 1252 4205 ιιι
1268 4151 1323 4207 den
1339 4155 1397 4209 rath

255 4231 287 4272 cu
303 4215 444 4279 Fraclriurt
456 4218 483 4276 in
496 4217 622 4274 Lersners
637 4217 808 4278 Frankiurter
823 4219 942 4279 Chroaik
956 4219 1078 4294 aptot.
1114 4219 1145 4290 4)
1160 4219 1196 4278 ist
1208 4219 1287 4296 irrig.
