2904 4822
329 197 840 258 nsmnrcusnnnmsssnnovun
1129 205 1173 276 41

62 382 183 464 „centur
204 367 433 446 verisimiliter
449 369 623 466 graviorn
647 383 784 469 paterno
801 383 975 446 sementes
992 375 1118 464 intuitu
1136 375 1178 447 ad
1194 387 1263 446 tate

61 493 134 562 „vos
156 493 392 544 successorem
415 472 635 568 apostolorum
652 474 817 567 principis,
841 475 894 566 qui
917 469 959 543 ad
975 472 1178 567 pascendum

60 591 136 661 „non
152 568 194 640 ad
205 569 409 642 tondendum
426 593 510 644 oves
522 569 713 659 dominicas„
731 593 770 640 ac
788 570 828 640 ad
840 569 1096 642 confinnandtun
1112 593 1179 644 non

60 667 113 754 „ad
129 666 381 761 deprimendum
399 669 516 741 iratres
535 690 614 741 suos
631 666 831 740 mandatum¹
845 692 864 740 a
877 667 1005 742 Christo
1023 673 1179 766 suscepit,

60 764 339 855 „istodcserimus
356 769 478 839 votivis
490 763 657 838 affectibus
669 766 902 860 supplicantes
920 777 1080 860 quatenus
1097 789 1181 861 pre-

60 866 182 952 „missis
206 860 319 934 debite
342 865 530 958 ponderatis
548 887 588 935 ac
605 862 831 952 consideretis
849 863 934 957 quod
952 864 994 935 de
1011 867 1082 936 iure
1100 887 1181 937 cre·-

59 961 146 1051 „andi
169 971 249 1033 sunt
273 960 315 1031 de
337 965 413 1034 vieo
435 963 545 1057 populi
567 965 778 1053 magistratus
802 972 836 1032 et
859 959 1039 1034 secundum
1063 961 1182 1034 dictum

60 1057 267 1153 „prophete12
285 1057 383 1130 dandi
402 1071 476 1132 sunt
493 1059 535 1130 dc
553 1059 672 1130 eodem
689 1060 762 1130 loco
779 1060 889 1152 populi
906 1062 1078 1150 vinitores,
1096 1059 1181 1155 quod

60 1153 267 1346 ”tdtttt
279 1157 590 1329 ettidthttt
606 1155 1182 1351 tittittthtsttttttttt

59 1307 73 1341 r
1018 1309 1027 1342 r

61 1356 172 1441 „etiam
194 1351 390 1424 devocionis
413 1353 612 1448 plenitudine
636 1376 731 1448 quam
756 1352 872 1426 domus
896 1363 1009 1426 nostra
1031 1357 1126 1446 regia
1151 1361 1184 1424 et

60 1449 182 1538 „clerus
201 1460 236 1520 et
252 1450 393 1545 populus
411 1451 485 1524 dicti
506 1455 602 1544 regni
626 1446 836 1545 prestiterunt
858 1451 1016 1522 haetenus
1039 1455 1072 1522 in
1095 1449 1183 1523 obe-

60 1546 193 1637 „dientia
212 1547 298 1618 dicte
316 1548 418 1638 sedis,
435 1560 568 1645 propter
585 1548 670 1645 quod
687 1570 753 1620 non
764 1547 1065 1643 haberetpaternus
1077 1549 1184 1622 atico-

60 1655 126 1734 ,tus
154 1648 205 1716 eis
234 1667 337 1717 onera
363 1657 396 1717 et
417 1649 612 1738 gravamina
635 1647 814 1736 cumulare,
838 1645 932 1720 velut
948 1657 983 1718 ut
999 1656 1092 1741 pater
1108 1645 1183 1718 tiliis

60 1741 302 1833 „demnstsans
320 1741 479 1816 alleviare
496 1744 653 1816 dictarum
669 1745 910 1837 impositionum
920 1746 1184 1839 etprovisionum

61 1864 114 1920 „ac
130 1839 372 1912 ordinationum
389 1844 454 1913 iam
470 1865 531 1936 per
548 1840 663 1914 sedem
674 1842 886 1936 apostohcam
903 1841 1184 1915 invalescencium

59 1941 275 2030 „menatem
297 1942 521 2033 permittentes
544 1938 680 2011 ulterius
703 1949 739 2011 ut
761 1961 904 2034 persone
926 1943 977 2012 ius
995 1948 1184 2034 patronatus

61 2041 126 2121 „sui
151 2037 304 2107 solatium
328 2058 394 2107 ncn
417 2041 590 2127 amicans„
614 2037 822 2132 ecclesieque
846 2036 1052 2108 cathedrales
1070 2047 1104 2108 et
1120 2037 1184 2106 alie

61 2131 150 2222 „diest
167 2137 266 2224 regni
277 2131 398 2206 liberas
410 2136 588 2208 electiones
600 2144 633 2205 et
643 2157 758 2205 earum
769 2135 920 2206 ellectum
930 2133 1081 2206 habeant.
1093 2135 1183 2222 Quas

61 2230 206 2324 „quidem
223 2233 385 2304 ecclesias
403 2231 477 2304 dicti
494 2235 724 2327 progenitores
741 2235 845 2304 nostri
862 2231 983 2302 dudum
999 2235 1032 2303 in
1043 2231 1183 2322 singulis

59 2327 311 2417 ‚rancoribus
329 2329 508 2401 earumdem
526 2332 678 2426 personis
694 2330 835 2434 ydoneis
859 2332 930 2399 iure
948 2351 1009 2402 suc
1025 2332 1121 2420 regio
1137 2327 1184 2400 li-

62 2423 154 2514 „berc
178 2425 406 2518 conserebant,
431 2437 463 2498 et
485 2427 691 2523 postmodum
714 2426 755 2499 ad
772 2437 925 2518 rogatum
941 2436 976 2496 et
991 2428 1185 2498 instanciam

61 2521 160 2612 „dicte
178 2523 283 2610 sedisq
309 2522 369 2595 sub
393 2529 491 2598 certis
508 2525 612 2598 modis
631 2536 665 2597 et
681 2523 916 2596 conditionibus
935 2532 1185 2614 concesserunt,

61 2619 161 2714 „quod
179 2619 360 2694 electiones
378 2621 496 2694 herent
511 2627 544 2694 in
561 2624 653 2696 dictis
671 2622 821 2696 ecclesiis
832 2644 892 2717 per
902 2622 1041 2716 capitula
1058 2643 1185 2692 carun-

61 2717 151 2807 „dem
174 2741 241 2812 que
265 2723 437 2792 concessio
460 2720 519 2792 fuit
540 2744 602 2815 per
619 2719 734 2794 sedem
752 2723 856 2814 ipsam
874 2743 919 2791 ex
936 2729 1025 2790 certa
1043 2722 1185 2791 sciencia

61 2815 278 2902 „confirmata
296 2815 365 2887 Sed
383 2828 494 2890 contra
512 2818 650 2890 formam
668 2820 892 2890 concessionis
911 2817 1185 2888 etconiirmacio-

61 2917 127 3000 „nis
144 2913 366 3007 predictorum
383 2914 468 2987 dicta
486 2915 587 2988 sedes
604 2938 665 3010 per
674 2918 922 2988 reservationes
934 2926 967 2986 ct
977 2916 1185 3009 provisiones

61 3032 157 3098 „suas
180 3010 275 3082 dictis
301 3011 448 3107 capitulis
466 3013 645 3085 electiones
669 3012 789 3084 ademit
806 3011 1023 3106 supradictas,
1042 3020 1076 3081 et
1091 3008 1186 3082 nobis
1297 3033 1300 3040 ’

60 3111 147 3196 „iura
170 3117 204 3178 et
224 3114 474 3202 prerogativam
497 3133 561 3205 que
583 3115 673 3182 iuxta
697 3110 835 3181 formam
859 3109 942 3180 dicte
961 3110 1185 3180 concessionis

61 3204 170 3292 „nobis
182 3211 371 3300 competivit
387 3211 420 3277 in
431 3206 612 3302 hasparte3
629 3217 762 3301 propter
772 3204 857 3300 quod
868 3208 957 3278 iuxta
968 3205 1080 3297 legem
1089 3207 1186 3296 regni

61 3306 194 3394 „nostri
212 3327 260 3375 ex
276 3327 340 3398 quo
358 3304 416 3376 lex
431 3309 464 3376 in
483 3309 700 3378 concessione
716 3307 822 3398 posito
839 3326 906 3374 non
917 3313 1083 3392 servatur,
1101 3323 1187 3374 con-

62 3403 188 3488 „cessio
204 3403 396 3491 resolvitur,
415 3412 449 3474 et
463 3425 521 3474 res
538 3413 657 3474 statum
673 3405 850 3473 revertitur
860 3404 892 3471 in
903 3403 1097 3496 primevum.
1115 3398 1187 3472 Su-

63 3519 141 3590 „per
164 3502 334 3592 premissis
358 3503 466 3594 itaque
491 3499 644 3591 dignetur
667 3501 844 3571 sanctitatis
869 3509 983 3570 vestre
1000 3495 1187 3588 benignitas

62 3593 120 3680 „ad
142 3593 303 3668 honorem
326 3595 380 3666 dei
404 3607 437 3668 et
460 3597 598 3668 salutem
622 3600 803 3668 animarum
826 3618 956 3668 necnon
980 3595 1021 3666 nd
1045 3594 1186 3667 tollenda

62 3691 234 3778 „scandala
258 3703 292 3764 et
308 3693 484 3789 preiudicia
502 3692 659 3789 prelibata
677 3693 830 3765 festinum
855 3703 888 3764 et
906 3691 1037 3766 salubre
1054 3703 1188 3786 tempe-

62 3800 263 3875 „ramerum
280 3813 458 3885 apponereq
476 3803 512 3863 ut
527 3813 589 3862 nos
607 3802 641 3862 et
657 3794 771 3880 nostri,
790 3795 843 3887 qui
854 3813 1030 3886 personam
1040 3800 1188 3862 vestram

63 3889 1187 3980 „sanctissimarumsancunttonancmecclesicmrcverertcupinus

64 3994 116 4071 „nt
132 3981 304 4074 debemus,
321 3985 528 4058 cessantibus
553 3986 644 4058 dictis
662 3985 757 4060 malis
774 3983 1054 4074 intolerabilibus„
1070 3989 1104 4056 in
1121 4007 1187 4078 pa-

64 4091 177 4168 „teme
205 4095 317 4154 vestre
339 4079 526 4156 'dilectionis
556 4082 728 4156 dulcedine
752 4087 969 4179 quiescamus.
993 4083 1189 4156 Reviviscat

100 4226 128 4298 l)
145 4227 268 4286 mundant
285 4231 326 4288 hs.
365 4230 397 4302 2)
417 4228 501 4287 (isses
520 4229 590 4302 2,15.
627 4229 658 4300 3)
677 4229 786 4288 amiteut
803 4231 844 4288 hs.
