3036 4822
321 273 502 333 successio
522 273 746 332 snscoronuu
765 273 1063 334 noounmcuuott.
1184 269 1258 350 357

129 461 161 522 et
178 449 444 546 archiepiscopus
463 463 514 524 est
531 451 698 524 ordinatus
711 449 930 544 lilogunciece
947 451 1069 522 civitati
1086 453 1258 546 metropoli

128 548 315 621 Germanic.
341 550 403 637 Qui
419 547 648 644 predicacione
662 572 721 622 sua
740 561 876 641 gentem
892 549 981 620 illem
993 551 1026 619 in
1038 546 1182 622 tenebris
1194 571 1258 622 se·

128 647 260 718 dentem
284 648 481 740 evangelico
505 647 580 719 luce
603 647 778 720 illustravit
795 657 828 719 ct
845 643 887 718 ad
909 646 1008 718 fidem
1028 656 1152 719 rectam
1170 667 1258 720 con-
1281 707 1284 712 .

127 747 235 816 vertit.
272 743 472 816 Monosterio
491 767 619 842 quoque
643 745 876 818 monachorum
894 755 927 818 ct
943 748 1109 838 virginum
1132 748 1257 839 primus

128 841 321 936 inpartdrus
340 841 517 914 Germanic
534 847 677 915 instituit.
709 843 829 916 Factus
848 853 900 914 est
917 853 1026 915 autem
1043 845 1219 937 episcopus
1237 867 1257 918 c

127 939 291 1032 Gregorio
307 939 452 1035 predicto
471 963 557 1012 onno
575 939 694 1014 domini
712 940 852 1014 dcc.x.v.
878 938 960 1012 ltem
978 943 1049 1034 ipse
1066 943 1256 1014 auctoritato

126 1037 217 1113 sedis
236 1037 414 1133 apostolice
432 1049 465 1110 et
480 1041 661 1132 principum
673 1039 813 1110 Franoie
830 1036 913 1110 dues
931 1035 1030 1112 sedes
1049 1040 1256 1132 episcopales

126 1139 307 1208 constituit:
327 1159 424 1207 unam
441 1139 474 1208 in
492 1147 600 1209 castro
610 1136 854 1232 antzpurglr7
871 1133 926 1206 uhi
938 1135 1163 1208 Burchardum
1180 1135 1256 1208 col-

125 1237 238 1326 legam
266 1257 361 1305 snum
389 1237 578 1329 episcopum
606 1234 786 1324 ordinavit3
814 1234 950 1306 alteram
975 1237 1009 1305 in
1033 1232 1176 1328 Eyssen.
1204 1236 1257 1307 cni

125 1329 324 1404 Wilihsldus
346 1335 521 1426 episcopus
545 1327 711 1406 ordinetus
730 1343 790 1404 est.
825 1330 907 1405 ltem
926 1354 971 1404 ex
986 1335 1080 1404 iussu
1097 1331 1257 1404 zacharie

125 1451 212 1524 pape
228 1426 345 1502 heatus
356 1429 543 1500 Bonilocius
562 1429 809 1525 archipresulPi
833 1433 921 1501 inum
938 1433 972 1501 in
989 1432 1121 1502 civitate
1129 1429 1256 1502 Swes-

125 1549 243 1597 sonum
260 1531 293 1597 in
310 1549 427 1619 regem
445 1527 757 1600 unxitFrancorum.
784 1453 833 1598 Ol
851 1527 883 1597 id
900 1538 974 1622 post
991 1549 1109 1622 popam
1127 1549 1256 1600 secun-

124 1623 186 1694 dus
211 1622 349 1695 hchctnr
372 1623 636 1720 archiepiscopus
654 1625 868 1717 Mogontinus
888 1647 995 1720 usquc
1013 1628 1045 1694 in
1062 1623 1256 1697 hodiernum

125 1721 222 1792 diem
259 1721 297 1794 ln
321 1733 471 1793 extremo
498 1734 647 1818 tempore
676 1734 808 1796 sanctus
832 1722 1020 1795 Bonilacius
1044 1722 1171 1794 Lttllum
1194 1721 1256 1794 sihi

125 1841 358 1892 successorem
369 1819 544 1910 ordinavit
563 1825 677 1916 etipse
695 1825 807 1912 gracia
824 1819 1061 1916 predicacionis
1073 1823 1105 1890 in
1116 1817 1256 1892 Frisium

122 1921 282 2010 perrexit.
308 1915 362 1988 uhi
379 1921 522 1990 martirio
539 1930 714 1990 coronatus
738 1929 791 1990 est
807 1941 912 1991 nonas
928 1921 1017 1989 iunii.
1052 1917 1171 2007 (Anno
1188 1915 1256 1988 do-

122 2016 201 2085 mini
219 2013 371 2088 dccxiv.
389 2018 520 2087 inicium
537 2015 712 2090 Fuldensis
730 2019 919 2089 monosterii
936 2039 955 2087 o
973 2013 1070 2088 heato
1086 2015 1256 2088 Bonilocio

123 2110 373 2207 archiepiscopo
390 2110 544 2208 habuit.¹)
1028 2137 1036 2150 ·

172 2225 322 2300 Doclvi.
359 2227 485 2317 Ludus,
509 2231 590 2302 alias
608 2229 680 2321 hul,
705 2229 872 2304 secundus
890 2231 1156 2323 archiepiscopus
1173 2225 1256 2302 hlo-

121 2329 293 2416 goniinus„
319 2325 403 2398 sedit
425 2331 518 2400 annis
535 2331 615 2400 xxii.
652 2329 694 2400 Et
710 2327 763 2399 hic
787 2339 919 2401 sanctus
939 2337 971 2398 et
987 2327 1165 2419 religiosus
1184 2335 1256 2398 erat

121 2422 245 2494 ordinis
272 2429 376 2496 sancti
398 2423 568 2498 Benedicti
592 2429 674 2498 sicut
701 2437 734 2497 et
757 2425 953 2498 Bonilacius.
990 2425 1096 2496 Etiam
1122 2425 1255 2494 natione

123 2519 297 2612 Anglicus.
330 2523 392 2610 Qui
409 2523 558 2596 fundavit
574 2529 808 2596 monasterium
825 2523 948 2594 ordinis
966 2525 1069 2596 sancti
1086 2519 1255 2592 Benedicti

123 2621 155 2687 in
173 2616 368 2710 Blidenstat,
387 2619 471 2714 quod
489 2625 611 2715 etipse
629 2621 801 2694 dedicavit.
835 2621 953 2709 (Anno
971 2619 1092 2692 domini
1110 2617 1254 2691 dccclii.

119 2715 298 2787 translacio
316 2722 420 2789 suncti
436 2715 519 2790 Lulli
536 2723 569 2790 in
587 2743 668 2791 cena
687 2720 837 2813 domini.)

169 2829 404 2906 Doclxxnvii.
442 2833 612 2907 Richollos
635 2839 756 2908 tercius
777 2833 1041 2931 archiepiscopus
1060 2830 1145 2906 sedit
1160 2833 1256 2904 annis

118 2931 227 3000 xxvii.
263 2931 363 3002 Anno
381 2933 452 3002 eius
470 2935 636 3024 vigesimo
654 2935 888 3006 monesterium
907 2937 1011 3004 sancti
1027 2929 1149 3005 Albam
1166 2933 1256 3002 itmta

119 3021 334 3118 hlogunciom
353 3027 532 3122 dedicatur,
550 3029 636 3126 quod
655 3035 776 3125 etipse
793 3029 905 3126 presul
922 3033 976 3125 pie
993 3029 1152 3101 memorie
1169 3049 1257 3098 con-

52 3155 67 3178 ·
121 3127 254 3214 struxit„
273 3148 318 3196 ex
334 3127 428 3198 iussu
444 3137 555 3200 tomen
571 3127 684 3200 Karoli
700 3131 823 3221 magni.
850 3124 979 3200 Versus
998 3123 1149 3222 epitaphii
1167 3125 1256 3196 eiust

289 3241 432 3314 Martiris
450 3242 570 3316 Albani
588 3247 766 3317 renovavit
781 3244 922 3318 culmina
940 3233 1073 3314 Richoll
1091 3233 1093 3240 ’
1235 3303 1238 3308 .

289 3339 439 3412 Antistes
457 3340 592 3420 humilis,
605 3340 723 3414 Christi
740 3341 882 3414 devotus
900 3340 1025 3414 honoro

288 3435 465 3512 Exomans
482 3461 574 3510 eram
590 3442 749 3534 preciosis
767 3449 864 3534 atque
882 3437 1033 3510 metallis.

172 3549 339 3624 Dcccsriii.
367 3552 547 3626 Heistollus
565 3565 732 3649 postcom
750 3559 844 3628 onnis
860 3559 906 3628 xi.

173 3647 389 3724 Decentii.
415 3649 571 3744 Otgarius
588 3652 675 3726 sedit
691 3656 786 3726 annis
802 3657 881 3728 xxii.
915 3655 977 3741 Qui
994 3675 1133 3748 corpora
1151 3675 1256 3726 sonc-

120 3757 230 3818 tornm
247 3749 457 3843 reliquiarum
468 3749 511 3821 de
521 3751 685 3824 Ravenna
696 3749 821 3841 detulit,
840 3753 964 3824 scilicet
974 3755 1088 3825 uxoris
1098 3751 1257 3822 Vicencie

122 3854 159 3916 et
185 3843 253 3916 filie
275 3843 473 3920 lnuocencie
501 3852 604 3920 sancti
628 3848 760 3922 Severi.
796 3850 915 3938 (Anno
938 3849 1059 3922 domini
1083 3847 1256 3920 dcccxhu.

120 3941 323 4016 hadewions
340 3944 520 4018 monachos
537 3949 571 4018 in
587 3946 767 4020 llerslelde
783 3947 1009 4020 reconciliavit
1028 3968 1103 4018 com
1121 3943 1257 4036 Otgario

121 4037 370 4136 archiepiscopo
386 4053 520 4138 propter
537 4043 682 4118 decimas
700 4047 733 4116 in
750 4043 959 4140 lhuringia.)

179 4181 209 4274 ll
236 4164 285 4262 ὦ
304 4207 330 4262 in
356 4210 441 4265 nunde
467 4209 610 4267 lrlcmmern
638 4218 776 4282 genetrten
794 4219 882 4270 worte
907 4161 973 4270 sind
992 4211 1018 4267 in
1044 4211 1091 4267 den
1114 4210 1154 4267 hs.
1173 4211 1257 4270 noch-

122 4277 238 4348 triglich
260 4277 410 4353 heigelttgt.
1246 4299 1248 4304 ’
