2900 4820
269 247 343 328 228
570 249 735 310 mnttums
755 249 1096 311 neewessttettmtsts.

267 430 382 518 pitutis
402 431 621 498 concesserint
638 429 833 518 electionem,
854 431 884 498 si
898 449 994 519 papa
1009 437 1114 518 pacta
1132 427 1321 500 demarradi
1339 445 1400 496 uon

271 534 423 614 seruaret,
445 545 498 596 res
516 530 553 596 r'n
568 529 746 614 pristinam
765 535 979 598 reverteretur
996 530 1175 599 natrtrom.¹

319 623 482 695 Similavit
493 633 603 694 autem
620 645 717 718 papa7
737 645 774 695 se
785 625 1057 696 reformationem
1068 626 1224 719 principis
1235 623 1399 694 adedere.

263 725 449 817 ,missisque
466 724 583 792 iterum
601 731 634 792 et
651 725 768 793 iterum
785 725 912 794 nunciis
934 744 996 816 per
1017 725 1197 816 principem
1221 720 1263 791 ad
1285 742 1401 816 papam

273 831 308 890 et
324 817 366 890 ad
382 841 500 912 regem
516 818 657 890 Francie
677 818 790 910 [1342
807 823 924 910 nov.],
947 821 1068 914 illoque
1092 823 1220 891 nunciis
1240 828 1273 889 et
1289 817 1402 889 litteris

269 917 495 990 intercedente
518 938 577 1011 pro
600 919 686 1012 ipso,
712 917 774 990 sed
797 927 832 989 ut
852 914 1028 990 videbatur
1050 921 1083 988 in
1109 917 1197 1008 dolc,
1223 917 1329 1008 legati
1353 915 1402 984 diu

272 1017 364 1106 tend,
382 1015 486 1086 linem
497 1012 620 1086 habere
630 1035 697 1086 non
707 1015 875 1104 valentes,
892 1013 1013 1087 iniecto
1023 1019 1165 1107 negocio
1177 1025 1254 1087 sunt
1264 1015 1401 1086 reversi.

267 1113 359 1206 Papa
387 1123 497 1184 autem
521 1116 660 1184 monuit²
677 1114 791 1186 litteris
815 1111 929 1184 hostiis
954 1113 1095 1186 ecclesie
1115 1113 1272 1184 Avinioni
1296 1109 1402 1182 affinis

269 1213 462 1304 prinoipem
480 1220 515 1281 ut
532 1231 636 1304 usque
654 1209 696 1282 ad
713 1221 839 1283 certum
852 1209 939 1282 diem
950 1211 1156 1284 satisfaceret
1167 1209 1231 1281 deo
1243 1219 1278 1280 et
1289 1210 1402 1280 eccie-

271 1310 334 1398 sie‚
359 1317 393 1378 et
410 1305 450 1377 ab
468 1311 688 1402 occupacione
706 1311 823 1382 iuriam
841 1311 967 1402 imperii
986 1308 1162 1382 desisteret
1179 1319 1212 1378 et
1228 1307 1325 1402 plura
1343 1307 1400 1376 alia

267 1403 479 1496 iaceretsub
492 1409 645 1496 gravium
656 1410 954 1480 commmricacione
964 1429 1122 1501 penarum
1133 1404 1247 1496 [1343
1255 1403 1400 1499 apriil.

269 1500 309 1575 ln
332 1524 397 1596 quo
419 1505 559 1575 termino
576 1507 610 1574 in
628 1507 835 1594 consistorio,
860 1515 894 1575 et
911 1507 1052 1578 crastino
1071 1503 1230 1594 similiter,
1254 1504 1356 1574 latine
1373 1513 1402 1572 et

271 1598 456 1672 theutonice
478 1611 527 1672 ter
545 1601 678 1673 clamari
694 1602 787 1674 iecit:
809 1605 840 1672 si
859 1605 982 1690 aliquis
998 1605 1129 1672 adesset
1141 1622 1209 1691 pro
1228 1603 1402 1672 Ludouico

268 1701 311 1767 rte
324 1699 505 1769 Bouaria?
522 1703 655 1772 nemine
674 1709 896 1793 comparente.
927 1699 970 1772 Et
986 1700 1062 1772 licet
1079 1698 1275 1773 intendisset
1293 1709 1401 1770 canna

268 1817 345 1868 eum
370 1799 488 1868 acriter
510 1797 712 1890 procedere,
746 1799 854 1889 ipsum
876 1809 987 1869 temen
1009 1799 1174 1891 reputavit
1197 1795 1402 1871 solummodo

268 1903 505 1965 contumacem
557 1894 696 1991 Scripsit
719 1898 807 1966 enirn
829 1898 983 1990 princeps
1005 1893 1154 1984 Francm
1178 1917 1255 1966 cum
1278 1903 1400 1965 eertum

266 2001 374 2082 esset,
400 2013 518 2086 papam
536 1991 709 2066 adnutum
727 2015 823 2065 suum
840 1996 930 2084 regi:
957 1997 987 2064 si
1008 1995 1089 2082 qaid
1107 2001 1225 2063 canoa
1245 2013 1281 2062 se
1300 1995 1399 2078 fieret,

266 2090 331 2160 troc
347 2110 371 2158 a
385 2091 515 2160 Franco
536 2092 672 2162 iuberet
688 2098 721 2161 et
734 2093 911 2162 secuudum
926 2091 990 2162 doc
1004 2111 1039 2161 sc
1055 2099 1191 2180 reperet,
1213 2093 1401 2178 litterasque

265 2189 391 2260 Franci
403 2191 814 2280 princepidaspudtr'caret.
841 2187 938 2260 Unde
948 2210 1007 2283 pro
1022 2198 1099 2260 tunc
1108 2187 1258 2260 Francus
1272 2190 1398 2282 scripsit

268 2307 367 2379 pape,
385 2284 471 2382 quod
488 2287 675 2360 nullatenus
694 2285 889 2380 procederet
906 2297 1017 2360 contra
1034 2286 1135 2358 illum.
1428 2299 1429 2379 t

339 2383 455 2458 Missis
474 2407 602 2480 quoque
618 2389 736 2456 iterum
753 2407 814 2479 per
830 2387 1009 2481 principem
1029 2384 1144 2457 litteris
1163 2393 1197 2456 et
1213 2385 1343 2456 nuncis
1362 2381 1399 2452 ad

265 2484 393 2554 curiam
410 2491 444 2552 et
460 2481 503 2552 ad
512 2482 687 2573 Francum
705 2481 937 2556 sciscitandum
954 2505 1088 2556 causam
1106 2480 1331 2577 impedimenti
1341 2503 1400 2552 re-

266 2580 490 2670 formaticum
514 2604 588 2652 cum
604 2583 705 2675 pape³
723 2592 856 2676 paratus
875 2591 966 2656 esset
982 2585 1090 2652 omnia
1107 2581 1234 2671 facere,
1261 2603 1325 2675 qnae
1340 2577 1397 2651 sibi

267 2681 517 2770 iniungereutur
534 2703 553 2750 a
570 2701 668 2774 papa„
692 2679 833 2773 datoque
850 2701 1013 2776 responso
1030 2701 1093 2774 per
1107 2677 1288 2766 Francum,
1317 2675 1397 2772 quod
1427 2761 1428 2766 Ἰ

268 2775 431 2848 diceretur
447 2798 508 2869 per
525 2799 656 2872 papam,
673 2774 760 2872 quod
776 2798 843 2849 non
859 2787 988 2872 peteret
1005 2799 1046 2848 ec
1063 2775 1160 2848 modo
1178 2780 1327 2867 muciam
1338 2797 1396 2870 quo
1427 2789 1428 2837 t

266 2871 416 2963 deberet,
433 2879 639 2970 nunciisque,
658 2885 755 2970 prout
769 2877 804 2946 in
821 2874 981 2948 mandatis
999 2872 1174 2964 habebant,
1200 2872 1395 2946 dicentibus:

264 2970 354 3064 quod
370 2970 504 3042 deretur
520 2975 569 3046 eis
586 2972 692 3044 forma
708 2975 921 3068 procuratorii
938 2995 1024 3067 pape
1040 2973 1191 3067 placens,
1217 2970 1395 3044 serrandum

266 3091 377 3162 quam,
395 3071 630 3165 qualiscunque
648 3080 753 3160 essct,
779 3091 817 3142 se
834 3068 998 3142 redituros
1016 3068 1179 3160 dicebant„
1205 3079 1394 3164 conceptum

263 3176 319 3238 est
335 3170 434 3259 igitur
455 3171 714 3262 procuratorium
738 3170 962 3262 turpissimum
985 3179 1019 3239 et
1041 3167 1291 3260 rigidissimum
1317 3161 1394 3260 quod
1426 3223 1427 3230 ,

265 3286 332 3334 non
349 3263 506 3337 credebat
522 3269 611 3338 curia
630 3267 767 3358 sigillari
782 3287 844 3360 per
860 3266 963 3356 illumi
982 3269 1087 3337 eciam
1099 3270 1126 3339 si
1138 3276 1253 3360 captus
1271 3264 1391 3336 iutssm
1426 3255 1427 3292 ¹

264 3359 412 3432 Dabatm
435 3367 578 3434 enimin
603 3385 644 3434 eo
667 3373 813 3458 potestas
836 3362 1019 3434 Humberto
1039 3361 1208 3457 Delphin„
1235 3361 1393 3435 avunculo

265 3461 431 3553 principis,
449 3463 527 3532 item
543 3461 753 3552 Augustensi
771 3471 804 3532 et
820 3458 1095 3553 Babenbergensi
1111 3464 1305 3555 prepositis
1322 3465 1390 3530 item

263 3560 424 3649 magistro
441 3557 552 3631 Uirico
570 3560 766 3631 cancellario
785 3580 846 3630 suo
869 3557 1056 3648 insolidum„
1080 3557 1257 3630 confitendi
1280 3577 1388 3628 omnes

264 3669 397 3729 errores
409 3655 606 3746 ethereses
623 3659 700 3728 item
718 3655 911 3748 resignandi
928 3659 1100 3750 imperium
1117 3651 1388 3728 neoresumendi.
1425 3697 1426 3740 3

262 3755 325 3826 nisi
343 3753 440 3826 iieret
457 3753 499 3824 de
515 3758 627 3846 gracia
645 3777 743 3849 pape,
762 3764 850 3826 etse
868 3764 901 3825 et
917 3751 1002 3826 filios
1021 3775 1100 3827 suos
1118 3764 1152 3825 et
1167 3751 1255 3825 bona
1273 3763 1308 3824 et
1324 3762 1389 3824 sta·
1425 3747 1426 3753 ’

261 3861 330 3922 tum
353 3873 450 3924 suum
473 3855 507 3922 iu
530 3873 647 3927 manus
673 3863 706 3924 et
723 3853 927 3925 voluntatem
949 3874 1036 3945 pape
1058 3850 1216 3945 ponendi,
1242 3861 1276 3922 et
1299 3849 1387 3921 multa

261 3950 404 4022 insolita⁴
416 3947 566 4022 faciendi
603 3951 731 4022 Verum
748 3953 903 4044 princeps
920 3947 1110 4022 mandatum
1126 3947 1312 4020 huiusmodi
1328 3967 1385 4017 ncn

316 4127 344 4195 1)
364 4128 416 4183 Das
435 4127 614 4200 soiistdndige
633 4127 774 4184 sciusiben
794 4127 953 4198 mitgetheiit
971 4142 1023 4181 von
1039 4123 1384 4181 Heinr.de1riessem0nn

260 4195 414 4270 indii-42.
463 4199 495 4266 2)
522 4199 608 4255 monii
636 4201 683 4256 mit
710 4200 795 4254 einern
824 4198 905 4254 strich
935 4195 1155 4268 obstitistis,
1174 4187 1386 4254 monicioucraA.

259 4269 290 4339 ³)
309 4287 342 4325 so
362 4271 399 4340 tt,
418 4271 476 4342 ipse
493 4272 524 4327 A.
561 4273 592 4338 4)
612 4289 644 4327 so
663 4273 705 4342 Α.,
724 4270 805 4327 solita
825 4271 852 4326 Β.
