3014 4822
266 223 338 294 426
658 223 824 282 lOilAliliES
842 223 996 283 tutunus,

266 395 386 469 lisdem
403 395 518 470 uetus
536 396 604 470 dux
614 397 778 472 Hemicus
789 399 1078 472 Bruusohvicensis
1093 398 1174 472 vidit
1184 399 1392 496 Oppeniucim

265 494 373 589 ibique
386 505 573 589 acceptatus
585 505 648 586 est
660 495 1080 590 quodampliusviderenon
1091 497 1254 592 cupiebat,
1266 521 1392 592 magno

266 615 339 664 cum
357 593 476 663 dumne
494 593 679 666 discedens.
717 593 872 668 Similiter
883 592 923 663 ab
940 593 1058 667 ‘Altuen
1076 594 1240 683 discessit,
1265 608 1300 668 et
1316 602 1392 692 quuiu

265 701 342 762 tunc
363 691 422 761 fuit
447 695 637 784 capitaneus
663 713 810 766 summus
833 694 1014 783 lantgravii
1041 691 1201 765 ombnssit
1225 697 1259 764 in
1284 693 1392 765 Gauio

265 799 321 860 ant
336 792 473 884 pecunia
492 790 640 862 multavit
651 787 692 860 ad
709 790 782 862 150
791 791 893 862 villas.
920 788 1036 861 Habuit
1052 799 1130 861 tunc
1146 795 1178 860 in
1190 790 1297 862 Gauio
1308 791 1392 863 no-

266 890 402 980 guntino
419 887 612 978 luntgrulius
631 889 690 958 triu
709 888 806 961 millia
825 891 973 982 epuitum7
992 890 1107 980 viginti
1125 889 1223 960 miliia
1243 887 1390 982 peditum

265 995 298 1055 et
308 987 367 1056 tria
380 985 477 1056 millia
492 1007 654 1056 curruum.
683 985 804 1057 Comes
815 985 942 1056 Fmiclo
956 983 998 1055 de
1007 984 1190 1077 Leiningen
1200 987 1260 1057 luit
1271 985 1391 1059 brant-

263 1086 399 1154 meister
423 1105 487 1154 vae
512 1081 629 1154 sibiet
655 1087 733 1156 suis.
772 1082 952 1155 Combussit
974 1086 1071 1154 etiam
1096 1088 1333 1156 monasterinm
1354 1089 1391 1156 in

262 1178 431 1270 limburg
448 1179 502 1250 uhi
517 1184 567 1252 sui
584 1191 740 1273 parentes
759 1191 835 1254 suut
847 1181 971 1276 sepulti.
999 1179 1093 1252 Circa
1112 1181 1232 1254 festum
1251 1191 1390 1254 sanctue
1493 1197 1494 1276 j

263 1275 475 1368 Margaretae
496 1279 565 1367 [iul.
579 1275 642 1368 13]
667 1279 856 1370 lantgrofius
880 1275 1006 1350 obsedit
1026 1279 1134 1349 auium
1151 1282 1184 1348 in
1201 1277 1390 1371 ingelheim
1493 1277 1494 1280 ’

262 1397 384 1467 magno
397 1379 430 1445 vi
442 1385 639 1446 armatorum
650 1387 684 1446 et
693 1374 949 1464 bombardorum
963 1395 1059 1469 quum
1071 1373 1209 1448 dimissit
1219 1379 1387 1448 invictum.
1493 1401 1494 1466 j

262 1472 337 1543 Heu
355 1472 462 1544 multis
480 1469 600 1544 ibidem
616 1473 795 1545 interiectis
807 1483 835 1543 et
844 1474 1028 1568 prostratis!
1055 1473 1174 1544 Postea
1191 1473 1389 1566 lantgrulius

261 1569 357 1640 rediit
374 1569 415 1640 de
432 1568 616 1661 ingelheim
633 1571 833 1662 lingentium
856 1567 1079 1665 praeparando
1098 1591 1136 1642 se
1163 1593 1238 1641 eum
1257 1575 1327 1641 suis
1345 1571 1388 1642 ad

262 1667 497 1738 nauseantium
525 1666 695 1758 Rhenum2
724 1667 807 1762 quod
833 1677 866 1739 et
889 1667 975 1758 iecit7
1003 1666 1137 1758 figendo
1164 1675 1272 1738 castra
1300 1667 1389 1761 apud

165 1845 177 1856 ,
261 1763 373 1836 viliam
392 1761 555 1836 Sudzhach
574 1787 616 1836 ec
633 1768 753 1856 {inimoa
772 1766 852 1860 quod
868 1769 1052 1836 comitatum
1070 1765 1189 1835 domini
1207 1764 1389 1836 Reinhurdi

262 1860 304 1931 de
320 1861 453 1934 Hanaw
470 1863 551 1934 velit
568 1867 700 1934 omnino
718 1863 900 1935 annirilare.
927 1861 970 1933 Et
987 1866 1035 1934 sic
1051 1883 1163 1934 comes
1181 1873 1271 1932 metu
1289 1883 1390 1934 com-
1493 1927 1494 1936 ,

261 1959 376 2053 pulsus
401 1957 489 2030 dedit
512 1959 623 2033 Hesso
651 1972 790 2033 castmn
814 1971 845 2031 et
866 1959 1019 2055 oppidum
1042 1957 1214 2051 Homburg
1238 1979 1303 2030 vor
1328 1960 1390 2031 der

260 2053 391 2145 Hoehe,
416 2067 448 2128 et
465 2059 513 2128 sio
530 2077 605 2128 cunr
624 2069 658 2130 et
675 2081 754 2132 suos
772 2065 801 2129 in
818 2080 898 2152 poce
915 2057 1051 2144 dimisit3
1074 2055 1159 2152 quod
1184 2057 1305 2128 iactum
1330 2058 1389 2128 icit
1493 2063 1494 2102 ⁴

96 2175 98 2180 ’
212 2225 215 2230 ,
259 2157 292 2225 in
311 2151 364 2223 die
379 2151 562 2246 'Arbcgusti
582 2156 653 2248 [iul.
665 2156 740 2248 21].
766 2155 885 2227 liudem
904 2154 956 2225 die
974 2158 1140 2226 exercitus
1157 2153 1302 2248 peditum
1320 2154 1389 2225 do—

262 2253 339 2322 mini
357 2249 399 2322 de
408 2250 639 2345 Wirtenberg
658 2259 710 2348 qui
721 2257 810 2328 venit
823 2251 997 2344 lantgruiio
1013 2257 1045 2322 in
1065 2251 1233 2341 auxilium
1251 2254 1312 2323 ivit
1328 2274 1390 2345 per

262 2347 539 2421 Francoiurdiam.
566 2351 682 2422 Altera
696 2352 749 2423 die
760 2355 793 2422 in
811 2349 952 2445 profesto
970 2348 1087 2420 beatae
1099 2347 1225 2419 Mariae
1237 2347 1388 2440 Magda-

261 2448 378 2518 leuae¹
397 2447 528 2519 Hessos
551 2448 756 2540 lantgravius
781 2447 865 2520 dedit
887 2447 1049 2518 licentiam
1075 2449 1143 2518 suis
1168 2443 1310 2534 civibus„
1335 2450 1389 2540 qui

262 2565 338 2613 eum
357 2554 432 2616 sunt
456 2548 571 2635 secutip
595 2557 630 2615 ut
647 2547 790 2617 redirent
805 2549 835 2615 in
861 2547 1008 2638 patriamn
1031 2549 1104 2638 ipse
1122 2563 1206 2616 vero
1224 2563 1299 2614 cum
1318 2547 1388 2615 suis

262 2640 420 2734 equitibus
446 2645 563 2712 iterum
587 2648 794 2737 pertransivit
810 2641 988 2732 Moganum
1014 2662 1120 2734 usque
1139 2637 1388 2726 Russelsheim3

261 2737 329 2808 dux
351 2738 649 2812 anschvicensis
674 2745 790 2814 mansit
813 2743 845 2810 in
869 2735 1065 2810 Gemsheim
1088 2748 1122 2809 et
1145 2737 1214 2808 dux
1231 2736 1389 2808 Machel-

259 2833 437 2926 hurgensis
461 2840 492 2906 in
512 2835 632 2908 Gerau.
675 2839 817 2932 Septimo
837 2836 887 2907 die
910 2839 1040 2926 augusti
1066 2855 1182 2906 omnes
1207 2837 1388 2906 coniunctis

260 2930 385 3005 viribus
397 2935 549 3005 exierunt
560 2945 671 3006 contm
682 2934 935 3023 Heidelbergam
947 2931 1177 3005 comburentes
1185 2929 1388 3004 Henschus-

259 3029 363 3100 heim²
388 3041 421 3100 et
446 3031 647 3125 udaquerunt
671 3055 773 3126 equos
798 3035 830 3103 in
850 3031 951 3101 liuvio
969 3029 1111 3101 Necker.
1149 3029 1388 3119 Pugnuverunt

260 3131 358 3199 etiam
369 3151 443 3199 cum
454 3133 586 3200 armetis
596 3131 730 3202 Palatini
740 3147 842 3224 usque
854 3127 894 3197 ad
906 3136 1004 3222 caput
1013 3129 1119 3221 pontis
1127 3123 1386 3218 Heidelbergae,

259 3223 313 3296 ubi
336 3247 396 3319 pro
421 3228 537 3297 solutio
561 3238 593 3298 et
615 3227 775 3321 triumpho
793 3247 859 3297 vox
882 3221 1031 3296 tubarum
1052 3227 1203 3296 insonuit.
1240 3221 1386 3318 indeque

259 3333 473 3396 recessemnt
490 3334 523 3394 et
541 3327 626 3395 circa
644 3323 837 3414 Ludenburg
857 3320 1108 3393 combusserunt
1125 3321 1223 3393 vilius
1240 3329 1318 3391 octo
1334 3329 1387 3391 aut

259 3441 392 3491 novem.
418 3419 481 3491 Die
495 3419 549 3492 12.
561 3426 685 3494 mensis
697 3424 825 3513 augurati
836 3419 999 3490 Hemicus
1011 3419 1079 3489 dux
1088 3417 1385 3490 anschvicensis

259 3521 399 3590 recessit
426 3517 567 3589 domum.
606 3519 643 3589 iu
671 3519 723 3588 dia
749 3519 851 3588 sancti
879 3515 994 3608 Magni
1021 3517 1174 3610 martyris
1204 3518 1299 3607 [sug.
1325 3513 1383 3603 ts]

260 3617 364 3686 exivit
379 3614 573 3706 lantgraiins
592 3615 634 3686 ad
650 3613 863 3688 obsidendum
882 3617 1059 3702 civitatem„
1086 3623 1229 3684 castrum
1248 3621 1281 3682 et
1299 3612 1385 3682 telo-

258 3733 358 3783 neum
375 3716 409 3782 in
427 3711 518 3782 (iuba
537 3715 610 3785 sive
621 3710 771 3784 Kaubad
783 3711 948 3799 Rhenum,
968 3709 1052 3804 quod
1070 3709 1147 3781 iecit
1164 3731 1238 3780 cum
1256 3711 1382 3800 magnis

258 3809 472 3882 incommodis
500 3823 534 3882 et
560 3813 716 3904 expensis
745 3807 786 3878 ad
814 3811 953 3902 spatium
981 3817 1109 3901 septem
1135 3805 1381 3877 hebdomadum.

258 3905 327 3976 Sed
349 3911 383 3978 in
405 3909 494 3978 nullo
518 3908 655 4000 proiecit
678 3929 717 3976 ao
732 3909 873 3976 inaniter
894 3909 1034 3978 recessit
1057 3904 1253 3976 desideratis
1278 3903 1380 3974 miultis

257 4001 432 4095 nobilibus,
443 4003 569 4078 civibus
578 4007 755 4076 etrusticis.
773 4001 912 4074 inbrevi
923 4013 1031 4074 autem
1039 4011 1200 4096 tempore
1212 4009 1380 4094 antequam

259 4099 446 4174 discederet
467 4103 659 4194 lantgrolius
683 4100 725 4172 de
744 4099 853 4190 Cubm
878 4103 996 4172 iterum
1012 4099 1107 4170 rediit
1129 4099 1198 4173 dux
1212 4093 1380 4170 Brunsdt-

296 4219 324 4290 l)
339 4224 386 4278 dus
399 4228 471 4278 wire
485 4225 551 4280 euch
564 4224 608 4280 iul.
622 4221 665 4280 21.
699 4223 730 4292 2)
744 4221 1005 4280 liandsctrucitslreim
1018 4221 1139 4278 udrdiiclr
1152 4237 1205 4279 vcu
1218 4217 1378 4286 fleitetterr.
