2982 4824
481 229 523 288 LE
542 229 708 288 ottomcttss
728 232 771 290 DE
789 231 938 290 mannua.
1204 237 1275 310 715

194 411 259 484 Nol
282 410 368 483 dicto
391 429 478 482 anno
499 407 689 482 Innocentio
715 430 799 505 papa
822 411 875 480 iiii.
900 430 1000 503 passo
1023 407 1106 480 oltra
1131 408 1152 480 li
1177 413 1361 482 mentitam

141 533 207 584 con
232 519 311 582 tutte
335 509 366 580 le
385 531 445 583 sua
468 517 559 580 corte
576 529 597 578 e
613 506 792 582 andossine
816 506 858 579 ad
874 506 987 578 Leone
1011 527 1109 602 sopra
1126 506 1275 580 Rodano.

140 609 171 682 E
189 611 211 681 li
229 611 263 680 vi
281 605 397 678 ordino
419 607 451 679 cl
476 607 612 680 consilio
634 627 697 678 oon
720 609 790 678 tutti
806 606 829 677 li
846 604 1013 696 ordinali,
1038 606 1134 678 salvo
1157 604 1219 677 che
1243 607 1276 680 lo

140 702 999 798 vescovoostiensia,emesserscetanopresbyaerc
1006 701 1171 776 cardinale
1179 725 1276 777 com-

141 809 245 880 mise²
256 807 376 876 inviae
388 825 448 876 sua
459 803 622 893 tattone,
633 801 915 876 messerRicardo
926 801 1098 874 d’Anconu
1110 801 1276 874 cardinale

141 905 445 977 commise²invlce
464 923 523 974 sua
538 905 571 973 in
582 900 798 994 campagnia,
816 923 947 974 messor
957 901 1102 974 llaniere
1116 899 1276 974 diachono

143 1001 335 1096 [commisd²
358 1003 392 1072 in
409 1003 484 1073 vice
509 1002 585 1092 sue]
608 1003 641 1072 in
658 999 808 1074 Toscena
830 1023 851 1071 e
875 999 992 1072 ducato
1016 999 1047 1070 di
1064 999 1190 1094 Spoleti
1206 1021 1227 1071 e
1242 1000 1276 1073 le

140 1098 275 1172 marche
300 1098 488 1172 d'Aneona.
522 1098 559 1170 ln
577 1097 684 1192 quello
708 1117 796 1170 enno
811 1097 928 1170 lurono
949 1098 1049 1170 molte
1066 1099 1277 1172 cavalcatee

139 1196 244 1294 preda
262 1209 311 1269 tra
324 1199 346 1270 li
358 1195 523 1272 Viterbesi
541 1207 575 1268 et
591 1205 693 1290 gente
707 1196 984 1291 -det'imparatora
1005 1195 1049 1270 Et
1064 1196 1097 1268 cl
1115 1199 1274 1290 patriarca

141 1297 354 1369 d'Antioclrie
381 1307 415 1367 et
438 1297 471 1368 lo
494 1297 654 1392 patriarca
678 1294 857 1390 d'Aquilea
884 1293 1031 1367 andarno
1048 1297 1080 1365 in
1097 1292 1235 1368 Francia
1254 1319 1274 1368 c

139 1407 305 1468 tractamo
345 1417 405 1467 aee
423 1405 471 1467 tra
481 1397 502 1466 'l
519 1415 604 1489 papa
618 1403 653 1465 et
668 1393 907 1488 t'imperatcra,
925 1393 946 1464 il
963 1393 1059 1487 quale
1076 1395 1274 1487 imperatore

140 1504 238 1566 stava
256 1494 309 1566 elli
322 1417 427 1585 dagni
444 1493 476 1567 di
493 1492 651 1565 Peucolo³
669 1514 730 1586 per
755 1502 844 1563 certa
865 1515 924 1565 sue
942 1491 1104 1564 infirmita.
1134 1489 1173 1564 lu
1197 1493 1273 1585 quel

138 1613 258 1664 menne
275 1590 434 1665 Pandollo
450 1590 481 1662 di
495 1591 669 1663 Fasanella
688 1587 828 1662 eVitale
845 1589 1012 1662 d'Averse
1029 1592 1178 1683 capitanii
1194 1587 1272 1661 del-

138 1691 367 1785 l’imperatore
389 1690 484 1762 lerna
508 1687 635 1780 grande
664 1691 811 1762 exercito
839 1698 951 1761 eontra
969 1684 1106 1760 Viterbo
1130 1697 1273 1760 eusse-

139 1788 255 1860 diemo
272 1791 306 1860 in
322 1809 388 1859 uno
404 1788 479 1861 loco
496 1787 656 1860 chiamato
668 1787 799 1860 Rotella
815 1797 990 1861 estectero
1008 1795 1081 1858 aeto
1101 1784 1164 1857 die
1181 1807 1272 1878 gue-

139 1897 253 1960 starno
276 1885 383 1960 arbori
402 1889 554 1978 evigne,
578 1895 699 1980 quante
716 1888 750 1958 vi
773 1886 878 1958 lerna.
912 1882 971 1956 Poi
997 1885 1019 1958 li
1037 1905 1149 1958 venne
1172 1884 1272 1957 melta

138 1993 243 2078 gente
268 1985 320 2057 dal
343 2006 457 2056 neonae
475 2007 495 2055 c
513 1984 659 2056 andamo
676 1983 717 2056 ad
742 1994 879 2076 guaston
895 1983 983 2056 nella
1001 1983 1097 2074 valle
1109 1981 1141 2054 di
1158 1993 1272 2057 sancto

138 2084 286 2156 Antonio
302 2103 363 2178 per
378 2085 495 2179 cinque
511 2081 552 2155 di.
577 2082 620 2154 Et
636 2083 659 2155 ll
676 2081 756 2154 dicti
766 2081 940 2176 patriarchi
957 2080 1152 2156 sentandolo
1171 2084 1199 2153 si
1215 2083 1272 2154 la-

137 2191 290 2252 mentare
313 2177 596 2276 cot'tmperaaora
620 2178 682 2251 che
708 2190 860 2252 nattante
884 2180 916 2251 lu
940 2201 1023 2273 pace
1046 2199 1113 2250 non
1138 2177 1271 2252 dovevu

138 2279 212 2351 iare
230 2283 258 2353 si
275 2279 403 2372 grande
430 2301 553 2372 guerre
577 2279 642 2350 elle
658 2287 747 2349 terre
766 2277 820 2350 del
837 2299 932 2372 pepe.
962 2276 1006 2348 Et
1021 2277 1055 2348 lo
1074 2279 1272 2370 imperatore
1318 2317 1320 2324 ,

139 2377 272 2467 mando,
296 2376 359 2449 che
375 2376 539 2451 l'essedio
557 2381 585 2450 si
602 2377 739 2451 levasse
757 2375 797 2447 da
816 2372 967 2448 viterbo.-
995 2374 1033 2446 ln
1053 2375 1162 2469 quello
1187 2396 1273 2446 enno

137 2476 161 2546 li
183 2473 350 2549 Viterbesi
375 2476 471 2551 ieme
493 2477 527 2548 le
551 2473 731 2547 carbonara
754 2477 883 2547 intorno
908 2473 949 2544 ad
973 2483 1086 2546 sanctu
1109 2471 1214 2544 Maria
1241 2476 1273 2545 in

137 2572 249 2645 made
266 2571 298 2644 di
315 2573 586 2646 comandamento
603 2571 635 2644 di
652 2593 783 2646 messer
799 2571 944 2644 Renlere
962 2570 1138 2644 cardinale.

188 2671 252 2744 Nel
270 2693 363 2746 mese
382 2673 414 2744 di
430 2675 556 2764 giugm
567 2672 600 2743 lo
612 2670 644 2742 di
659 2669 691 2740 di
707 2668 967 2744 sanctolchenni
983 2665 1121 2765 baptista
1140 2671 1172 2742 el
1188 2669 1272 2742 dicto

135 2768 495 2962 ttdlttt'llll
507 2767 1272 2962 tlmtlll'llltltttttlllltlt

136 2964 311 3040 d'Aversa
336 2967 369 3040 le
387 2990 451 3039 uno
476 2966 645 3038 eevelcata
670 2964 711 3034 ad
730 2965 872 3036 Corneto
889 2987 910 3035 e
927 2966 1028 3059 piglie
1052 2965 1150 3036 molta
1169 2965 1270 3060 preda

136 3085 158 3135 e
175 3062 255 3136 xliiii
272 3067 411 3158 pn'gloni
430 3087 450 3135 e
469 3064 601 3136 menolli
619 3061 659 3133 ad
671 3061 941 3134 Mouteliasconc.
963 3063 1000 3135 ln
1018 3063 1094 3157 qurel
1112 3086 1198 3136 enno
1215 3063 1271 3136 nel

136 3183 233 3234 mese
255 3159 287 3232 di
311 3161 495 3260 novembre
518 3163 551 3234 cl
574 3159 711 3233 castello
732 3159 767 3234 di
784 3159 984 3252 Pitrugnano
1009 3159 1045 3232 iu
1068 3159 1205 3235 disiecto
1228 3158 1270 3232 da

134 3257 246 3331 Vitale
263 3258 448 3333 d'Aversa.

187 3357 288 3430 Anno
312 3357 432 3430 domini
449 3360 637 3431 mccxlvi.
656 3356 689 3429 di
706 3357 976 3430 comandamento
999 3355 1055 3430 del
1072 3361 1269 3452 imperatore

134 3454 256 3527 mando
267 3454 310 3527 ed
320 3456 509 3546 demetant
528 3459 555 3529 si
565 3457 734 3528 valeveno
746 3455 818 3526 lare
828 3457 851 3528 li
865 3454 1126 3529 comandameuti
1137 3456 1270 3528 del’im-

133 3564 309 3648 peratore;
333 3553 463 3648 quando
486 3576 551 3626 non
568 3554 601 3624 lo
619 3554 802 3643 lacesserm
829 3555 874 3626 lui
889 3557 1064 3648 inpiocaria
1081 3559 1151 3626 tutti
1169 3556 1268 3650 quelli

133 3654 284 3745 prlgioni.
309 3650 346 3722 Li
357 3649 533 3723 Cometani
551 3655 733 3746 rispuscro,
751 3650 812 3723 che
829 3663 945 3746 questo
957 3665 1029 3724 non·
1038 3663 1133 3725 stava
1147 3654 1179 3724 in
1197 3653 1269 3724 loro

190 3836 220 3907 1)
238 3838 362 3909 Raynald.
399 3839 430 3908 2)
449 3841 552 3896 estelrt
568 3838 695 3896 ledesmal
711 3841 780 3896 noctu
795 3855 845 3895 vor
859 3839 986 3896 commiss
1002 3839 1055 3896 und
1074 3855 1148 3896 nwar
1166 3839 1269 3896 illach-

132 3908 202 3980 tien,
227 3909 315 3965 indem
335 3910 453 3967 dadurclr
473 3911 515 3966 dic
535 3911 702 3981 vertheilung
720 3911 769 3967 der
786 3910 947 3984 precamen,
971 3911 1024 3967 wie
1043 3910 1083 3966 sie
1102 3911 1175 3966 nicht
1192 3911 1268 3966 bloss
1314 3937 1316 3942 ·

132 3979 217 4036 dunch
236 3980 361 4038 Nicotaus
387 3983 421 4038 de
440 3981 540 4038 Gurhlo
568 3999 623 4055 cap.
644 3981 678 4038 13
697 3999 738 4054 ap.
757 3983 882 4040 tiaratori
902 3985 948 4039 SS.
968 3983 1022 4053 ita7
1047 3981 1101 4039 592
1125 3982 1268 4053 sicherge·

130 4049 219 4122 stellt,
242 4055 361 4108 scudem
380 4055 447 4109 auch
472 4055 556 4110 durch
575 4055 634 4110 cine
654 4053 820 4124 bemcrkung
845 4071 956 4111 unsarer
980 4053 1092 4110 chroailr
1111 4053 1196 4110 scibat
1220 4056 1269 4110 aul

131 4124 201 4178 scite
225 4123 279 4179 714
305 4123 431 4196 bestitigt
454 4126 536 4196 ond,
561 4127 621 4182 eine
647 4143 716 4197 genu
741 4127 840 4200 andere
863 4127 964 4183 warde.
1008 4127 1039 4194 3)
1063 4125 1176 4182 Pennolo
1199 4127 1268 4183 stid-

130 4194 254 4251 wcstlich
269 4211 322 4252 von
335 4196 457 4253 lllcssina.
494 4197 525 4266 d)
545 4215 586 4254 am
602 4197 645 4255 15.
661 4204 727 4272 sept.
742 4199 808 4254 naelr
828 4199 888 4254 dem
907 4197 1067 4255 metrischcn
1086 4197 1204 4254 berichte
1218 4200 1267 4255 des

130 4265 279 4324 llollsndus
297 4267 418 4325 neurius
432 4267 600 4326 Cornetauus
619 4287 660 4346 ap.
675 4269 947 4329 nuttam-Bromios
965 4267 1032 4329 illst
1052 4269 1114 4347 dipl.
1129 4270 1156 4343 6,
1169 4271 1223 4328 368
1237 4271 1264 4330 li.
