<?xml version="1.0" encoding="UTF-8"?>
<!DOCTYPE html PUBLIC "-//W3C//DTD XHTML 1.0 Transitional//EN"
    "http://www.w3.org/TR/xhtml1/DTD/xhtml1-transitional.dtd">
<html xmlns="http://www.w3.org/1999/xhtml" xml:lang="en" lang="en">
 <head>
  <title>
</title>
<meta http-equiv="Content-Type" content="text/html;charset=utf-8" />
  <meta name='ocr-system' content='tesseract 3.04.00' />
  <meta name='ocr-capabilities' content='ocr_page ocr_carea ocr_par ocr_line ocrx_word'/>
</head>
<body>
  <div class='ocr_page' id='page_1' title='image "./fontesrerumgerm01hubegoog_0672.png"; bbox 0 0 3012 4820; ppageno 0'>
   <div class='ocr_carea' id='block_1_1' title="bbox 500 255 1243 347">
    <p class='ocr_par' dir='ltr' id='par_1_1' title="bbox 500 255 1243 347">
     <span class='ocr_line' id='line_1_1' title="bbox 500 255 1243 347; baseline 0.019 -21"><span class='ocrx_word' id='word_1_1' title='bbox 500 255 664 328; x_wconf 83' lang='lat' dir='ltr'><strong>nroomus</strong></span> <span class='ocrx_word' id='word_1_2' title='bbox 685 269 848 328; x_wconf 80' lang='lat' dir='ltr'><strong>nnornn.</strong></span> <span class='ocrx_word' id='word_1_3' title='bbox 1170 271 1243 347; x_wconf 81' lang='lat'><strong>597</strong></span> 
     </span>
    </p>
   </div>
   <div class='ocr_carea' id='block_1_2' title="bbox 108 445 1330 3570">
    <p class='ocr_par' dir='ltr' id='par_1_2' title="bbox 110 445 1330 1692">
     <span class='ocr_line' id='line_1_2' title="bbox 110 445 1330 543; baseline -0.009 -21"><span class='ocrx_word' id='word_1_4' title='bbox 110 455 214 538; x_wconf 60' lang='lat' dir='ltr'><strong>carn,¹</strong></span> <span class='ocrx_word' id='word_1_5' title='bbox 233 471 296 543; x_wconf 88' lang='lat' dir='ltr'><strong>quc</strong></span> <span class='ocrx_word' id='word_1_6' title='bbox 314 448 494 542; x_wconf 89' lang='lat' dir='ltr'><strong>appellacio</strong></span> <span class='ocrx_word' id='word_1_7' title='bbox 512 447 569 518; x_wconf 89' lang='lat' dir='ltr'><strong>init</strong></span> <span class='ocrx_word' id='word_1_8' title='bbox 585 446 731 540; x_wconf 92' lang='lat' dir='ltr'><strong>predicto</strong></span> <span class='ocrx_word' id='word_1_9' title='bbox 753 445 887 517; x_wconf 76' lang='lat' dir='ltr'>Iohanni</span> <span class='ocrx_word' id='word_1_10' title='bbox 911 445 991 516; x_wconf 80' lang='lat' dir='ltr'><strong>xxii.</strong></span> <span class='ocrx_word' id='word_1_11' title='bbox 1016 447 1181 524; x_wconf 79' lang='lat' dir='ltr'><strong>intimata:</strong></span> <span class='ocrx_word' id='word_1_12' title='bbox 1210 451 1330 519; x_wconf 74' lang='grc'>1111339</span> 
     </span>
     <span class='ocr_line' id='line_1_3' title="bbox 110 544 1241 642; baseline 0 -24"><span class='ocrx_word' id='word_1_13' title='bbox 110 571 173 642; x_wconf 86' lang='lat' dir='ltr'><strong>qua</strong></span> <span class='ocrx_word' id='word_1_14' title='bbox 193 546 417 640; x_wconf 85' lang='lat' dir='ltr'><strong>appellacione</strong></span> <span class='ocrx_word' id='word_1_15' title='bbox 432 549 657 638; x_wconf 86' lang='lat' dir='ltr'><strong>exprimuntur</strong></span> <span class='ocrx_word' id='word_1_16' title='bbox 674 549 743 615; x_wconf 89' lang='lat' dir='ltr'><strong>ium</strong></span> <span class='ocrx_word' id='word_1_17' title='bbox 761 544 834 615; x_wconf 89' lang='lat' dir='ltr'><strong>dicti</strong></span> <span class='ocrx_word' id='word_1_18' title='bbox 854 545 979 637; x_wconf 91' lang='lat' dir='ltr'><strong>imperii</strong></span> <span class='ocrx_word' id='word_1_19' title='bbox 1006 553 1040 614; x_wconf 92' lang='lat' dir='ltr'><strong>et</strong></span> <span class='ocrx_word' id='word_1_20' title='bbox 1062 547 1241 638; x_wconf 79' lang='lat' dir='ltr'><strong>principum</strong></span> 
     </span>
     <span class='ocr_line' id='line_1_4' title="bbox 110 640 1241 737; baseline -0.002 -23"><span class='ocrx_word' id='word_1_21' title='bbox 110 647 291 716; x_wconf 90' lang='lat' dir='ltr'><strong>electorum</strong></span> <span class='ocrx_word' id='word_1_22' title='bbox 309 643 383 714; x_wconf 90' lang='lat' dir='ltr'><strong>dicti</strong></span> <span class='ocrx_word' id='word_1_23' title='bbox 400 647 524 736; x_wconf 92' lang='lat' dir='ltr'><strong>imperii</strong></span> <span class='ocrx_word' id='word_1_24' title='bbox 543 665 582 714; x_wconf 89' lang='lat' dir='ltr'><strong>ac</strong></span> <span class='ocrx_word' id='word_1_25' title='bbox 598 645 700 737; x_wconf 90' lang='lat' dir='ltr'><strong>ipsius</strong></span> <span class='ocrx_word' id='word_1_26' title='bbox 719 642 838 713; x_wconf 94' lang='lat' dir='ltr'><strong>domini</strong></span> <span class='ocrx_word' id='word_1_27' title='bbox 849 640 1018 726; x_wconf 69' lang='lat' dir='ltr'><strong>Lndovicl</strong></span> <span class='ocrx_word' id='word_1_28' title='bbox 1031 651 1063 712; x_wconf 92' lang='lat' dir='ltr'><strong>et</strong></span> <span class='ocrx_word' id='word_1_29' title='bbox 1078 645 1241 736; x_wconf 87' lang='lat' dir='ltr'><strong>exprimi-</strong></span> 
     </span>
     <span class='ocr_line' id='line_1_5' title="bbox 110 739 1240 834; baseline -0.003 -19"><span class='ocrx_word' id='word_1_30' title='bbox 110 754 162 815; x_wconf 89' lang='lat' dir='ltr'><strong>tur</strong></span> <span class='ocrx_word' id='word_1_31' title='bbox 192 741 275 812; x_wconf 89' lang='lat' dir='ltr'><strong>fides</strong></span> <span class='ocrx_word' id='word_1_32' title='bbox 300 741 476 828; x_wconf 60' lang='lat' dir='ltr'><strong>catholica„</strong></span> <span class='ocrx_word' id='word_1_33' title='bbox 503 763 598 834; x_wconf 89' lang='lat' dir='ltr'><strong>quam</strong></span> <span class='ocrx_word' id='word_1_34' title='bbox 632 741 670 828; x_wconf 85' lang='lat' dir='ltr'><strong>(l.</strong></span> <span class='ocrx_word' id='word_1_35' title='bbox 697 739 799 829; x_wconf 84' lang='grc'>197.)</span> <span class='ocrx_word' id='word_1_36' title='bbox 823 751 935 810; x_wconf 89' lang='lat' dir='ltr'><strong>sancta</strong></span> <span class='ocrx_word' id='word_1_37' title='bbox 964 749 1069 809; x_wconf 88' lang='lat' dir='ltr'><strong>mater</strong></span> <span class='ocrx_word' id='word_1_38' title='bbox 1097 741 1240 812; x_wconf 91' lang='lat' dir='ltr'><strong>ecclesia</strong></span> 
     </span>
     <span class='ocr_line' id='line_1_6' title="bbox 110 838 1241 934; baseline -0.002 -22"><span class='ocrx_word' id='word_1_39' title='bbox 110 839 267 912; x_wconf 87' lang='lat' dir='ltr'><strong>catholica</strong></span> <span class='ocrx_word' id='word_1_40' title='bbox 286 839 392 928; x_wconf 66' lang='lat' dir='ltr'><strong>docet,</strong></span> <span class='ocrx_word' id='word_1_41' title='bbox 412 861 472 934; x_wconf 89' lang='lat' dir='ltr'><strong>pro</strong></span> <span class='ocrx_word' id='word_1_42' title='bbox 489 841 582 909; x_wconf 89' lang='lat' dir='ltr'><strong>cuius</strong></span> <span class='ocrx_word' id='word_1_43' title='bbox 599 838 794 910; x_wconf 76' lang='lat' dir='ltr'><strong>defensione</strong></span> <span class='ocrx_word' id='word_1_44' title='bbox 805 847 838 907; x_wconf 95' lang='lat' dir='ltr'><strong>et</strong></span> <span class='ocrx_word' id='word_1_45' title='bbox 850 838 1049 908; x_wconf 71' lang='lat' dir='ltr'><strong>exaltatione</strong></span> <span class='ocrx_word' id='word_1_46' title='bbox 1061 838 1241 931; x_wconf 86' lang='lat' dir='ltr'><strong>appellavit</strong></span> 
     </span>
     <span class='ocr_line' id='line_1_7' title="bbox 111 932 1240 1026; baseline -0.001 -19"><span class='ocrx_word' id='word_1_47' title='bbox 111 949 143 1009; x_wconf 88' lang='lat' dir='ltr'><strong>et</strong></span> <span class='ocrx_word' id='word_1_48' title='bbox 160 940 266 1008; x_wconf 85' lang='lat' dir='ltr'><strong>eciam</strong></span> <span class='ocrx_word' id='word_1_49' title='bbox 284 939 403 1008; x_wconf 86' lang='lat' dir='ltr'><strong>iuravit</strong></span> <span class='ocrx_word' id='word_1_50' title='bbox 419 936 460 1008; x_wconf 86' lang='lat' dir='ltr'><strong>cd</strong></span> <span class='ocrx_word' id='word_1_51' title='bbox 479 946 590 1007; x_wconf 88' lang='lat' dir='ltr'><strong>sanctu</strong></span> <span class='ocrx_word' id='word_1_52' title='bbox 609 935 661 1007; x_wconf 92' lang='lat' dir='ltr'><strong>dei</strong></span> <span class='ocrx_word' id='word_1_53' title='bbox 678 935 855 1026; x_wconf 85' lang='lat' dir='ltr'><strong>evangelia</strong></span> <span class='ocrx_word' id='word_1_54' title='bbox 874 944 958 1006; x_wconf 82' lang='lat' dir='ltr'><strong>uoto</strong></span> <span class='ocrx_word' id='word_1_55' title='bbox 975 932 1077 1024; x_wconf 68' lang='lat' dir='ltr'><strong>libro,</strong></span> <span class='ocrx_word' id='word_1_56' title='bbox 1101 958 1140 1006; x_wconf 89' lang='lat' dir='ltr'><strong>se</strong></span> <span class='ocrx_word' id='word_1_57' title='bbox 1159 959 1240 1006; x_wconf 89' lang='lat' dir='ltr'><strong>cre-</strong></span> 
     </span>
     <span class='ocr_line' id='line_1_8' title="bbox 110 1033 1242 1129; baseline -0.002 -23"><span class='ocrx_word' id='word_1_58' title='bbox 110 1035 192 1106; x_wconf 91' lang='lat' dir='ltr'><strong>dere</strong></span> <span class='ocrx_word' id='word_1_59' title='bbox 219 1057 301 1106; x_wconf 86' lang='lat' dir='ltr'><strong>vero</strong></span> <span class='ocrx_word' id='word_1_60' title='bbox 328 1057 407 1106; x_wconf 86' lang='lat' dir='ltr'><strong>esse</strong></span> <span class='ocrx_word' id='word_1_61' title='bbox 434 1039 468 1105; x_wconf 94' lang='lat' dir='ltr'><strong>in</strong></span> <span class='ocrx_word' id='word_1_62' title='bbox 491 1039 562 1129; x_wconf 84' lang='lat' dir='ltr'><strong>ipsa</strong></span> <span class='ocrx_word' id='word_1_63' title='bbox 587 1034 812 1128; x_wconf 86' lang='lat' dir='ltr'><strong>appellacione</strong></span> <span class='ocrx_word' id='word_1_64' title='bbox 837 1042 988 1104; x_wconf 89' lang='lat' dir='ltr'><strong>contenta</strong></span> <span class='ocrx_word' id='word_1_65' title='bbox 1013 1041 1047 1102; x_wconf 91' lang='lat' dir='ltr'><strong>et</strong></span> <span class='ocrx_word' id='word_1_66' title='bbox 1074 1033 1159 1125; x_wconf 89' lang='lat' dir='ltr'><strong>quod</strong></span> <span class='ocrx_word' id='word_1_67' title='bbox 1182 1056 1242 1127; x_wconf 94' lang='lat' dir='ltr'><strong>pro</strong></span> 
     </span>
     <span class='ocr_line' id='line_1_9' title="bbox 110 1130 1242 1232; baseline 0 -30"><span class='ocrx_word' id='word_1_68' title='bbox 110 1131 237 1203; x_wconf 88' lang='lat' dir='ltr'><strong>viribus</strong></span> <span class='ocrx_word' id='word_1_69' title='bbox 261 1143 516 1228; x_wconf 88' lang='lat' dir='ltr'><strong>prosequeretur</strong></span> <span class='ocrx_word' id='word_1_70' title='bbox 541 1136 573 1232; x_wconf 70' lang='lat' dir='ltr'><strong>in</strong></span> <span class='ocrx_word' id='word_1_71' title='bbox 599 1132 734 1203; x_wconf 93' lang='lat' dir='ltr'><strong>concilio</strong></span> <span class='ocrx_word' id='word_1_72' title='bbox 757 1130 925 1221; x_wconf 68' lang='lat' dir='ltr'><strong>generali,</strong></span> <span class='ocrx_word' id='word_1_73' title='bbox 948 1130 1186 1220; x_wconf 85' lang='lat' dir='ltr'><strong>congregando</strong></span> <span class='ocrx_word' id='word_1_74' title='bbox 1209 1134 1242 1202; x_wconf 93' lang='lat' dir='ltr'><strong>in</strong></span> 
     </span>
     <span class='ocr_line' id='line_1_10' title="bbox 110 1228 1241 1324; baseline -0.004 -22"><span class='ocrx_word' id='word_1_75' title='bbox 110 1232 184 1302; x_wconf 91' lang='lat' dir='ltr'><strong>loco</strong></span> <span class='ocrx_word' id='word_1_76' title='bbox 201 1241 269 1301; x_wconf 90' lang='lat' dir='ltr'><strong>tuto</strong></span> <span class='ocrx_word' id='word_1_77' title='bbox 287 1241 383 1324; x_wconf 88' lang='lat' dir='ltr'><strong>atque</strong></span> <span class='ocrx_word' id='word_1_78' title='bbox 401 1251 520 1302; x_wconf 90' lang='lat' dir='ltr'><strong>securo</strong></span> <span class='ocrx_word' id='word_1_79' title='bbox 537 1228 578 1300; x_wconf 91' lang='lat' dir='ltr'><strong>ad</strong></span> <span class='ocrx_word' id='word_1_80' title='bbox 588 1228 745 1300; x_wconf 88' lang='lat' dir='ltr'><strong>bonorem</strong></span> <span class='ocrx_word' id='word_1_81' title='bbox 759 1228 812 1298; x_wconf 91' lang='lat' dir='ltr'><strong>dei</strong></span> <span class='ocrx_word' id='word_1_82' title='bbox 830 1239 864 1298; x_wconf 92' lang='lat' dir='ltr'><strong>et</strong></span> <span class='ocrx_word' id='word_1_83' title='bbox 875 1238 987 1298; x_wconf 91' lang='lat' dir='ltr'><strong>sancte</strong></span> <span class='ocrx_word' id='word_1_84' title='bbox 1004 1231 1114 1298; x_wconf 88' lang='lat' dir='ltr'><strong>matris</strong></span> <span class='ocrx_word' id='word_1_85' title='bbox 1126 1229 1241 1300; x_wconf 83' lang='lat' dir='ltr'><strong>eccle-</strong></span> 
     </span>
     <span class='ocr_line' id='line_1_11' title="bbox 110 1323 1241 1421; baseline -0.004 -21"><span class='ocrx_word' id='word_1_86' title='bbox 110 1331 161 1401; x_wconf 85' lang='lat' dir='ltr'><strong>sie</strong></span> <span class='ocrx_word' id='word_1_87' title='bbox 178 1327 349 1417; x_wconf 65' lang='lat' dir='ltr'><strong>catbolice,</strong></span> <span class='ocrx_word' id='word_1_88' title='bbox 367 1327 459 1399; x_wconf 87' lang='lat' dir='ltr'><strong>etad</strong></span> <span class='ocrx_word' id='word_1_89' title='bbox 476 1330 559 1400; x_wconf 90' lang='lat' dir='ltr'><strong>sacri</strong></span> <span class='ocrx_word' id='word_1_90' title='bbox 578 1329 704 1421; x_wconf 89' lang='lat' dir='ltr'><strong>imperii</strong></span> <span class='ocrx_word' id='word_1_91' title='bbox 722 1338 756 1398; x_wconf 91' lang='lat' dir='ltr'><strong>et</strong></span> <span class='ocrx_word' id='word_1_92' title='bbox 778 1328 958 1420; x_wconf 77' lang='lat' dir='ltr'><strong>principum</strong></span> <span class='ocrx_word' id='word_1_93' title='bbox 984 1337 1017 1396; x_wconf 92' lang='lat' dir='ltr'><strong>et</strong></span> <span class='ocrx_word' id='word_1_94' title='bbox 1046 1323 1241 1397; x_wconf 88' lang='lat' dir='ltr'><strong>devotorum</strong></span> 
     </span>
     <span class='ocr_line' id='line_1_12' title="bbox 110 1421 1242 1520; baseline 0 -25"><span class='ocrx_word' id='word_1_95' title='bbox 110 1449 151 1496; x_wconf 87' lang='lat' dir='ltr'><strong>ac</strong></span> <span class='ocrx_word' id='word_1_96' title='bbox 169 1425 369 1498; x_wconf 79' lang='lat' dir='ltr'><strong>vasallorum</strong></span> <span class='ocrx_word' id='word_1_97' title='bbox 387 1427 489 1520; x_wconf 90' lang='lat' dir='ltr'><strong>ipsius</strong></span> <span class='ocrx_word' id='word_1_98' title='bbox 508 1428 622 1495; x_wconf 90' lang='lat' dir='ltr'><strong>iurium</strong></span> <span class='ocrx_word' id='word_1_99' title='bbox 635 1425 942 1511; x_wconf 70' lang='lat' dir='ltr'><strong>conservacionem,</strong></span> <span class='ocrx_word' id='word_1_100' title='bbox 963 1421 1189 1494; x_wconf 79' lang='lat' dir='ltr'><strong>defensionem</strong></span> <span class='ocrx_word' id='word_1_101' title='bbox 1208 1434 1242 1495; x_wconf 89' lang='lat' dir='ltr'><strong>et</strong></span> 
     </span>
     <span class='ocr_line' id='line_1_13' title="bbox 111 1518 1241 1617; baseline -0.001 -24"><span class='ocrx_word' id='word_1_102' title='bbox 111 1533 345 1616; x_wconf 69' lang='lat' dir='ltr'><strong>augmentum,</strong></span> <span class='ocrx_word' id='word_1_103' title='bbox 368 1535 464 1617; x_wconf 88' lang='lat' dir='ltr'><strong>pmut</strong></span> <span class='ocrx_word' id='word_1_104' title='bbox 486 1523 548 1593; x_wconf 93' lang='lat' dir='ltr'><strong>bec</strong></span> <span class='ocrx_word' id='word_1_105' title='bbox 571 1533 604 1592; x_wconf 90' lang='lat' dir='ltr'><strong>et</strong></span> <span class='ocrx_word' id='word_1_106' title='bbox 627 1523 688 1593; x_wconf 88' lang='lat' dir='ltr'><strong>alia</strong></span> <span class='ocrx_word' id='word_1_107' title='bbox 715 1525 747 1592; x_wconf 96' lang='lat' dir='ltr'><strong>in</strong></span> <span class='ocrx_word' id='word_1_108' title='bbox 774 1525 845 1616; x_wconf 87' lang='lat' dir='ltr'><strong>ipsa</strong></span> <span class='ocrx_word' id='word_1_109' title='bbox 869 1518 1093 1615; x_wconf 86' lang='lat' dir='ltr'><strong>appellacione</strong></span> <span class='ocrx_word' id='word_1_110' title='bbox 1111 1522 1241 1616; x_wconf 86' lang='lat' dir='ltr'><strong>plenius</strong></span> 
     </span>
     <span class='ocr_line' id='line_1_14' title="bbox 111 1623 1248 1692; baseline 0.001 -1"><span class='ocrx_word' id='word_1_111' title='bbox 111 1623 326 1692; x_wconf 91' lang='lat' dir='ltr'><strong>continentur.</strong></span> <span class='ocrx_word' id='word_1_112' title='bbox 1246 1629 1248 1634; x_wconf 86' lang='lat'>&#39;</span> 
     </span>
    </p>

    <p class='ocr_par' dir='ltr' id='par_1_3' title="bbox 109 1715 1241 2302">
     <span class='ocr_line' id='line_1_15' title="bbox 160 1715 1240 1814; baseline -0.003 -25"><span class='ocrx_word' id='word_1_113' title='bbox 160 1719 277 1791; x_wconf 91' lang='lat' dir='ltr'><strong>Plures</strong></span> <span class='ocrx_word' id='word_1_114' title='bbox 305 1742 433 1814; x_wconf 85' lang='lat' dir='ltr'><strong>quoque</strong></span> <span class='ocrx_word' id='word_1_115' title='bbox 458 1719 521 1790; x_wconf 89' lang='lat' dir='ltr'><strong>alie</strong></span> <span class='ocrx_word' id='word_1_116' title='bbox 547 1721 805 1812; x_wconf 88' lang='lat' dir='ltr'><strong>provocaciones</strong></span> <span class='ocrx_word' id='word_1_117' title='bbox 830 1725 863 1786; x_wconf 91' lang='lat' dir='ltr'><strong>et</strong></span> <span class='ocrx_word' id='word_1_118' title='bbox 885 1715 1128 1810; x_wconf 90' lang='lat' dir='ltr'><strong>appellaciones</strong></span> <span class='ocrx_word' id='word_1_119' title='bbox 1155 1715 1240 1786; x_wconf 91' lang='lat' dir='ltr'><strong>lacte</strong></span> 
     </span>
     <span class='ocr_line' id='line_1_16' title="bbox 111 1813 1241 1912; baseline -0.004 -24"><span class='ocrx_word' id='word_1_120' title='bbox 111 1817 244 1888; x_wconf 88' lang='lat' dir='ltr'><strong>luerunt</strong></span> <span class='ocrx_word' id='word_1_121' title='bbox 258 1825 295 1888; x_wconf 89' lang='lat' dir='ltr'><strong>et</strong></span> <span class='ocrx_word' id='word_1_122' title='bbox 311 1827 387 1889; x_wconf 92' lang='lat' dir='ltr'><strong>sunt</strong></span> <span class='ocrx_word' id='word_1_123' title='bbox 402 1839 462 1912; x_wconf 95' lang='lat' dir='ltr'><strong>pro</strong></span> <span class='ocrx_word' id='word_1_124' title='bbox 476 1815 670 1887; x_wconf 81' lang='lat' dir='ltr'><strong>defensione</strong></span> <span class='ocrx_word' id='word_1_125' title='bbox 688 1814 764 1886; x_wconf 92' lang='lat' dir='ltr'><strong>lidei</strong></span> <span class='ocrx_word' id='word_1_126' title='bbox 782 1813 940 1885; x_wconf 72' lang='lat' dir='ltr'><strong>catholice</strong></span> <span class='ocrx_word' id='word_1_127' title='bbox 958 1823 991 1884; x_wconf 91' lang='lat' dir='ltr'><strong>et</strong></span> <span class='ocrx_word' id='word_1_128' title='bbox 1007 1815 1086 1884; x_wconf 88' lang='lat' dir='ltr'><strong>iuris</strong></span> <span class='ocrx_word' id='word_1_129' title='bbox 1113 1815 1241 1906; x_wconf 90' lang='lat' dir='ltr'><strong>imperii</strong></span> 
     </span>
     <span class='ocr_line' id='line_1_17' title="bbox 110 1909 1240 2010; baseline -0.002 -26"><span class='ocrx_word' id='word_1_130' title='bbox 110 1914 185 1986; x_wconf 91' lang='lat' dir='ltr'><strong>dicti</strong></span> <span class='ocrx_word' id='word_1_131' title='bbox 203 1912 360 1986; x_wconf 87' lang='lat' dir='ltr'><strong>Ludovici</strong></span> <span class='ocrx_word' id='word_1_132' title='bbox 378 1917 595 2010; x_wconf 65' lang='lat' dir='ltr'><strong>imperatoris,</strong></span> <span class='ocrx_word' id='word_1_133' title='bbox 614 1918 697 1986; x_wconf 90' lang='lat' dir='ltr'><strong>sicut</strong></span> <span class='ocrx_word' id='word_1_134' title='bbox 713 1923 801 2007; x_wconf 87' lang='lat' dir='ltr'><strong>patet</strong></span> <span class='ocrx_word' id='word_1_135' title='bbox 818 1933 878 2006; x_wconf 92' lang='lat' dir='ltr'><strong>per</strong></span> <span class='ocrx_word' id='word_1_136' title='bbox 887 1909 1013 2006; x_wconf 91' lang='lat' dir='ltr'><strong>publica</strong></span> <span class='ocrx_word' id='word_1_137' title='bbox 1026 1914 1240 1982; x_wconf 90' lang='lat' dir='ltr'><strong>instrumenta</strong></span> 
     </span>
     <span class='ocr_line' id='line_1_18' title="bbox 111 2009 1239 2106; baseline -0.003 -22"><span class='ocrx_word' id='word_1_138' title='bbox 111 2033 214 2106; x_wconf 92' lang='lat' dir='ltr'><strong>super</strong></span> <span class='ocrx_word' id='word_1_139' title='bbox 230 2009 291 2084; x_wconf 92' lang='lat' dir='ltr'><strong>biis</strong></span> <span class='ocrx_word' id='word_1_140' title='bbox 310 2013 471 2102; x_wconf 67' lang='lat' dir='ltr'><strong>conlecto,</strong></span> <span class='ocrx_word' id='word_1_141' title='bbox 499 2009 674 2106; x_wconf 87' lang='lat' dir='ltr'><strong>dequibus</strong></span> <span class='ocrx_word' id='word_1_142' title='bbox 693 2016 795 2085; x_wconf 88' lang='lat' dir='ltr'><strong>eciam</strong></span> <span class='ocrx_word' id='word_1_143' title='bbox 819 2009 854 2079; x_wconf 91' lang='lat' dir='ltr'><strong>lit</strong></span> <span class='ocrx_word' id='word_1_144' title='bbox 878 2012 1005 2080; x_wconf 89' lang='lat' dir='ltr'><strong>mencio</strong></span> <span class='ocrx_word' id='word_1_145' title='bbox 1029 2013 1060 2078; x_wconf 92' lang='lat' dir='ltr'><strong>in</strong></span> <span class='ocrx_word' id='word_1_146' title='bbox 1087 2012 1239 2102; x_wconf 84' lang='lat' dir='ltr'><strong>superius</strong></span> 
     </span>
     <span class='ocr_line' id='line_1_19' title="bbox 109 2105 1240 2205; baseline -0.002 -26"><span class='ocrx_word' id='word_1_147' title='bbox 109 2109 195 2180; x_wconf 88' lang='lat' dir='ltr'><strong>dicta</strong></span> <span class='ocrx_word' id='word_1_148' title='bbox 213 2115 394 2200; x_wconf 68' lang='lat' dir='ltr'><strong>sentencia,</strong></span> <span class='ocrx_word' id='word_1_149' title='bbox 411 2133 472 2205; x_wconf 90' lang='lat' dir='ltr'><strong>per</strong></span> <span class='ocrx_word' id='word_1_150' title='bbox 488 2109 607 2182; x_wconf 92' lang='lat' dir='ltr'><strong>dictum</strong></span> <span class='ocrx_word' id='word_1_151' title='bbox 631 2109 794 2182; x_wconf 87' lang='lat' dir='ltr'><strong>dominum</strong></span> <span class='ocrx_word' id='word_1_152' title='bbox 819 2109 1048 2200; x_wconf 86' lang='lat' dir='ltr'><strong>imperatorem</strong></span> <span class='ocrx_word' id='word_1_153' title='bbox 1072 2109 1104 2176; x_wconf 95' lang='lat' dir='ltr'><strong>in</strong></span> <span class='ocrx_word' id='word_1_154' title='bbox 1128 2105 1240 2177; x_wconf 88' lang='lat' dir='ltr'><strong>Fran-</strong></span> 
     </span>
     <span class='ocr_line' id='line_1_20' title="bbox 110 2205 860 2302; baseline 0 -24"><span class='ocrx_word' id='word_1_155' title='bbox 110 2207 260 2278; x_wconf 89' lang='lat' dir='ltr'><strong>cbenlort</strong></span> <span class='ocrx_word' id='word_1_156' title='bbox 276 2209 401 2300; x_wconf 87' lang='lat' dir='ltr'><strong>prolata</strong></span> <span class='ocrx_word' id='word_1_157' title='bbox 419 2217 453 2279; x_wconf 93' lang='lat' dir='ltr'><strong>et</strong></span> <span class='ocrx_word' id='word_1_158' title='bbox 469 2205 597 2302; x_wconf 90' lang='lat' dir='ltr'><strong>publice</strong></span> <span class='ocrx_word' id='word_1_159' title='bbox 614 2209 829 2301; x_wconf 83' lang='lat' dir='ltr'><strong>promulgata.</strong></span> <span class='ocrx_word' id='word_1_160' title='bbox 858 2253 860 2258; x_wconf 93' lang='lat'>-</span> 
     </span>
    </p>

    <p class='ocr_par' dir='ltr' id='par_1_4' title="bbox 108 2300 1241 3570">
     <span class='ocr_line' id='line_1_21' title="bbox 160 2300 1239 2400; baseline -0.003 -26"><span class='ocrx_word' id='word_1_161' title='bbox 160 2303 300 2397; x_wconf 93' lang='lat' dir='ltr'><strong>lnsuper</strong></span> <span class='ocrx_word' id='word_1_162' title='bbox 316 2306 432 2398; x_wconf 89' lang='lat' dir='ltr'><strong>prelati</strong></span> <span class='ocrx_word' id='word_1_163' title='bbox 449 2310 612 2400; x_wconf 89' lang='lat' dir='ltr'><strong>principes</strong></span> <span class='ocrx_word' id='word_1_164' title='bbox 632 2311 716 2377; x_wconf 90' lang='lat' dir='ltr'><strong>sacri</strong></span> <span class='ocrx_word' id='word_1_165' title='bbox 734 2304 858 2399; x_wconf 90' lang='lat' dir='ltr'><strong>imperii</strong></span> <span class='ocrx_word' id='word_1_166' title='bbox 877 2301 1041 2372; x_wconf 79' lang='lat' dir='ltr'><strong>electores</strong></span> <span class='ocrx_word' id='word_1_167' title='bbox 1061 2300 1193 2371; x_wconf 89' lang='lat' dir='ltr'><strong>luerunt</strong></span> <span class='ocrx_word' id='word_1_168' title='bbox 1205 2304 1239 2371; x_wconf 92' lang='lat' dir='ltr'><strong>in</strong></span> 
     </span>
     <span class='ocr_line' id='line_1_22' title="bbox 110 2397 1239 2494; baseline -0.004 -22"><span class='ocrx_word' id='word_1_169' title='bbox 110 2423 211 2472; x_wconf 91' lang='lat' dir='ltr'><strong>unum</strong></span> <span class='ocrx_word' id='word_1_170' title='bbox 239 2410 273 2470; x_wconf 91' lang='lat' dir='ltr'><strong>et</strong></span> <span class='ocrx_word' id='word_1_171' title='bbox 294 2406 514 2494; x_wconf 87' lang='lat' dir='ltr'><strong>promiserunt</strong></span> <span class='ocrx_word' id='word_1_172' title='bbox 539 2407 733 2476; x_wconf 90' lang='lat' dir='ltr'><strong>unanimiter</strong></span> <span class='ocrx_word' id='word_1_173' title='bbox 759 2397 949 2486; x_wconf 68' lang='lat' dir='ltr'><strong>defendere,</strong></span> <span class='ocrx_word' id='word_1_174' title='bbox 968 2400 1051 2468; x_wconf 93' lang='lat' dir='ltr'><strong>tueri</strong></span> <span class='ocrx_word' id='word_1_175' title='bbox 1068 2407 1101 2466; x_wconf 93' lang='lat' dir='ltr'><strong>et</strong></span> <span class='ocrx_word' id='word_1_176' title='bbox 1117 2419 1239 2468; x_wconf 91' lang='lat' dir='ltr'><strong>manu-</strong></span> 
     </span>
     <span class='ocr_line' id='line_1_23' title="bbox 111 2493 1238 2595; baseline -0.005 -25"><span class='ocrx_word' id='word_1_177' title='bbox 111 2509 228 2570; x_wconf 88' lang='lat' dir='ltr'><strong>tenere</strong></span> <span class='ocrx_word' id='word_1_178' title='bbox 244 2502 309 2588; x_wconf 49' lang='lat' dir='ltr'><strong>ius7</strong></span> <span class='ocrx_word' id='word_1_179' title='bbox 326 2504 536 2594; x_wconf 84' lang='lat' dir='ltr'><strong>principatum</strong></span> <span class='ocrx_word' id='word_1_180' title='bbox 556 2512 588 2571; x_wconf 91' lang='lat' dir='ltr'><strong>et</strong></span> <span class='ocrx_word' id='word_1_181' title='bbox 606 2501 776 2589; x_wconf 72' lang='lat' dir='ltr'><strong>bonorem</strong></span> <span class='ocrx_word' id='word_1_182' title='bbox 794 2496 879 2595; x_wconf 86' lang='lat' dir='ltr'><strong>quod</strong></span> <span class='ocrx_word' id='word_1_183' title='bbox 897 2505 930 2566; x_wconf 92' lang='lat' dir='ltr'><strong>et</strong></span> <span class='ocrx_word' id='word_1_184' title='bbox 947 2517 1043 2589; x_wconf 90' lang='lat' dir='ltr'><strong>quem</strong></span> <span class='ocrx_word' id='word_1_185' title='bbox 1062 2493 1182 2565; x_wconf 90' lang='lat' dir='ltr'><strong>babent</strong></span> <span class='ocrx_word' id='word_1_186' title='bbox 1198 2493 1238 2564; x_wconf 88' lang='lat' dir='ltr'><strong>ab</strong></span> 
     </span>
     <span class='ocr_line' id='line_1_24' title="bbox 111 2591 1238 2694; baseline -0.004 -26"><span class='ocrx_word' id='word_1_187' title='bbox 111 2601 248 2690; x_wconf 91' lang='lat' dir='ltr'><strong>imperio</strong></span> <span class='ocrx_word' id='word_1_188' title='bbox 268 2601 348 2668; x_wconf 88' lang='lat' dir='ltr'><strong>etin</strong></span> <span class='ocrx_word' id='word_1_189' title='bbox 368 2598 526 2669; x_wconf 87' lang='lat' dir='ltr'><strong>electione</strong></span> <span class='ocrx_word' id='word_1_190' title='bbox 544 2603 647 2694; x_wconf 90' lang='lat' dir='ltr'><strong>ipsius</strong></span> <span class='ocrx_word' id='word_1_191' title='bbox 665 2602 802 2693; x_wconf 63' lang='lat' dir='ltr'><strong>imperii,</strong></span> <span class='ocrx_word' id='word_1_192' title='bbox 821 2603 853 2668; x_wconf 91' lang='lat' dir='ltr'><strong>et</strong></span> <span class='ocrx_word' id='word_1_193' title='bbox 880 2597 958 2682; x_wconf 91' lang='lat' dir='ltr'><strong>iura,</strong></span> <span class='ocrx_word' id='word_1_194' title='bbox 983 2591 1238 2664; x_wconf 90' lang='lat' dir='ltr'><strong>consuetudines</strong></span> 
     </span>
     <span class='ocr_line' id='line_1_25' title="bbox 110 2690 1239 2791; baseline -0.004 -26"><span class='ocrx_word' id='word_1_195' title='bbox 110 2705 144 2766; x_wconf 91' lang='lat' dir='ltr'><strong>et</strong></span> <span class='ocrx_word' id='word_1_196' title='bbox 160 2693 328 2766; x_wconf 86' lang='lat' dir='ltr'><strong>libertates</strong></span> <span class='ocrx_word' id='word_1_197' title='bbox 349 2699 451 2789; x_wconf 88' lang='lat' dir='ltr'><strong>ipsius</strong></span> <span class='ocrx_word' id='word_1_198' title='bbox 470 2700 593 2791; x_wconf 91' lang='lat' dir='ltr'><strong>imperii</strong></span> <span class='ocrx_word' id='word_1_199' title='bbox 613 2707 645 2768; x_wconf 88' lang='lat' dir='ltr'><strong>at</strong></span> <span class='ocrx_word' id='word_1_200' title='bbox 663 2699 842 2768; x_wconf 88' lang='lat' dir='ltr'><strong>electorum</strong></span> <span class='ocrx_word' id='word_1_201' title='bbox 853 2694 991 2784; x_wconf 69' lang='lat' dir='ltr'><strong>imperti,</strong></span> <span class='ocrx_word' id='word_1_202' title='bbox 1010 2701 1104 2783; x_wconf 90' lang='lat' dir='ltr'><strong>prout</strong></span> <span class='ocrx_word' id='word_1_203' title='bbox 1114 2690 1154 2761; x_wconf 85' lang='lat' dir='ltr'><strong>ab</strong></span> <span class='ocrx_word' id='word_1_204' title='bbox 1172 2713 1239 2760; x_wconf 91' lang='lat' dir='ltr'><strong>an-</strong></span> 
     </span>
     <span class='ocr_line' id='line_1_26' title="bbox 109 2796 1239 2888; baseline -0.005 -24"><span class='ocrx_word' id='word_1_205' title='bbox 109 2797 198 2886; x_wconf 87' lang='lat' dir='ltr'><strong>tiqno</strong></span> <span class='ocrx_word' id='word_1_206' title='bbox 216 2797 247 2863; x_wconf 94' lang='lat' dir='ltr'><strong>in</strong></span> <span class='ocrx_word' id='word_1_207' title='bbox 266 2797 355 2886; x_wconf 86' lang='lat' dir='ltr'><strong>ipsos</strong></span> <span class='ocrx_word' id='word_1_208' title='bbox 373 2796 536 2888; x_wconf 88' lang='lat' dir='ltr'><strong>principes</strong></span> <span class='ocrx_word' id='word_1_209' title='bbox 555 2796 716 2867; x_wconf 86' lang='lat' dir='ltr'><strong>electores</strong></span> <span class='ocrx_word' id='word_1_210' title='bbox 734 2796 859 2888; x_wconf 92' lang='lat' dir='ltr'><strong>imperii</strong></span> <span class='ocrx_word' id='word_1_211' title='bbox 872 2799 1109 2882; x_wconf 67' lang='lat' dir='ltr'><strong>pervenerunt</strong></span> <span class='ocrx_word' id='word_1_212' title='bbox 1127 2798 1239 2860; x_wconf 88' lang='lat' dir='ltr'><strong>contra</strong></span> 
     </span>
     <span class='ocr_line' id='line_1_27' title="bbox 109 2890 1239 2984; baseline -0.006 -22"><span class='ocrx_word' id='word_1_213' title='bbox 109 2913 241 2962; x_wconf 87' lang='lat' dir='ltr'><strong>ornnem</strong></span> <span class='ocrx_word' id='word_1_214' title='bbox 260 2890 436 2978; x_wconf 71' lang='lat' dir='ltr'><strong>nominem</strong></span> <span class='ocrx_word' id='word_1_215' title='bbox 454 2892 543 2964; x_wconf 93' lang='lat' dir='ltr'><strong>nullo</strong></span> <span class='ocrx_word' id='word_1_216' title='bbox 553 2897 682 2984; x_wconf 90' lang='lat' dir='ltr'><strong>penitus</strong></span> <span class='ocrx_word' id='word_1_217' title='bbox 695 2894 845 2982; x_wconf 58' lang='lat' dir='ltr'><strong>excluso„</strong></span> <span class='ocrx_word' id='word_1_218' title='bbox 863 2897 897 2958; x_wconf 89' lang='lat' dir='ltr'><strong>et</strong></span> <span class='ocrx_word' id='word_1_219' title='bbox 907 2898 1017 2960; x_wconf 85' lang='lat' dir='ltr'><strong>contre</strong></span> <span class='ocrx_word' id='word_1_220' title='bbox 1030 2909 1128 2957; x_wconf 91' lang='lat' dir='ltr'><strong>omne</strong></span> <span class='ocrx_word' id='word_1_221' title='bbox 1140 2908 1239 2957; x_wconf 89' lang='lat' dir='ltr'><strong>man-</strong></span> 
     </span>
     <span class='ocr_line' id='line_1_28' title="bbox 110 2989 1239 3085; baseline -0.004 -27"><span class='ocrx_word' id='word_1_222' title='bbox 110 2990 233 3078; x_wconf 65' lang='lat' dir='ltr'><strong>datnm,</strong></span> <span class='ocrx_word' id='word_1_223' title='bbox 252 3013 270 3059; x_wconf 87' lang='lat' dir='ltr'><strong>a</strong></span> <span class='ocrx_word' id='word_1_224' title='bbox 288 3010 481 3083; x_wconf 88' lang='lat' dir='ltr'><strong>quocunque</strong></span> <span class='ocrx_word' id='word_1_225' title='bbox 499 2991 554 3061; x_wconf 86' lang='lat' dir='ltr'><strong>vel</strong></span> <span class='ocrx_word' id='word_1_226' title='bbox 573 2990 716 3085; x_wconf 89' lang='lat' dir='ltr'><strong>quolibet</strong></span> <span class='ocrx_word' id='word_1_227' title='bbox 732 2989 986 3085; x_wconf 62' lang='lat' dir='ltr'><strong>promulgatum,</strong></span> <span class='ocrx_word' id='word_1_228' title='bbox 1004 3006 1049 3054; x_wconf 87' lang='lat' dir='ltr'><strong>ex</strong></span> <span class='ocrx_word' id='word_1_229' title='bbox 1060 3006 1123 3078; x_wconf 86' lang='lat' dir='ltr'><strong>quo</strong></span> <span class='ocrx_word' id='word_1_230' title='bbox 1139 3005 1239 3054; x_wconf 88' lang='lat' dir='ltr'><strong>man·-</strong></span> 
     </span>
     <span class='ocr_line' id='line_1_29' title="bbox 109 3083 1240 3182; baseline -0.006 -24"><span class='ocrx_word' id='word_1_231' title='bbox 109 3089 188 3158; x_wconf 88' lang='lat' dir='ltr'><strong>dato</strong></span> <span class='ocrx_word' id='word_1_232' title='bbox 205 3089 376 3180; x_wconf 89' lang='lat' dir='ltr'><strong>imperium</strong></span> <span class='ocrx_word' id='word_1_233' title='bbox 394 3097 449 3158; x_wconf 91' lang='lat' dir='ltr'><strong>aut</strong></span> <span class='ocrx_word' id='word_1_234' title='bbox 466 3091 526 3182; x_wconf 89' lang='lat' dir='ltr'><strong>ipsi</strong></span> <span class='ocrx_word' id='word_1_235' title='bbox 545 3111 583 3159; x_wconf 91' lang='lat' dir='ltr'><strong>ac</strong></span> <span class='ocrx_word' id='word_1_236' title='bbox 600 3091 701 3159; x_wconf 92' lang='lat' dir='ltr'><strong>ceteri</strong></span> <span class='ocrx_word' id='word_1_237' title='bbox 718 3089 883 3182; x_wconf 89' lang='lat' dir='ltr'><strong>principes</strong></span> <span class='ocrx_word' id='word_1_238' title='bbox 912 3083 1074 3154; x_wconf 87' lang='lat' dir='ltr'><strong>electores</strong></span> <span class='ocrx_word' id='word_1_239' title='bbox 1102 3091 1240 3174; x_wconf 89' lang='lat' dir='ltr'><strong>possent</strong></span> 
     </span>
     <span class='ocr_line' id='line_1_30' title="bbox 110 3179 1241 3281; baseline -0.007 -25"><span class='ocrx_word' id='word_1_240' title='bbox 110 3181 352 3281; x_wconf 87' lang='lat' dir='ltr'><strong>quomodolibet</strong></span> <span class='ocrx_word' id='word_1_241' title='bbox 374 3184 538 3256; x_wconf 88' lang='lat' dir='ltr'><strong>infirmari.</strong></span> <span class='ocrx_word' id='word_1_242' title='bbox 590 3185 632 3256; x_wconf 86' lang='lat' dir='ltr'><strong>Et</strong></span> <span class='ocrx_word' id='word_1_243' title='bbox 655 3207 772 3256; x_wconf 89' lang='lat' dir='ltr'><strong>ornnes</strong></span> <span class='ocrx_word' id='word_1_244' title='bbox 799 3183 1000 3278; x_wconf 88' lang='lat' dir='ltr'><strong>prescriptos</strong></span> <span class='ocrx_word' id='word_1_245' title='bbox 1026 3179 1179 3250; x_wconf 87' lang='lat' dir='ltr'><strong>articulos</strong></span> <span class='ocrx_word' id='word_1_246' title='bbox 1207 3187 1241 3248; x_wconf 92' lang='lat' dir='ltr'><strong>et</strong></span> 
     </span>
     <span class='ocr_line' id='line_1_31' title="bbox 109 3274 1240 3378; baseline -0.007 -26"><span class='ocrx_word' id='word_1_247' title='bbox 109 3281 285 3378; x_wconf 87' lang='lat' dir='ltr'><strong>quemlibet</strong></span> <span class='ocrx_word' id='word_1_248' title='bbox 300 3305 414 3354; x_wconf 89' lang='lat' dir='ltr'><strong>eorum</strong></span> <span class='ocrx_word' id='word_1_249' title='bbox 433 3285 642 3374; x_wconf 82' lang='lat' dir='ltr'><strong>singulariter</strong></span> <span class='ocrx_word' id='word_1_250' title='bbox 659 3285 880 3377; x_wconf 91' lang='lat' dir='ltr'><strong>pmmisernnt</strong></span> <span class='ocrx_word' id='word_1_251' title='bbox 902 3275 987 3348; x_wconf 86' lang='lat' dir='ltr'><strong>bona</strong></span> <span class='ocrx_word' id='word_1_252' title='bbox 1004 3274 1069 3346; x_wconf 88' lang='lat' dir='ltr'><strong>lide</strong></span> <span class='ocrx_word' id='word_1_253' title='bbox 1086 3285 1119 3345; x_wconf 90' lang='lat' dir='ltr'><strong>et</strong></span> <span class='ocrx_word' id='word_1_254' title='bbox 1135 3277 1240 3346; x_wconf 86' lang='lat' dir='ltr'><strong>eciam</strong></span> 
     </span>
     <span class='ocr_line' id='line_1_32' title="bbox 108 3375 1240 3474; baseline -0.009 -22"><span class='ocrx_word' id='word_1_255' title='bbox 108 3385 302 3455; x_wconf 86' lang='lat' dir='ltr'><strong>iuraverunt</strong></span> <span class='ocrx_word' id='word_1_256' title='bbox 319 3379 361 3453; x_wconf 89' lang='lat' dir='ltr'><strong>ad</strong></span> <span class='ocrx_word' id='word_1_257' title='bbox 378 3393 489 3454; x_wconf 90' lang='lat' dir='ltr'><strong>sancta</strong></span> <span class='ocrx_word' id='word_1_258' title='bbox 509 3381 561 3453; x_wconf 91' lang='lat' dir='ltr'><strong>dei</strong></span> <span class='ocrx_word' id='word_1_259' title='bbox 579 3381 756 3472; x_wconf 84' lang='lat' dir='ltr'><strong>evangelia</strong></span> <span class='ocrx_word' id='word_1_260' title='bbox 775 3401 834 3474; x_wconf 91' lang='lat' dir='ltr'><strong>pro</strong></span> <span class='ocrx_word' id='word_1_261' title='bbox 852 3399 890 3451; x_wconf 89' lang='lat' dir='ltr'><strong>se</strong></span> <span class='ocrx_word' id='word_1_262' title='bbox 909 3387 941 3447; x_wconf 90' lang='lat' dir='ltr'><strong>et</strong></span> <span class='ocrx_word' id='word_1_263' title='bbox 965 3375 1033 3447; x_wconf 87' lang='lat' dir='ltr'><strong>suis</strong></span> <span class='ocrx_word' id='word_1_264' title='bbox 1058 3393 1240 3445; x_wconf 87' lang='lat' dir='ltr'><strong>successo-</strong></span> 
     </span>
     <span class='ocr_line' id='line_1_33' title="bbox 108 3473 1241 3570; baseline -0.009 -21"><span class='ocrx_word' id='word_1_265' title='bbox 108 3478 200 3550; x_wconf 91' lang='lat' dir='ltr'><strong>ribus</strong></span> <span class='ocrx_word' id='word_1_266' title='bbox 218 3478 448 3552; x_wconf 90' lang='lat' dir='ltr'><strong>inviolabiliter</strong></span> <span class='ocrx_word' id='word_1_267' title='bbox 464 3489 497 3550; x_wconf 91' lang='lat' dir='ltr'><strong>et</strong></span> <span class='ocrx_word' id='word_1_268' title='bbox 513 3479 649 3551; x_wconf 81' lang='lat' dir='ltr'><strong>firmiter</strong></span> <span class='ocrx_word' id='word_1_269' title='bbox 665 3477 847 3549; x_wconf 88' lang='lat' dir='ltr'><strong>observare</strong></span> <span class='ocrx_word' id='word_1_270' title='bbox 865 3485 898 3547; x_wconf 92' lang='lat' dir='ltr'><strong>et</strong></span> <span class='ocrx_word' id='word_1_271' title='bbox 905 3473 989 3570; x_wconf 92' lang='lat' dir='ltr'><strong>quod</strong></span> <span class='ocrx_word' id='word_1_272' title='bbox 1000 3476 1034 3543; x_wconf 93' lang='lat' dir='ltr'><strong>in</strong></span> <span class='ocrx_word' id='word_1_273' title='bbox 1044 3475 1241 3543; x_wconf 76' lang='lat' dir='ltr'><strong>contrarium</strong></span> 
     </span>
    </p>
   </div>
   <div class='ocr_carea' id='block_1_3' title="bbox 108 3566 1241 4062">
    <p class='ocr_par' dir='ltr' id='par_1_5' title="bbox 108 3566 1241 3965">
     <span class='ocr_line' id='line_1_34' title="bbox 108 3566 1241 3671; baseline -0.01 -24"><span class='ocrx_word' id='word_1_274' title='bbox 108 3577 201 3647; x_wconf 93' lang='lat' dir='ltr'><strong>nullo</strong></span> <span class='ocrx_word' id='word_1_275' title='bbox 223 3587 371 3671; x_wconf 90' lang='lat' dir='ltr'><strong>tempore</strong></span> <span class='ocrx_word' id='word_1_276' title='bbox 393 3578 515 3649; x_wconf 90' lang='lat' dir='ltr'><strong>sacient</strong></span> <span class='ocrx_word' id='word_1_277' title='bbox 541 3579 598 3649; x_wconf 91' lang='lat' dir='ltr'><strong>vel</strong></span> <span class='ocrx_word' id='word_1_278' title='bbox 622 3579 759 3648; x_wconf 91' lang='lat' dir='ltr'><strong>venient</strong></span> <span class='ocrx_word' id='word_1_279' title='bbox 783 3598 847 3647; x_wconf 91' lang='lat' dir='ltr'><strong>nec</strong></span> <span class='ocrx_word' id='word_1_280' title='bbox 863 3572 903 3644; x_wconf 92' lang='lat' dir='ltr'><strong>ab</strong></span> <span class='ocrx_word' id='word_1_281' title='bbox 925 3573 1004 3668; x_wconf 92' lang='lat' dir='ltr'><strong>ipsis</strong></span> <span class='ocrx_word' id='word_1_282' title='bbox 1019 3570 1125 3663; x_wconf 85' lang='lat' dir='ltr'><strong>aliquo</strong></span> <span class='ocrx_word' id='word_1_283' title='bbox 1143 3566 1241 3638; x_wconf 93' lang='lat' dir='ltr'><strong>modo</strong></span> 
     </span>
     <span class='ocr_line' id='line_1_35' title="bbox 113 3663 1240 3768; baseline -0.009 -25"><span class='ocrx_word' id='word_1_284' title='bbox 113 3673 298 3764; x_wconf 64' lang='lat' dir='ltr'><strong>discedent,</strong></span> <span class='ocrx_word' id='word_1_285' title='bbox 316 3687 411 3768; x_wconf 94' lang='lat' dir='ltr'><strong>prout</strong></span> <span class='ocrx_word' id='word_1_286' title='bbox 427 3674 489 3746; x_wconf 92' lang='lat' dir='ltr'><strong>hec</strong></span> <span class='ocrx_word' id='word_1_287' title='bbox 506 3687 538 3746; x_wconf 92' lang='lat' dir='ltr'><strong>et</strong></span> <span class='ocrx_word' id='word_1_288' title='bbox 556 3677 617 3748; x_wconf 90' lang='lat' dir='ltr'><strong>alia</strong></span> <span class='ocrx_word' id='word_1_289' title='bbox 634 3675 725 3768; x_wconf 93' lang='lat' dir='ltr'><strong>plura</strong></span> <span class='ocrx_word' id='word_1_290' title='bbox 745 3675 951 3744; x_wconf 88' lang='lat' dir='ltr'><strong>continentur</strong></span> <span class='ocrx_word' id='word_1_291' title='bbox 969 3671 1002 3740; x_wconf 93' lang='lat' dir='ltr'><strong>in</strong></span> <span class='ocrx_word' id='word_1_292' title='bbox 1019 3665 1155 3760; x_wconf 88' lang='lat' dir='ltr'><strong>publicis</strong></span> <span class='ocrx_word' id='word_1_293' title='bbox 1174 3663 1240 3734; x_wconf 87' lang='lat' dir='ltr'><strong>do-</strong></span> 
     </span>
     <span class='ocr_line' id='line_1_36' title="bbox 110 3765 1241 3868; baseline -0.01 -26"><span class='ocrx_word' id='word_1_294' title='bbox 110 3775 272 3844; x_wconf 90' lang='lat' dir='ltr'><strong>cumentis</strong></span> <span class='ocrx_word' id='word_1_295' title='bbox 290 3775 364 3845; x_wconf 90' lang='lat' dir='ltr'><strong>sive</strong></span> <span class='ocrx_word' id='word_1_296' title='bbox 381 3773 496 3846; x_wconf 86' lang='lat' dir='ltr'><strong>litteris</strong></span> <span class='ocrx_word' id='word_1_297' title='bbox 514 3775 546 3843; x_wconf 95' lang='lat' dir='ltr'><strong>in</strong></span> <span class='ocrx_word' id='word_1_298' title='bbox 570 3772 725 3868; x_wconf 62' lang='lat' dir='ltr'><strong>publicis,</strong></span> <span class='ocrx_word' id='word_1_299' title='bbox 749 3771 866 3861; x_wconf 82' lang='lat' dir='ltr'><strong>sigillis</strong></span> <span class='ocrx_word' id='word_1_300' title='bbox 889 3773 1033 3863; x_wconf 89' lang='lat' dir='ltr'><strong>ipsorum</strong></span> <span class='ocrx_word' id='word_1_301' title='bbox 1062 3765 1241 3835; x_wconf 88' lang='lat' dir='ltr'><strong>electorum</strong></span> 
     </span>
     <span class='ocr_line' id='line_1_37' title="bbox 110 3868 1239 3965; baseline 0.001 -25"><span class='ocrx_word' id='word_1_302' title='bbox 110 3868 317 3942; x_wconf 90' lang='lat' dir='ltr'><strong>concorditer</strong></span> <span class='ocrx_word' id='word_1_303' title='bbox 333 3870 482 3962; x_wconf 85' lang='lat' dir='ltr'><strong>sigdlatis</strong></span> <span class='ocrx_word' id='word_1_304' title='bbox 501 3881 535 3942; x_wconf 92' lang='lat' dir='ltr'><strong>et</strong></span> <span class='ocrx_word' id='word_1_305' title='bbox 551 3869 747 3965; x_wconf 77' lang='lat' dir='ltr'><strong>publicatis.2</strong></span> <span class='ocrx_word' id='word_1_306' title='bbox 1237 3883 1239 3886; x_wconf 79' lang='grc'>’</span> 
     </span>
    </p>

    <p class='ocr_par' dir='ltr' id='par_1_6' title="bbox 159 3957 1240 4062">
     <span class='ocr_line' id='line_1_38' title="bbox 159 3957 1240 4062; baseline -0.008 -25"><span class='ocrx_word' id='word_1_307' title='bbox 159 3965 281 4040; x_wconf 81' lang='lat' dir='ltr'><strong>Contra</strong></span> <span class='ocrx_word' id='word_1_308' title='bbox 299 3989 383 4039; x_wconf 89' lang='lat' dir='ltr'><strong>vero</strong></span> <span class='ocrx_word' id='word_1_309' title='bbox 410 3965 553 4062; x_wconf 90' lang='lat' dir='ltr'><strong>predicta</strong></span> <span class='ocrx_word' id='word_1_310' title='bbox 577 3971 648 4040; x_wconf 91' lang='lat' dir='ltr'><strong>iura</strong></span> <span class='ocrx_word' id='word_1_311' title='bbox 671 3978 705 4038; x_wconf 89' lang='lat' dir='ltr'><strong>et</strong></span> <span class='ocrx_word' id='word_1_312' title='bbox 730 3963 985 4040; x_wconf 89' lang='lat' dir='ltr'><strong>consuetudines</strong></span> <span class='ocrx_word' id='word_1_313' title='bbox 1013 3971 1045 4032; x_wconf 90' lang='lat' dir='ltr'><strong>et</strong></span> <span class='ocrx_word' id='word_1_314' title='bbox 1073 3957 1240 4030; x_wconf 90' lang='lat' dir='ltr'><strong>libertates</strong></span> 
     </span>
    </p>
   </div>
   <div class='ocr_carea' id='block_1_4' title="bbox 106 4132 1241 4358">
    <p class='ocr_par' dir='ltr' id='par_1_7' title="bbox 106 4132 1241 4358">
     <span class='ocr_line' id='line_1_39' title="bbox 165 4132 1241 4214; baseline -0.011 -18"><span class='ocrx_word' id='word_1_315' title='bbox 165 4141 195 4210; x_wconf 85' lang='lat' dir='ltr'><strong>l)</strong></span> <span class='ocrx_word' id='word_1_316' title='bbox 217 4141 288 4202; x_wconf 73' lang='lat'><strong>1324</strong></span> <span class='ocrx_word' id='word_1_317' title='bbox 301 4142 400 4213; x_wconf 74' lang='lat' dir='ltr'><strong>[iani]</strong></span> <span class='ocrx_word' id='word_1_318' title='bbox 419 4142 455 4200; x_wconf 79' lang='lat'><strong>22</strong></span> <span class='ocrx_word' id='word_1_319' title='bbox 481 4143 565 4214; x_wconf 70' lang='lat' dir='ltr'><strong>negg.</strong></span> <span class='ocrx_word' id='word_1_320' title='bbox 583 4143 647 4199; x_wconf 83' lang='lat' dir='ltr'><strong>lud.</strong></span> <span class='ocrx_word' id='word_1_321' title='bbox 668 4162 692 4198; x_wconf 93' lang='lat' dir='ltr'><strong>n.</strong></span> <span class='ocrx_word' id='word_1_322' title='bbox 712 4143 772 4198; x_wconf 80' lang='grc'>719.</span> <span class='ocrx_word' id='word_1_323' title='bbox 808 4143 839 4209; x_wconf 84' lang='grc'><strong>2)</strong></span> <span class='ocrx_word' id='word_1_324' title='bbox 859 4142 884 4196; x_wconf 94' lang='lat' dir='ltr'><strong>d.</strong></span> <span class='ocrx_word' id='word_1_325' title='bbox 905 4141 929 4194; x_wconf 93' lang='lat' dir='ltr'><strong>d.</strong></span> <span class='ocrx_word' id='word_1_326' title='bbox 950 4136 1082 4193; x_wconf 77' lang='grc'>13381111.</span> <span class='ocrx_word' id='word_1_327' title='bbox 1104 4133 1136 4188; x_wconf 84' lang='lat'><strong>15</strong></span> <span class='ocrx_word' id='word_1_328' title='bbox 1155 4132 1241 4201; x_wconf 75' lang='lat' dir='ltr'><strong>Regg.</strong></span> 
     </span>
     <span class='ocr_line' id='line_1_40' title="bbox 106 4201 1241 4288; baseline -0.006 -19"><span class='ocrx_word' id='word_1_329' title='bbox 106 4213 173 4269; x_wconf 82' lang='lat' dir='ltr'><strong>lud.</strong></span> <span class='ocrx_word' id='word_1_330' title='bbox 192 4213 380 4272; x_wconf 84' lang='lat' dir='ltr'><strong>reicbssachen</strong></span> <span class='ocrx_word' id='word_1_331' title='bbox 401 4233 425 4270; x_wconf 89' lang='lat' dir='ltr'><strong>n.</strong></span> <span class='ocrx_word' id='word_1_332' title='bbox 445 4215 513 4285; x_wconf 74' lang='lat'><strong>3623</strong></span> <span class='ocrx_word' id='word_1_333' title='bbox 540 4215 702 4286; x_wconf 79' lang='lat' dir='ltr'><strong>vollstiindig</strong></span> <span class='ocrx_word' id='word_1_334' title='bbox 721 4214 852 4288; x_wconf 79' lang='lat' dir='ltr'><strong>gedrucltt</strong></span> <span class='ocrx_word' id='word_1_335' title='bbox 877 4211 902 4270; x_wconf 88' lang='lat' dir='ltr'><strong>in</strong></span> <span class='ocrx_word' id='word_1_336' title='bbox 932 4211 982 4268; x_wconf 87' lang='lat' dir='ltr'><strong>den</strong></span> <span class='ocrx_word' id='word_1_337' title='bbox 1012 4204 1195 4280; x_wconf 77' lang='lat' dir='ltr'><strong>straungsber.</strong></span> <span class='ocrx_word' id='word_1_338' title='bbox 1216 4201 1241 4262; x_wconf 83' lang='lat' dir='ltr'><strong>d.</strong></span> 
     </span>
     <span class='ocr_line' id='line_1_41' title="bbox 106 4283 474 4358; baseline 0.003 -19"><span class='ocrx_word' id='word_1_339' title='bbox 106 4284 223 4340; x_wconf 87' lang='lat' dir='ltr'><strong>Wiener</strong></span> <span class='ocrx_word' id='word_1_340' title='bbox 241 4285 326 4342; x_wconf 74' lang='lat' dir='ltr'><strong>dicad.</strong></span> <span class='ocrx_word' id='word_1_341' title='bbox 352 4284 395 4358; x_wconf 72' lang='lat' dir='ltr'><strong>ll,</strong></span> <span class='ocrx_word' id='word_1_342' title='bbox 414 4283 474 4342; x_wconf 83' lang='grc'>701.</span> 
     </span>
    </p>
   </div>
   <div class='ocr_carea' id='block_1_5' title="bbox 0 0 1510 4820">
    <p class='ocr_par' dir='ltr' id='par_1_8' title="bbox 0 0 1510 4820">
     <span class='ocr_line' id='line_1_42' title="bbox 0 0 1510 4820; baseline 0 0"><span class='ocrx_word' id='word_1_343' title='bbox 0 0 1510 4820; x_wconf 95' lang='lat' dir='ltr'><strong> </strong></span> 
     </span>
    </p>
   </div>
  </div>
 </body>
</html>
