2960 4832
345 229 856 292 namarcususomssuunovau
1138 235 1186 310 43

60 406 120 502 „ad
132 405 288 478 ellectum
301 407 483 503 perducere
495 407 559 480 deo
575 405 683 480 dante.
700 407 928 503 Supplicemus
946 409 1043 479 etiam
1061 412 1188 482 sancti-
1203 403 1273 464 ¹³4³

61 517 175 600 „uum
191 516 360 596 veebum,
378 517 538 600 quatenus
550 508 731 578 emulorum
742 506 1021 580 nosucmmtatsa
1035 527 1189 599 sugges-

61 609 164 698 „tone
182 615 328 694 semota,
346 608 379 674 in
396 603 482 676 bono
492 609 657 700 proposito
675 614 709 676 et
725 615 839 676 sancto
856 604 1034 696 dignemini
1052 625 1190 700 perma-

61 725 169 795 „nera
193 713 229 774 et
246 705 425 794 negocium
442 703 712 774 reconciliationis
729 712 841 774 nostro
858 701 923 772 fine
940 703 1040 774 celeri
1056 713 1091 775 et
1111 703 1191 775 lau-

61 799 173 892 „dahti
198 821 410 872 consumare.
428 800 484 870 Ad
502 799 590 894 quod
605 799 806 872 tractandum
829 810 863 870 et
886 803 991 872 eciam
1014 797 1191 874 finiendum

61 902 184 992 „statim
196 905 272 993 per¹
288 898 426 970 latorem
438 903 647 992 presencium
658 903 795 971 nuncios
807 909 839 969 et
849 905 1094 993 proctuatores²
1105 921 1192 974 nos-

61 995 1192 1091 „boscumprccurationosufficientisecunduminformacionempre-

62 1097 174 1188 „positi
194 1095 352 1166 antedicti
377 1097 536 1166 sanctitati
548 1097 938 1182 vestretransmittcmus
957 1091 999 1163 de
1016 1097 1193 1166 intentione

62 1191 186 1282 „cordis
204 1197 313 1266 nostri
325 1192 453 1286 plenius
464 1191 664 1266 informatos.
682 1191 822 1286 Insuper
843 1196 996 1286 petimus
1014 1202 1049 1263 ut
1066 1197 1193 1264 sancti-

63 1299 132 1380 „us
146 1299 266 1363 vestra
284 1291 411 1385 prelato
427 1293 594 1385 preposito
617 1294 650 1362 in
673 1289 819 1362 dicendis
843 1293 945 1362 nostri
963 1311 1008 1362 ex
1030 1301 1124 1386 parte
1147 1289 1194 1362 fi-

63 1386 154 1479 „dem
172 1387 335 1460 adbibere
353 1387 506 1480 dignetur
518 1393 606 1460 omni
623 1385 720 1470 modo
738 1386 903 1459 creditam.
927 1385 1048 1460 uarum
1071 1393 1105 1461 in
1126 1409 1194 1484 op-

65 1484 155 1580 „pido
179 1496 299 1558 nostro
322 1482 479 1574 Lansbut,
501 1509 552 1558 xx
568 1486 621 1558 die
643 1489 768 1558 mensis
787 1483 990 1579 septembris.
1012 1485 1178 1578 [1343]ss

106 1582 144 1653 ln
159 1581 224 1654 bac
242 1584 383 1678 epistola
400 1583 599 1658 Ludewicus
618 1585 756 1692 ippulum
779 1583 981 1678 imperialem
1004 1603 1070 1656 non
1087 1587 1196 1680 posuit

65 1703 104 1750 ex
125 1679 370 1772 humiliatione,
394 1702 533 1777 sperans
557 1705 595 1756 se
614 1681 850 1754 absolutionem
876 1691 909 1753 ot
925 1684 1194 1776 compositionem

65 1783 350 1884 posseconsepui
369 1801 444 1850 eum
467 1781 643 1874 apostolica
670 1779 752 1854 sede
776 1802 872 1876 qrram
895 1777 1040 1871 offendit,
1065 1779 1195 1878 dequo

67 1897 167 1970 supra.

70 2062 113 2132 lle
123 2021 326 2135 distensione
342 2073 417 2136 orto
433 2069 518 2136 brier
535 2069 648 2152 ducem
665 2067 794 2136 dustria
805 2085 847 2136 eo
857 2085 932 2157 uno,
950 2070 1121 2138 etcomites
1135 2067 1196 2156 lll-

132 2166 267 2242 ¹ticum
291 2166 332 2232 dc
356 2165 555 2252 Wirlonbcrq
572 2165 845 2236 ctEderburdum
862 2167 903 2236 de
920 2166 1137 2255 Scbnoolnepp
1154 2185 1197 2236 oc

154 2269 256 2348 porte
274 2264 389 2350 ultera,
403 2271 440 2348 ct
454 2281 566 2350 poure.

111 2372 190 2446 ltem
201 2375 352 2469 predicto
369 2398 455 2448 anno
471 2377 560 2450 xliii.
579 2379 705 2449 ratione
721 2376 829 2472 oppidi
847 2377 920 2449 dicti
936 2375 1089 2470 Ebingen
1100 2376 1196 2475 Cou-

72 2476 254 2546 stantiensis
273 2473 441 2568 dyocesis,
460 2474 545 2569 quod
564 2473 665 2548 duces
676 2475 812 2547 Austrie
830 2473 1023 2569 quibusdam
1033 2474 1196 2547 conditio-

71 2566 156 2640 nibus
174 2581 287 2642 tamen
305 2577 460 2667 appositis
479 2583 754 2666 comparaverant
775 2597 793 2643 a
812 2577 929 2644 comite
946 2570 988 2643 de
1005 2571 1196 2645 Schelldin-

73 2687 143 2756 gen,
161 2668 295 2740 domino
313 2671 420 2765 oppidi
431 2671 593 2764 predicat
613 2675 766 2744 suscitata
778 2681 831 2742 est
847 2670 1011 2744 dissensio
1022 2674 1196 2766 interpre-

74 2761 165 2835 diotos
184 2764 290 2838 duces
307 2769 444 2841 Austrie
462 2791 508 2840 ex
524 2792 602 2860 una
620 2779 653 2839 et
664 2772 814 2841 comitem
824 2767 970 2841 Ulricum
988 2768 1029 2856 de
1040 2768 1196 2856 Winten-

75 2855 150 2952 berg
166 2885 206 2934 ao
223 2869 377 2937 comitem
394 2864 621 2938 Eberhardum
638 2865 681 2937 de
698 2866 933 2960 Smalenegg⁴‚
951 2870 1004 2961 qui
1016 2867 1115 2939 liliam
1133 2888 1196 2939 co-

75 2959 149 3029 mitis
173 2959 214 3032 de
238 2959 475 3056 Schalklingen
500 2964 635 3058 predicti
658 2961 798 3036 habebat
819 2967 853 3035 in
876 2987 1016 3038 uxorem
1033 2987 1078 3036 ex
1094 2965 1197 3036 altera

75 3060 181 3145 parte.⁵
197 3057 242 3130 Et
252 3060 402 3131 incendia
420 3083 548 3153 magna
558 3059 719 3133 hincinde
729 3072 805 3136 sunt
816 3059 1003 3152 subsecuta
1022 3065 1197 3134 sicut-tes-

75 3159 171 3226 tantur
187 3160 284 3230 cives
302 3157 436 3252 predicti
448 3158 556 3253 oppidi
567 3163 651 3230 acin
662 3157 823 3252 Mtngcm
835 3163 927 3232 cuius
939 3156 1128 3230 suburbium
1137 3173 1198 3253 per

79 3250 253 3326 incendium
271 3266 323 3328 est
339 3266 504 3328 vastatum
521 3278 581 3351 per
598 3259 734 3332 comites
753 3255 966 3352 supradictos.

82 3453 239 3541 ommam
251 3461 456 3548 presentibus
472 3463 600 3530 abactio
617 3463 781 3531 ludewici
795 3463 939 3532 Clemens
956 3465 990 3532 lo
1008 3467 1199 3536 consubito

113 3647 116 3654 Ι
166 3561 262 3626 moult
277 3577 451 3645 processus
468 3559 623 3628 lobannis
642 3579 732 3647 pope
755 3567 872 3630 contro
889 3579 961 3630 eum
978 3563 1062 3631 lotos
1079 3565 1151 3652 leqi,
1170 3571 1203 3634 cl
1334 3649 1339 3658 ,

167 3659 331 3742 puoroodo
347 3674 410 3745 per
431 3659 559 3726 eosdem
578 3661 715 3726 candoe
734 3677 809 3726 moe
815 3667 1057 3747 procuratores,
1069 3669 1101 3728 ot
1109 3663 1199 3748 opob-

165 3771 266 3840 oopus
282 3754 491 3842 Memnona
509 3775 572 3843 par
594 3773 670 3824 mos
681 3764 917 3843 procuratores
932 3777 967 3827 ec
982 3759 1069 3826 tedio
1085 3762 1199 3846 procia

165 3851 381 3921 moneamur
395 3859 452 3920 etc.

122 3963 214 4037 Almo
226 3975 336 4037 autern
347 3964 791 4060 domini'n.ccc.xl.iiii.‚xvii.
804 3967 868 4067 kal.
880 3959 1033 4040 februarii
1048 3969 1194 4063 [ianid]

115 4073 140 4142 1)
157 4083 217 4150 posl
235 4079 347 4134 latorem
368 4067 548 4150 bei‘bayaald
569 4079 638 4134 1314
656 4080 682 4144 §.
704 4081 744 4137 to.
781 4081 812 4150 2)
856 4091 984 4138 roborans
1004 4083 1043 4140 bs.
1081 4083 1111 4152 3)
1132 4081 1200 4139 1343

87 4151 141 4215 sept
159 4148 188 4202 11
208 4149 389 4218 lichnowslty
407 4149 434 4218 3,
452 4165 508 4220 reg.
529 4167 554 4205 n.
575 4150 671 4207 13431.
704 4153 735 4221 4)
755 4151 820 4208 Grai
835 4101 972 4210 Eberhard
989 4169 1043 4209 von
1062 4153 1200 4212 Werden-

89 4210 275 4290 berg-Sargans
289 4219 383 4276 erbielt
402 4221 493 4276 diesen
512 4221 651 4280 beinamen
671 4241 723 4280 von
743 4224 831 4280 seiner
850 4225 999 4284 herrscbail
1012 4225 1199 4300 Scbmaluegg.

89 4283 112 4352 ⁵)
128 4303 156 4343 ar
173 4289 253 4348 altera
271 4297 347 4366 parte
366 4291 432 4348 tettt
450 4292 484 4348 in
495 4292 543 4348 der
560 4293 600 4352 bs.
