3010 4822
289 275 361 348 518
629 279 803 338 narnrucus
824 276 1077 337 uaoooutttnsls

205 458 274 520 1328
288 453 410 548 Apulia
433 455 508 525 licet
531 455 635 543 tarde
660 459 732 549 quia
757 459 784 529 si
809 481 827 526 a
853 459 1008 551 principio
1033 461 1179 530 introitus
1203 457 1288 528 urbis
1310 461 1395 530 statim

289 554 483 647 arripuisset
505 555 567 624 iter
591 575 712 626 versus
736 555 909 648 Apuliamq
934 560 1097 627 communi
1122 560 1319 627 estimatione
1338 577 1396 624 eam

289 654 361 724 sine
378 653 581 745 oppositione
594 649 772 725 habuisset.
799 651 867 723 Sed
878 663 967 743 tunc5
984 656 1058 746 quia
1075 677 1267 748 pernovem
1285 674 1396 724 menses

287 748 345 819 vel
364 750 450 819 circa
469 747 609 820 tardavit
628 753 661 820 in
679 747 772 839 urbe,
798 761 884 822 terra
907 754 1088 845 premonita
1113 753 1180 823 brit.
1216 751 1307 823 Unde
1329 771 1397 842 gens

289 869 349 918 sua
368 849 508 920 veniens
532 845 573 918 ad
596 845 758 942 quoddam
781 858 924 921 castrum
949 852 1044 921 situm
1068 853 1157 922 iuxta
1175 849 1311 922 Tiberim
1332 849 1398 918 ultra

288 943 441 1019 Romam¹
463 956 596 1041 propter
616 946 719 1040 spolia
740 945 859 1016 ibidem
881 951 1015 1020 inventa
1040 949 1159 1043 incepit
1182 951 1266 1020 inter
1288 971 1321 1020 se
1339 945 1398 1016 dis-

289 1041 426 1114 cordare
445 1054 478 1115 et
495 1047 528 1114 in
545 1043 609 1116 duo
631 1047 762 1136 agmina
787 1067 825 1116 se
843 1043 971 1134 divisit,
996 1049 1069 1140 quia
1089 1044 1287 1118 Rhenenses
1306 1053 1400 1116 contra

288 1139 422 1214 Suevos
441 1153 475 1213 et
490 1141 652 1215 Bawaros
676 1154 801 1235 partem
827 1143 989 1232 iecerunt
1010 1143 1095 1238 quod
1119 1147 1190 1238 ipse
1208 1155 1283 1218 tuno
1299 1161 1400 1234 magna

289 1237 476 1312 difficultate
500 1240 752 1314 mansuetudine
780 1252 812 1312 et
842 1245 995 1334 patientia
1019 1245 1198 1337 intercepit.
1234 1241 1274 1314 Et
1298 1245 1341 1313 sic
1361 1247 1402 1310 est

289 1359 451 1411 reversus
469 1335 511 1409 ad
527 1336 652 1412 urbem.

338 1437 438 1509 Anno
456 1440 552 1528 regni
569 1441 620 1510 sui
638 1437 894 1532 quartodecimm
915 1444 988 1534 quia
1011 1462 1098 1532 gens
1122 1463 1181 1511 sua
1206 1461 1340 1531 magnas
1357 1439 1402 1508 in-

290 1535 446 1608 solentias
465 1533 542 1607 lecit
557 1539 590 1606 in
608 1533 701 1626 urbe„
721 1547 754 1607 et
769 1540 865 1609 nimis
885 1541 918 1608 iu
936 1537 1142 1633 acquirendis
1161 1541 1316 1632 expensis
1332 1557 1402 1627 gra-

289 1636 384 1704 vavit
399 1635 554 1727 populum
571 1635 768 1722 Romanum
794 1639 866 1729 quia
886 1635 1083 1708 Ludewicus
1107 1659 1174 1706 non
1195 1637 1349 1731 persolvit
1364 1635 1403 1703 eis

290 1730 463 1826 stipendia
480 1733 619 1826 populus
630 1732 800 1804 Romanus
813 1737 969 1826 cogitavit
984 1733 1112 1806 occulte
1127 1737 1233 1827 ipsum
1253 1731 1403 1826 expellere

290 1827 332 1898 de
359 1827 450 1900 urbe.
490 1827 584 1916 Quod
611 1833 683 1924 ipse
708 1833 912 1923 preveniens
940 1832 1077 1904 confuse
1105 1834 1246 1902 recessit
1272 1830 1312 1901 de
1338 1825 1404 1898 urba

291 1927 413 2017 [aug.].
449 1926 491 1998 Et
509 1949 670 2000 reversus
691 1938 743 1999 est
759 1931 792 1998 in
808 1928 961 2002 Tusciam
979 1927 1021 2000 ad
1039 1931 1202 2000 civitatem
1221 1929 1365 2001 Pisanam
1379 1933 1404 1994 et

288 2019 463 2095 Lucanam.
496 2023 540 2095 Et
566 2024 681 2098 sedato
707 2023 749 2096 ibi
777 2025 916 2120 quodam
941 2048 1074 2099 rumore
1101 2031 1186 2097 inter
1212 2025 1357 2100 Lucanos
1380 2031 1406 2091 et

287 2119 373 2194 lilios
394 2121 553 2194 Castrucii
572 2127 748 2217 premortui
772 2119 815 2215 [†
835 2134 916 2290 sept.
938 2123 977 2215 3]
999 2123 1175 2195 dominium
1196 2126 1333 2198 civitatis
1347 2119 1405 2192 Ln-

289 2242 372 2292 cane
391 2217 522 2292 abstulit
538 2221 612 2293 liliis
629 2220 801 2316 predictiS„
821 2225 874 2317 qui
900 2247 937 2296 us
961 2225 1059 2294 etiam
1083 2232 1177 2316 pater
1201 2222 1318 2294 eodem
1335 2239 1406 2291 anno
1469 2289 1470 2310 p

289 2327 531 2408 concesserat²
549 2329 582 2390 et
601 2341 725 2392 novum
742 2319 907 2394 dominum
926 2321 1063 2416 proiecit
1078 2318 1208 2392 ibidem.
1243 2319 1286 2390 Et
1302 2313 1405 2388 exindo
1469 2311 1470 2393 l

204 2416 274 2476 ¹3²9
288 2421 454 2490 transiens
472 2415 600 2492 obsedit
617 2415 839 2490 Mediolanum
860 2419 969 2513 [mail
987 2421 1059 2514 quia
1071 2417 1158 2488 Atno
1176 2417 1262 2490 lilius
1279 2413 1406 2487 Galeacii

289 2518 513 2610 suprascripti7
538 2519 590 2586 cui
612 2537 727 2610 parum
749 2527 825 2588 ante
848 2529 923 2613 post
945 2515 1066 2588 obitum
1088 2519 1190 2610 patris
1214 2516 1406 2588 commiserat

288 2611 465 2684 dominium
483 2615 623 2685 civitatis
641 2611 914 2706 mediolanensis,
938 2625 1065 2686 remoto
1080 2611 1224 2705 Hugone
1248 2615 1359 2685 comite
1375 2605 1407 2678 dc

287 2709 474 2783 lllontelorti
488 2709 650 2784 rebellare
664 2714 784 2807 incepit
797 2711 918 2802 eidem,
935 2710 996 2786 sed
1009 2733 1124 2806 parurn
1140 2711 1278 2806 profecit
1292 2706 1404 2781 ibidem.
1468 2667 1469 2759 l

337 2809 437 2880 Anno
454 2813 551 2901 regni
565 2811 614 2882 sui
629 2808 867 2905 decimoquinto
881 2810 923 2882 de
934 2810 1025 2882 ltalia
1040 2832 1201 2882 reversus
1220 2820 1272 2882 est
1291 2812 1321 2878 in
1331 2805 1407 2877 Ala·

287 2909 442 2996 maniam
456 2917 489 2978 et
502 2916 579 2978 tuno
591 2904 744 2979 ducatum
757 2913 935 3004 superioris
948 2908 1106 2998 Bavan'e„
1119 2930 1217 3003 quem
1236 2917 1331 2978 antea
1347 2907 1406 2998 post

288 3005 518 3100 expulsionem
543 3015 575 3078 et
601 3003 721 3076 obitum
749 3004 857 3079 fratris
886 3011 936 3079 soi
959 3004 1089 3077 lludolli
1113 3028 1173 3100 pro
1193 3007 1309 3076 maiori
1330 3007 1408 3097 parte
1467 3021 1468 3072 3

287 3103 380 3176 solus
397 3115 631 3198 occupaverat„
653 3126 725 3175 cam
746 3103 819 3180 filiis
839 3104 987 3178 eiusdem
1005 3105 1113 3176 fratris
1133 3101 1277 3176 Rudollo
1295 3113 1327 3173 et
1344 3098 1406 3170 Ru·
1467 3081 1468 3125 l

286 3212 381 3296 perte
402 3199 539 3292 divisitt
551 3199 676 3294 quibus
698 3214 872 3274 cesserunt
891 3201 1008 3299 oppida
1029 3204 1115 3274 circa
1133 3201 1301 3288 Rhenum5
1321 3194 1407 3269 vide-

286 3299 363 3371 licet
373 3297 576 3392 Haidelberg
590 3311 624 3370 et
640 3309 764 3388 catera,
782 3325 821 3371 ac
837 3301 943 3395 aliqua
961 3302 1058 3370 etiam
1075 3303 1160 3372 circa
1176 3321 1296 3370 nemus
1306 3293 1407 3368 Bobe-

285 3399 419 3485 micum,
440 3393 595 3470 videlicet
611 3394 780 3469 Ambercb
804 3410 837 3471 et
861 3399 986 3471 similia.
1023 3397 1089 3492 lpsi
1112 3407 1223 3469 autem
1243 3393 1407 3466 ludewico
1466 3409 1467 3490 ᾗ

287 3497 389 3566 cessit
405 3493 594 3583 Monacum„
611 3492 784 3588 lngolstat,
801 3495 1000 3589 Lengenlelt
1018 3505 1050 3566 et
1067 3496 1193 3567 similia.

280 3663 283 3668 .
335 3589 386 3664 Eo
403 3603 551 3688 tempore
567 3593 706 3665 Romani
727 3605 760 3665 et
778 3593 880 3666 Italici
901 3597 953 3689 qui
971 3590 1184 3665 ludewicum
1206 3593 1407 3686 susceperant

287 3689 328 3760 ad
346 3695 485 3784 gratiam
501 3691 655 3764 Iohannis
673 3715 758 3787 pepe
776 3691 952 3767 redieruut.
1465 3767 1466 3774 ,

335 3785 385 3860 Eo
414 3799 560 3884 tempore
589 3787 663 3861 Otto
691 3788 759 3862 dux
786 3789 921 3862 Atrstrie
949 3788 1101 3862 iratribus
1130 3793 1198 3862 suis
1228 3784 1406 3883 supradictis
1465 3797 1466 3858 i

285 3891 481 3982 premortuis
505 3891 625 3981 incepit
647 3885 810 3960 rebellare
838 3885 911 3978 sibi,
939 3891 1087 3960 incitatus
1112 3913 1130 3958 a
1155 3909 1239 3982 papa
1264 3885 1407 3957 lohannes

201 3990 273 4048 1330
286 3994 318 4055 et
336 3983 463 4058 obsedit
481 3983 720 4056 Columbariam
740 3989 904 4058 civitatem
922 3989 954 4058 in
971 3987 1108 4060 Alsatia.
1143 3985 1197 4056 Ad
1216 4007 1312 4079 qnam
1331 3977 1406 4052 libe-

340 4162 370 4228 l)
390 4161 509 4218 cisterna
533 4161 681 4218 stidttstlicb
706 4179 759 4220 ron
785 4164 902 4220 Velletri.
940 4165 971 4232 2)
996 4163 1074 4220 sollte
1102 4163 1258 4219 decesserat
1287 4175 1318 4216 zu
1344 4157 1406 4210 teser
1464 4157 1465 4225 l

286 4233 366 4288 scin?
402 4233 433 4299 3)
458 4233 505 4288 der
530 4232 772 4306 tbailungsvertrag
800 4237 843 4292 dd.
874 4236 943 4298 1329
972 4251 1032 4310 aug.
1056 4235 1075 4292 t
1102 4235 1129 4296 io
1158 4233 1209 4292 den
1235 4230 1342 4304 Quellan
1369 4237 1407 4278 att

286 4301 375 4379 baper.
396 4305 490 4366 Gescb.
509 4305 537 4380 6,
554 4303 704 4367 298-308,
