3014 4822
447 243 917 306 nmmussnrnurmuorus.
1176 249 1250 323 473

169 429 279 500 hacc
296 437 373 521 post
394 435 542 521 tempore
563 425 650 498 idem
669 427 842 520 episcopus
858 435 981 497 terram
997 423 1158 497 Walrumi
1175 424 1336 499 dic-123⁹

118 537 186 598 turn
198 523 435 596 llantuerlundt
451 528 545 596 iuuat
562 535 596 596 et
611 527 719 596 omnia
737 527 823 595 ctrua
842 533 985 596 castrum
1004 528 1087 596 ....¹
1108 535 1141 595 et
1153 523 1250 596 Dune

119 635 245 696 crant
261 634 295 694 et
311 623 472 696 devastat

168 739 295 811 Eodem
305 759 391 810 anno
402 743 577 832 imperator
588 740 724 811 collecto
736 741 882 811 exercitu
892 737 1250 814 linesblediolanenses

119 843 216 910 intrat
232 837 363 930 [septb
381 841 545 908 civitatem
558 837 694 908 Carnam
713 837 772 910 sibi
791 837 951 927 conciliat
970 838 1034 909 duo
1052 848 1158 911 castra
1170 837 1251 909 lla-

119 937 359 1008 diolanensium
377 935 543 1006 Sidanum
561 946 593 1006 et
610 934 828 1007 Landn'anum
853 934 1013 1026 subiugat.
1050 935 1130 1006 lnde
1147 957 1250 1008 seca-

118 1035 203 1105 dens
230 1033 270 1104 ad
295 1031 488 1103 dimendum
510 1043 643 1128 pontem
670 1035 944 1122 Placentinorum„
974 1035 1026 1128 qui
1051 1033 1137 1105 ducit
1160 1044 1250 1106 trans

117 1133 243 1204 Padum
261 1131 409 1218 flaviam„
433 1139 529 1202 nocte
554 1131 692 1226 quadam
716 1135 879 1226 inopinata
906 1131 1116 1202 inundatione
1134 1142 1249 1203 exorta

118 1230 219 1300 multa
238 1230 375 1300 tentoria
394 1231 506 1300 amittit
517 1237 550 1299 et
563 1229 666 1302 salvis
684 1233 835 1326 personis
854 1231 995 1300 maxima
1009 1251 1120 1300 rerum
1132 1228 1250 1301 damna

117 1330 262 1400 incunit.
1094 1327 1098 1332 ’

165 1443 245 1538 Ipso
263 1465 349 1516 anno
367 1467 478 1516 comes
491 1441 899 1538 Campanie'lbeobaldua
918 1445 971 1538 qui
988 1453 1021 1513 ct
1038 1439 1250 1516 rexNaver-
1328 1467 1331 1472 ·

117 1545 302 1632 niensium„
327 1539 509 1614 Richardus
533 1541 634 1612 frater
657 1541 781 1632 Anglie
806 1545 910 1634 regis,
937 1563 1049 1612 comes
1072 1539 1251 1630 Britannia

119 1661 233 1712 comes
252 1639 294 1709 de
311 1637 511 1728 Montelorti,
536 1661 647 1712 comes
664 1637 835 1728 Barensis,
860 1661 933 1710 eum
958 1639 1065 1710 multis
1089 1635 1250 1714 nobilibus

119 1737 239 1827 Gallie,
262 1737 433 1832 Hispania
458 1738 595 1830 Anglie„
620 1735 801 1808 Teutbonie
820 1739 851 1806 in
877 1747 996 1830 terram
1022 1747 1166 1808 sanctam
1190 1758 1251 1831 pro

120 1837 192 1906 eius
222 1831 413 1906 liberatione
444 1845 518 1908 sunt
547 1835 692 1929 profecti.
742 1837 802 1924 Qui
836 1857 909 1904 cnm
940 1830 981 1903 ad
1012 1831 1251 1906 edificationem

119 1933 291 2005 Ascalone
310 1935 398 2005 acies
417 1931 608 2024 dirigerent„
627 1931 735 2004 audito
753 1931 1023 2026 quodSarraceni
1035 1934 1084 2004 eis
1098 1935 1130 2001 in
1142 1935 1251 2003 vicino

119 2041 248 2118 essent„
266 2041 422 2102 consueta
442 2053 501 2101 eos
520 2033 617 2100 animi
634 2034 900 2122 magnanimitate
918 2027 1086 2100 invadunt.
1122 2027 1190 2100 Sed
1208 2025 1249 2099 ab

117 2131 199 2221 ipsis
217 2127 411 2199 Sarracenis
436 2131 661 2222 inprosperato
685 2149 765 2198 casn
783 2137 815 2198 et
835 2129 999 2222 inopinato
1022 2124 1251 2198 miserabiliter

118 2235 196 2297 sunt
214 2223 333 2296 devicti
351 2235 384 2296 et
400 2223 516 2296 dolose
536 2228 629 2316 [nov.
651 2223 724 2316 13].
750 2221 812 2296 Ubi
831 2245 943 2295 comes
961 2223 1119 2295 Berensis
1137 2234 1250 2318 captus

119 2332 154 2392 et
168 2333 286 2416 postea
306 2333 469 2414 mortnns3
494 2345 606 2396 comcs
630 2322 671 2392 de
688 2321 875 2393 llontelorti
894 2320 1032 2392 etmulti
1054 2321 1106 2392 alii
1122 2317 1251 2393 nobiles

119 2417 226 2491 Gallie
245 2431 320 2491 sunt
337 2424 499 2514 captivati.

167 2533 270 2607 Anno
292 2535 411 2608 domini
431 2539 571 2612 mccxl.
593 2542 770 2632 imperator
785 2536 939 2632 Apuliam
961 2536 1166 2628 regreditur,
1189 2557 1252 2607 ra·
1267 2538 1338 2596 ¹2⁴⁰

118 2657 223 2726 gnum
248 2632 353 2706 illum²
370 2633 413 2706 ibi
435 2635 586 2707 ordinare
611 2633 763 2728 disponit,
787 2635 923 2707 collecta
947 2637 1084 2728 pecunia
1110 2634 1251 2706 crarium

119 2755 217 2804 suum
235 2729 324 2822 ditat,
342 2732 549 2826 postmodum
565 2735 709 2804 militiam
727 2733 869 2806 validam
889 2729 1058 2802 coadunat.
1091 2729 1129 2802 ln
1146 2741 1252 2804 estate

119 2835 151 2902 in
175 2827 416 2921 Logobardiam
439 2841 606 2926 properat,
629 2829 839 2920 Ravennam,
867 2852 929 2923 que
948 2853 966 2900 a
992 2852 1030 2901 se
1053 2829 1251 2917 desciverat,

119 2931 299 3002 victoriose
321 2939 496 3022 recuperat
522 2930 615 3020 [aug.
634 2927 718 3018 221,
742 2927 935 3000 Faventiam
959 2925 1087 2999 obsidet
1111 2937 1143 2998 et
1166 2929 1251 3000 circa

118 3031 225 3120 ipsam
243 3048 331 3097 nova
350 3029 479 3098 moenia
497 3029 654 3098 construit
670 3029 774 3098 instar
790 3027 933 3096 maxime
952 3025 1103 3114 civitatis,
1125 3027 1166 3094 ita
1185 3048 1251 3096 an-

118 3126 271 3216 gustians
290 3125 383 3194 cives
401 3123 559 3212 inclusosq
586 3135 620 3196 ut
637 3147 738 3220 nemo
753 3121 882 3216 ingredi
900 3122 956 3193 vel
979 3119 1093 3213 egredi
1111 3121 1249 3194 valeret.

119 3219 221 3294 Cuius
247 3223 388 3292 civitatis
414 3224 596 3315 captionem
625 3221 781 3295 cuniculis
805 3219 863 3292 vel
891 3217 1138 3291 suffossionibus
1166 3215 1251 3292 sub-

118 3319 295 3406 terraneis„
312 3317 469 3390 machinis
488 3329 521 3390 et
536 3321 760 3392 instrumentis
778 3319 924 3412 plurimis
943 3326 1090 3406 attentat
1111 3315 1171 3390 sed
1188 3317 1250 3389 illis

117 3417 256 3488 viriliter
285 3413 513 3488 resistentibus
541 3440 602 3510 per
632 3416 767 3507 longum
805 3427 933 3510 tempus
966 3436 1079 3510 pamm
1108 3414 1251 3510 prolicit3

118 3511 378 3606 comprehensos
404 3525 513 3584 tamen
531 3517 625 3586 cives
643 3516 770 3586 circiter
788 3515 994 3609 septuaginta
1012 3513 1045 3585 in
1063 3509 1147 3583 facie
1163 3515 1251 3616 ψί-

118 3613 191 3682 tatis
211 3611 390 3706 suspendit.

165 3724 295 3798 Eodem
319 3736 467 3820 tempore
494 3729 671 3822 imperator
696 3739 765 3800 tres
794 3749 901 3800 naves
926 3726 1130 3798 Venetorum
1155 3728 1251 3818 capit,

117 3823 171 3896 ubi
200 3822 336 3916 predam
361 3824 529 3897 valentem
560 3829 767 3918 septuaginta
795 3826 881 3896 milia
908 3846 1091 3896 marcarum
1114 3825 1250 3893 invenit.

115 3923 279 4010 Quocirca
298 3920 418 3994 Veneti
436 3921 624 3996 exacerbati
645 3921 786 3994 navibus
806 3925 963 3994 maritima
981 3919 1102 4014 Apudie
1119 3929 1252 3992 vastant

116 4029 151 4089 et
168 4022 228 4090 tria
247 4019 363 4113 oppida
381 4023 584 4113 imperatoris
603 4020 789 4094 incendunt.
816 4017 911 4090 Unde
929 4021 1104 4114 imperator
1120 4020 1167 4088 ira
1186 4021 1251 4090 sti-

118 4118 261 4190 mulatus
284 4117 384 4189 lilium
409 4116 500 4190 ducis
518 4118 735 4210 Venetorum,
761 4120 813 4214 qui
837 4125 983 4211 potestas
1006 4117 1066 4187 luit
1083 4113 1250 4187 Mediola-

174 4266 203 4334 l)
224 4283 253 4320 as
273 4265 308 4322 ist
326 4281 399 4322 mam
419 4267 461 4324 ltr
481 4265 524 4325 aiu
543 4273 620 4326 wart.
657 4269 689 4336 2)
709 4267 773 4324 illud
791 4269 832 4324 bs.
