2904 4822
247 275 250 284 ·
329 239 501 298 umunrem
517 239 560 294 un
576 235 836 294 messenuovsu.
1118 235 1166 310 pp

79 411 151 482 dmul
164 403 363 504 congregatis
380 435 495 485 mense
513 423 546 482 et
562 433 649 482 anno
666 407 832 503 presius,
850 407 961 478 uitium
972 404 1025 476 die
1036 408 1168 498 augusti
1184 427 1257 484 1354

78 507 176 580 titrer
186 508 317 582 Karalus
334 533 408 582 cum
425 509 509 581 duce
520 507 658 580 Adberto
675 515 709 576 et
725 505 791 576 filio
809 525 869 576 suo
887 502 971 574 duee
982 503 1124 575 liudolfo
1134 506 1168 573 in

76 602 260 698 adpreende,
319 607 362 678 od
379 606 446 680 dux
462 605 626 700 predictus
637 601 897 694 diligenterfecit
912 604 1059 695 reparari
1074 610 1170 696 prout

76 711 175 794 tenpus
194 707 282 797 pecie
303 716 386 794 atm³
411 707 484 798 quia
501 702 643 774 bmditus
668 711 740 771 erat
762 697 961 771 destructum
979 708 1013 768 et
1033 701 1169 792 insuper

75 811 278 872 erasmum
294 824 355 895 per
370 801 605 888 Thmieenses„
628 807 724 893 prout
746 800 779 868 in
802 798 906 888 gestis
925 799 1001 865 anni
1018 796 1050 866 li.
1069 817 1168 889 supra

74 904 112 962 est
120 893 307 992 descriptum.
325 898 392 969 Sed
400 898 532 970 dimissa
543 893 585 967 ibi
596 894 741 967 custodia
753 896 934 964 exercitum
945 915 1039 963 suum
1047 913 1168 964 versus

72 989 227 1086 iburegum
244 995 361 1068 dnextt
377 999 407 1066 ii.
425 1017 500 1066 non.
519 990 714 1088 septembris
736 993 834 1084 [sept.
846 989 898 1080 4].

75 1139 210 1226 desuem
235 1147 441 1216 iburtceuses
466 1149 559 1214 erdoti
583 1143 717 1228 sueram
740 1161 837 1230 saper
859 1161 921 1211 auo
943 1142 1118 1212 rebellione
1140 1149 1172 1210 el

145 1244 249 1328 quibes
264 1245 446 1313 amoma
462 1245 513 1312 oet
527 1243 687 1311 nobilibus
699 1241 908 1328 presentibus.

106 1369 172 1441 item
184 1396 265 1444 anno
275 1374 421 1469 predicto
438 1374 502 1445 hm.
522 1397 638 1446 mense
650 1369 839 1466 septembri7
856 1375 974 1444 iinon.
988 1381 1084 1465 sept.7
1102 1369 1170 1442 dux

71 1467 201 1556 predictus
209 1473 343 1543 Austris
353 1471 451 1542 Stirie
462 1483 496 1542 et
506 1469 685 1557 Karintbie„
702 1473 848 1541 nacionis
867 1479 975 1539 tamen
993 1467 1035 1538 de
1053 1467 1168 1561 Haps-

69 1583 144 1654 purg⁷
159 1571 250 1638 tercio
267 1568 489 1641 'iburicenscs
514 1567 682 1660 egreditur
705 1570 735 1637 ii.
761 1588 836 1636 non.
860 1564 1024 1660 predicti7
1047 1564 1169 1636 Karolo

69 1680 131 1750 rege
151 1661 203 1734 sibi
228 1665 446 1759 personaliter
469 1665 625 1736 auxilium
649 1661 834 1734 exhibente.
863 1663 925 1749 Qui
947 1662 1167 1734 Thuriceuses

68 1757 153 1830 citavit
167 1784 261 1856 super
278 1786 340 1836 sua
357 1760 537 1833 rebellione
554 1784 630 1833 non.
644 1757 839 1854 septembris
853 1759 952 1852 [sept.
971 1762 1024 1852 5]ᾖ
1041 1757 1167 1830 babens

68 1853 90 1920 in
108 1876 158 1926 suo
179 1865 322 1932 exercitu
346 1863 495 1932 civitates
520 1862 645 1953 imperii
663 1864 697 1928 e²
715 1854 973 1927 Frankenfordia
997 1878 1102 1951 usque
1126 1854 1169 1926 ad

67 1949 221 2041 Augustam
248 1958 411 2029 inclusive
438 1979 502 2028 una
531 1979 604 2026 cum
632 1959 787 2049 episcopo
814 1953 979 2048 Spirensiq
1004 1952 1167 2042 bunensi,

67 2041 151 2118 birico
166 2057 276 2124 comite
295 2053 338 2123 dc
354 2052 582 2144 Wirtenberg,
601 2056 718 2123 confite
735 2051 777 2121 dc
788 2051 1007 2139 Hellenstein,
1025 2050 1109 2121 duce
1126 2049 1168 2120 de

68 2139 237 2242 Heidelberg
254 2163 287 2222 et
304 2154 422 2222 comite
439 2150 482 2220 de
498 2148 622 2220 Buden¹

65 2300 100 2370 lle
117 2327 236 2380 manere
259 2315 402 2398 aliquali
424 2321 634 2402 enumerem,
662 2315 704 2381 de
725 2329 853 2382 recessu
872 2314 998 2380 dantur·
1013 2312 1168 2380 lobannis

137 2413 283 2576 pppecppcr
312 2405 566 2480 oeconomus
592 2418 624 2480 et
648 2429 765 2496 quere,
794 2413 834 2478 de
860 2427 983 2498 mopuo
1009 2411 1167 2478 moeto-

98 2629 163 2706 oux
178 2647 284 2708 autem
295 2637 461 2731 predictus
472 2637 582 2710 habuit
598 2661 690 2710 xmru
708 2639 895 2709 centenaria
919 2637 1123 2729 galeatorum
1135 2650 1168 2709 et

62 2728 188 2821 pedum,
204 2737 289 2804 inter
307 2755 388 2827 quos
398 2738 544 2829 precipui
565 2736 697 2806 bierunt
713 2735 834 2806 domini
850 2734 1003 2808 Iohannis
1022 2737 1167 2830 episcopi

62 2820 303 2903 Constantiensis.
321 2831 383 2916 Qui
400 2841 511 2902 tamen
528 2855 547 2902 a
564 2831 649 2903 duce
666 2836 805 2905 recessit
822 2835 863 2902 iii.
875 2853 951 2902 non.
971 2829 1166 2925 septembris

62 2920 138 3015 [sept
154 2924 190 3015 3]
209 2951 285 2999 cum
302 2939 433 2998 sennim
450 2929 602 3020 galeatis,
626 2951 671 3000 ex
687 2951 728 3000 eo
749 2934 822 3023 quia
840 2927 990 3001 dominus
1008 2927 1166 3002 Albertus

61 3015 253 3114 tuburno,
271 3029 364 3096 cuius
375 3026 590 3098 cancellarius
601 3027 719 3117 marat,
736 3026 838 3097 noluit
855 3046 1014 3114 annuere,
1032 3036 1068 3096 ut
1083 3047 1166 3118 pre-

61 3112 1166 3216 diotusdominusepisoopusConstanticnsisecelesiesuumvexillum

61 3210 182 3306 veteres„
209 3217 270 3290 sub
294 3240 358 3313 quo
375 3219 480 3290 Saevi
502 3225 654 3314 quicum
678 3225 832 3316 episeopo
856 3227 1031 3308 venerant,
1056 3221 1167 3312 etqui

61 3307 122 3382 olias
137 3337 203 3385 eum
220 3316 306 3387 duce
322 3315 467 3409 predicto
485 3321 689 3408 exstiterant
708 3341 769 3391 seu
786 3321 840 3412 qui
857 3339 931 3388 cum
949 3314 1079 3387 domino
1096 3317 1166 3389 At-

59 3398 1166 3507 beruepisoopoi'risingensinatodeHebenbergvenerautprimam

60 3505 221 3580 aciembelii
239 3508 301 3582 sibi
311 3521 426 3604 petere
437 3533 482 3584 ex
492 3515 622 3607 antiquo
639 3517 711 3584 iure
722 3513 925 3584 Swevorum
936 3509 1164 3583 vendicabant.

58 3593 90 3669 u
101 3599 155 3674 beo
168 3607 224 3678 fuit
241 3629 342 3678 causa
358 3629 515 3681 recessus
526 3608 647 3681 domini
665 3613 808 3704 episcopi
820 3607 1094 3699 Constantiensis
1113 3612 1166 3702 qui

59 3695 81 3762 i.
94 3719 158 3771 non
175 3702 370 3797 septembris
383 3707 481 3800 [sept.
490 3706 530 3795 4]
542 3707 720 3800 predictam
739 3728 872 3778 causam
891 3709 941 3776 sui
958 3727 1114 3778 recessus
1131 3710 1165 3775 in

59 3805 144 3868 easbo
165 3821 224 3871 suo
247 3799 376 3872 Gotlieb
398 3803 572 3876 referebat.
597 3803 665 3874 Sed
689 3802 757 3876 dux
780 3803 938 3875 Albertus
961 3802 1165 3895 predictusa

59 3895 178 3968 sarda
200 3920 277 3970 nom
301 3902 426 3972 mensis
450 3911 532 3994 sept.
557 3901 709 3996 predictis
733 3905 878 3974 vastavit
894 3901 1002 3968 omnia
1020 3922 1039 3968 a
1058 3908 1165 3971 castro

58 3981 240 4082 Repreewile
251 3995 397 4091 predicto
407 4019 513 4092 usque
523 3999 564 4070 ud
581 3999 691 4089 villas7
709 4010 743 4070 et
758 3999 930 4070 torcularia
948 3994 1166 4087 incendendo,

59 4088 126 4160 vites
141 4112 218 4164 vero
236 4104 271 4165 et
286 4091 422 4168 arbores
440 4095 651 4191 exstirpando
668 4107 703 4168 et
719 4094 922 4170 ascedente.

86 4213 110 4284 ¹)
121 4223 212 4281 nensis
226 4223 331 4282 scbeiot
345 4241 379 4281 eu
392 4225 488 4284 labben.
516 4226 547 4297 2)
562 4226 589 4284 iu
603 4229 643 4288 bs.
671 4227 702 4297 3)
717 4242 750 4284 so
765 4227 809 4284 die
823 4227 864 4284 bs.
