3010 4822
449 235 622 294 ammona
641 237 894 294 taruennensis.
1162 239 1235 314 553

106 439 200 490 mana
219 418 368 488 eoronari
398 415 573 487 mandavit.
624 413 705 486 ltern
729 415 889 507 generale
913 418 1104 508 passagium
1129 417 1235 488 uttro-
1251 421 1317 482 lttt

100 517 266 586 marinum
283 518 315 585 in
343 511 523 586 subsidium
546 524 635 584 terre
658 523 772 584 saneta
798 511 920 584 indixit.
959 511 1040 584 ltern
1064 514 1233 588 militarem

104 611 253 684 ordinem
277 612 535 707 Temploriorum
558 609 599 682 ab
623 614 754 705 antiquo
779 608 819 682 ab
844 611 986 684 eeclesia
1010 609 1235 707 approbatum,

104 710 260 782 videlieet
276 707 317 780 ab
334 709 480 781 Honorio
495 731 579 804 papa
597 709 758 798 seeundo,
786 720 820 781 et
840 710 1083 804 privilegiatum
1107 713 1235 783 exstir-

104 812 207 902 pavit,
225 818 260 879 et
275 807 316 879 ad
334 810 587 900 suggestionem
602 810 696 898 regia
713 806 852 880 Franoie
869 809 1091 900 perseeutor-is
1114 805 1235 882 domini

103 907 261 981 Bonilaoii
278 928 319 1000 pa
364 958 377 995 ,
397 907 469 999 quia
486 908 519 976 in
537 926 643 998 regno
661 926 723 978 sno
742 903 826 977 ordo
840 905 895 976 ille
918 902 1011 978 bonis
1029 907 1234 1000 quampluri-

104 1011 169 1078 mis
190 1003 300 1076 almnd
343 1015 385 1076 at
435 1003 517 1076 ltem
550 1014 675 1076 seotam
705 1005 895 1095 religiosam
921 1001 1169 1075 Beklrardorum
1200 1016 1235 1077 et

103 1103 314 1176 Beklinamm
344 1101 551 1198 dampnavit,
578 1112 615 1173 ut
635 1110 726 1196 patet
746 1104 779 1172 in
802 1099 1082 1172 eonstitutn'onibus
1110 1106 1178 1177 suis
1200 1107 1234 1175 in

103 1203 265 1274 Clement
316 1200 368 1272 lle
385 1201 532 1292 religios.
548 1199 635 1272 dom.
654 1220 725 1271 ean.
748 1201 826 1270 Cum
844 1203 885 1270 de
900 1201 1102 1288 quibuisdam.
1141 1200 1233 1297 Sep-

104 1305 182 1371 timo
205 1321 292 1370 anno
317 1298 479 1394 quandam
509 1295 711 1370 did'mitivam
737 1298 835 1370 latam
858 1300 891 1369 in
914 1318 1032 1388 regom
1054 1298 1177 1393 Apulia
1201 1311 1234 1372 et

102 1397 216 1470 Sicilie
232 1399 363 1469 nomine
380 1395 561 1491 liopertum
578 1417 639 1491 per
661 1399 891 1489 imperatorem
909 1395 1098 1468 Heinnoum
1126 1401 1233 1491 septi-

102 1517 192 1566 mum
215 1499 373 1584 eassavit,
398 1505 433 1566 ut
455 1503 544 1588 patet
567 1497 600 1566 in
624 1492 741 1566 eadem
765 1492 869 1565 (ilem.
910 1491 963 1564 De
979 1514 1017 1564 re
1034 1493 1098 1566 iud.
1117 1519 1145 1566 o.
1164 1498 1233 1566 Pa-

100 1597 242 1664 emanat.

152 1693 253 1764 Anno
272 1691 393 1764 domini
411 1693 626 1765 meoeaniiii.¹
652 1695 685 1762 in
703 1693 871 1786 provinoia
895 1689 983 1785 apud
1007 1689 1233 1788 Carpentora-

100 1803 169 1862 tum
186 1787 276 1880 obiit
293 1788 347 1860 nbi
363 1801 441 1862 tuno
459 1790 517 1862 luit
533 1792 622 1860 ouria
639 1789 799 1860 Romana.
881 1837 890 1854 .

150 1889 252 1960 Artno
268 1887 389 1960 domini
406 1888 599 1961 mandavi.
616 1886 781 1960 lohannes
801 1911 885 1982 papa
908 1893 1088 1964 vicesimus
1106 1911 1233 1962 seeun-
1249 1889 1318 1948 ¹3¹⁰

9 1995 11 2000 ’
99 1985 187 2074 doe,
214 1988 247 2056 in
265 1985 425 2078 lugduno
447 1985 502 2057 dio
525 1989 665 2079 septimo
688 1989 813 2058 mensis
839 1991 970 2082 augusti
993 2009 1054 2082 por
1076 2007 1234 2082 eompro-

100 2087 295 2157 misaionem
314 2086 439 2158 eleetos
456 2088 489 2156 in
506 2105 637 2178 papam„
657 2081 743 2155 sedit
759 2087 854 2157 annis
871 2085 1052 2159 ootodeoim
1079 2094 1114 2155 et
1130 2085 1233 2161 tribus

99 2179 282 2254 mensibus.
333 2182 396 2254 llio
413 2185 504 2277 prius
524 2191 663 2254 vooatus
679 2179 818 2254 laeolrus
836 2182 878 2254 de
889 2183 1051 2256 Gathuroo
1068 2183 1111 2255 de
1122 2182 1233 2257 Waa-

98 2283 218 2369 eorda,
243 2283 418 2375 episeopus
443 2279 681 2352 Avlnionensis
711 2289 745 2351 et
768 2279 961 2374 oardinalis‚
981 2303 1088 2354 senex
1114 2282 1233 2356 multas

97 2379 226 2470 gratias
244 2376 286 2448 de
304 2378 535 2452 ecelesiasticis
552 2375 721 2450 benefieiis
739 2377 827 2469 feeit,
852 2390 885 2451 et
907 2383 951 2452 ita
967 2383 1109 2474 pingues
1136 2379 1233 2452 olau-

97 2477 194 2548 snlas
208 2475 321 2547 formis
339 2479 518 2568 gratiarum
542 2497 675 2548 suarum
700 2478 850 2570 apposuit
874 2477 1093 2569 generaliter,
1116 2479 1232 2570 quales

95 2585 198 2645 antea
216 2572 257 2644 ab
274 2574 381 2669 aliquo
398 2597 482 2670 papa
501 2595 567 2646 non
585 2584 837 2663 emanaverunt,
853 2587 887 2647 et
903 2575 1105 2669 dispositioni
1118 2587 1233 2648 suetot

95 2673 285 2768 prelaturas
302 2675 504 2763 reservavit
522 2683 599 2766 quot
616 2681 691 2743 ante
715 2675 821 2766 ipsum
842 2677 1056 2744 eommuniter
1078 2675 1121 2744 ita
1144 2693 1231 2744 eon-

96 2770 221 2844 snltum
234 2791 301 2842 non
318 2781 398 2843 erat
442 2771 592 2843 Vaeante
608 2769 691 2842 sede
708 2770 856 2842 Romana
875 2793 934 2866 per
950 2770 1035 2844 duos
1052 2791 1157 2842 annos
1173 2773 1231 2844 vel

95 2866 1231 3061 tttltttttttttttjtrttlttttttttlttt:

93 3062 186 3136 tibus
203 3062 395 3159 quibusdam
412 3087 457 3138 ex
474 3067 513 3138 iis
530 3068 617 3158 ignia
638 3085 821 3138 suooensua
839 3075 890 3139 est
907 3068 939 3137 in
957 3067 1107 3152 civitate„
1133 3075 1166 3137 et
1183 3070 1232 3140 sie

93 3185 143 3234 ex
161 3165 279 3233 timore
295 3167 381 3255 ignis
399 3166 514 3237 exiere
536 3163 697 3235 oonolave
715 3172 749 3233 et
771 3174 847 3234 sunt
863 3162 1013 3256 dispersi.
1044 3159 1112 3233 Sed
1136 3163 1230 3257 lapso

91 3271 248 3355 tempore
273 3264 359 3332 eirea
382 3260 465 3335 duos
490 3283 594 3334 annos
617 3283 680 3333 rex
710 3260 848 3332 Franeie
873 3264 962 3354 ipsos
986 3259 1170 3334 cardinales
1188 3259 1230 3332 ad

91 3357 293 3451 Lugdunum
311 3363 457 3450 voeavn,
475 3357 528 3430 ubi
546 3363 664 3456 ipsuma
682 3369 717 3432 ut
733 3357 920 3452 predieitnn
938 3358 1122 3450 elegerunt.

145 3456 303 3528 Seoumo
326 3479 413 3530 anno
437 3460 559 3529 auriam
579 3468 613 3528 et
636 3479 674 3531 se
701 3455 742 3526 ad
764 3455 967 3530 Avinionem
990 3457 1170 3548 transtulit,
1197 3469 1230 3530 et

90 3557 344 3628 eonstitationes
373 3553 595 3628 clementinas
623 3553 820 3651 publicavit,
844 3565 879 3627 ut
901 3553 1033 3626 videtur
1055 3558 1088 3627 in
1114 3579 1229 3628 earum

90 3655 254 3750 proemio.
306 3653 368 3726 llio
391 3653 554 3748 quendam
582 3657 771 3749 episeopam
790 3651 1071 3745 Cathuroensem,
1089 3675 1228 3748 quocum

90 3761 172 3824 ante
192 3761 345 3845 papatum
363 3752 499 3846 paeifioe
516 3773 582 3823 non
599 3753 694 3842 vixit„
719 3749 893 3842 degradari
918 3749 994 3822 feeit
1011 3749 1177 3824 Avinione
1194 3755 1228 3822 in

88 3847 225 3946 publioo
242 3853 448 3940 oonatsmrta
467 3860 500 3921 et
515 3848 644 3921 tradidit
660 3852 750 3921 ourie
771 3849 920 3922 seculari.
957 3848 1019 3920 llio
1036 3873 1054 3920 a
1072 3852 1227 3945 pn'noipio

90 3969 157 4021 sue
174 3951 388 4042 promotionis
406 3946 505 4020 valde
522 3947 647 4040 rigidus
665 3949 723 4020 luit
740 3945 934 4020 habentibus
957 3948 1050 4043 plura
1068 3945 1226 4019 benefioia

147 4115 178 4183 l)
198 4114 243 4170 die
267 4114 401 4172 aldrueke
426 4115 512 4172 haben
538 4116 595 4173 hier
620 4117 688 4172 noch
716 4115 861 4186 folgenden
887 4115 913 4172 in
940 4115 986 4170 der
1011 4114 1167 4241 Neuhurger
1186 4117 1225 4172 lns.

87 4186 237 4243 lellenden
256 4193 326 4241 satu:
347 4187 389 4242 die
407 4187 534 4242 noestno
553 4187 653 4244 mensis
673 4186 761 4259 aprilis
781 4187 948 4258 pontificatus
969 4186 1009 4241 sui
1029 4203 1099 4242 anno
1138 4187 1223 4245 ocimo

86 4261 126 4314 ita
146 4257 202 4328 legi
222 4258 249 4312 in
268 4257 417 4314 authentica
436 4257 573 4330 scriptura.
