2882 4818
254 235 325 306 170
553 231 717 288 llATTllldS
736 229 1076 288 NUEWENBURGENSlS.

252 407 333 478 Erat
350 409 437 478 enim
455 429 518 478 rex
534 409 702 478 animosus
714 405 824 477 valde.
858 405 1034 480 Australes
1052 415 1161 478 autem
1179 401 1289 476 lrulrito
1300 425 1379 476 oon-

255 506 327 578 silio
351 506 533 576 exereitum
558 527 653 576 suum
675 503 935 592 declinaverant,
962 513 997 574 ut
1019 506 1110 576 acies
1136 507 1228 595 regis
1253 501 1381 574 obvium

255 603 359 676 solem
377 601 547 690 haberent
575 605 654 696 ipsis
680 599 959 694 aggredientibus.
1011 599 1189 696 Multisque
1212 599 1290 671 lrinc
1313 599 1382 670 inde

254 703 371 774 occisis
390 711 424 772 et
437 723 496 796 pre
515 701 625 772 calore
643 701 793 772 extinctis
814 741 858 752 —-
877 703 963 771 inter
976 721 1058 794 quos
1076 697 1152 770 Otto
1169 698 1323 770 dominus
1345 697 1383 768 de

255 797 467 889 Ohsensteim
485 797 653 870 vexillifer
668 794 810 888 Allertt
829 807 862 868 et
878 797 1091 870 Ludowicus¹
1108 795 1277 886 Morrachi,
1296 807 1384 890 pater

254 898 396 969 ualentis
419 897 521 988 Petri7
548 895 694 978 custodis
717 893 1000 984 tauniacensis,
1030 891 1193 966 caloribus
1220 905 1298 966 sunt
1322 917 1384 966 ex·

254 998 342 1066 tincti
355 1039 399 1048 -
411 1017 475 1066 rex
491 997 597 1088 ipsum
608 991 780 1065 Albertum
798 991 1001 1086 aggrediens
1019 993 1115 1064 diuiti
1143 993 1218 1062 Non
1236 997 1386 1078 credetis,

255 1093 383 1165 sedhic
401 1095 572 1183 imperium
589 1092 774 1163 dimitlctisl
798 1090 858 1164 llle
868 1115 952 1164 vero
970 1091 1100 1164 dicens:
1118 1092 1192 1160 lloc
1208 1098 1259 1161 cst
1274 1095 1310 1160 ic
1322 1111 1385 1180 pc-

255 1197 367 1264 tcstotc
384 1191 460 1261 dci!
475 1211 595 1282 regem
611 1193 701 1261 iuxta
713 1190 843 1262 oculum
855 1189 1174 1282 gladiovulneravit.
1201 1189 1386 1260 Pmstratus

254 1298 364 1360 autem
380 1311 444 1362 rex
460 1292 493 1359 in
511 1299 632 1359 terram
649 1309 710 1382 per
727 1291 864 1360 comites
878 1285 1060 1362 silvestres
1079 1296 1113 1358 et
1129 1287 1212 1359 alios
1231 1309 1316 1382 quos
1333 1287 1387 1357 le-

255 1395 357 1476 serat„
380 1409 441 1480 per
465 1385 628 1480 quendam
653 1388 852 1476 armigerum
871 1383 1128 1458 descendentem
1146 1384 1190 1454 de
1207 1405 1310 1478 equo„
1334 1385 1387 1454 le-

254 1493 331 1556 vata
349 1487 423 1574 regi
441 1485 580 1575 golerim
598 1481 725 1554 modico
742 1485 776 1552 in
793 1484 878 1554 collo
895 1493 948 1556 est
964 1481 1105 1555 vulnere
1123 1485 1265 1554 occisus.
1295 1479 1388 1571 Quod

254 1581 373 1654 videns
391 1581 471 1670 dunq
489 1581 613 1652 nullum
631 1581 770 1674 amplius
787 1580 890 1651 occidi
909 1579 970 1652 sed
987 1583 1058 1674 capi
1076 1583 1233 1674 precepit.
1267 1579 1388 1674 Sicque

253 1678 395 1752 Adollus
414 1701 488 1750 cum
511 1687 586 1750 octo
611 1682 706 1750 annis
730 1689 920 1769 regnasset,
944 1679 1062 1750 nolens
1087 1687 1269 1770 expectare
1297 1700 1389 1762 suos,

254 1779 392 1849 stulticie
417 1777 499 1848 iuria
524 1785 576 1848 est
599 1778 742 1864 occisus,
771 1779 859 1845 etin
883 1773 1323 1847 rnonasterioFrowenvelt
1351 1775 1390 1843 ad

253 1885 381 1968 tempus
398 1883 556 1969 presente
567 1870 709 1946 Alherto
727 1883 924 1945 reverenter
941 1873 1099 1968 sepultus.
1138 1871 1192 1942 De
1203 1895 1268 1968 quo
1281 1875 1390 1967 scripti

254 1981 331 2044 sunt
348 1993 488 2045 versus:

401 2090 496 2158 Anno
513 2092 644 2160 milleno
661 2097 843 2158 trecenteno
861 2091 966 2158 atinus
983 2107 1056 2158 uno.

400 2187 438 2256 lo
456 2189 530 2256 irrlii
546 2207 654 2256 mense
669 2206 732 2257 rec
748 2185 915 2274 Adelphos
931 2189 1002 2256 ruit
1015 2205 1097 2256 cnse.

400 2285 463 2355 Pcr
479 2305 594 2356 amous
611 2285 768 2355 destrunt
785 2285 933 2353 Processi
950 2291 982 2354 et
996 2285 1200 2355 Martinicni.

328 2401 424 2472 Victo
442 2412 550 2472 autem
568 2402 660 2490 regis
679 2402 839 2488 exercitu
858 2422 931 2469 cum
949 2421 1013 2472 rex
1028 2421 1089 2493 per
1106 2403 1288 2490 garciones
1307 2423 1393 2494 spo-
1433 2400 1434 2422 l

252 2499 350 2570 lictus
367 2501 500 2569 omnino
517 2497 624 2568 nudus
642 2500 777 2586 iaceret,
801 2493 1015 2588 llloguntinus
1038 2497 1160 2568 scilicet
1185 2497 1228 2566 de
1246 2495 1391 2592 Eppen-

254 2599 338 2668 stein
357 2598 638 2687 consanguineus,
656 2591 856 2664 machinator
873 2592 960 2682 lacti7
980 2615 1055 2664 eum
1072 2593 1193 2666 videus
1212 2595 1318 2684 flevit,
1339 2595 1395 2666 di-

254 2715 351 2766 cens:
370 2714 428 2764 cor
445 2695 692 2766 callidissimum
704 2695 852 2780 periisse.
877 2689 956 2762 Dux
967 2699 1089 2784 autern,
1107 2693 1227 2764 timens
1238 2689 1395 2784 Mogon-

255 2794 355 2862 tiuum
372 2793 517 2882 uariare,
534 2789 614 2861 dixit
632 2793 678 2861 ei:
704 2793 732 2860 A
746 2809 796 2860 rac
813 2809 879 2860 non
895 2793 1061 2882 recedetis,
1078 2809 1150 2862 mcc
1167 2795 1308 2882 negocio
1327 2811 1395 2860 non

251 2887 412 2978 perfecto.

254 3111 304 3184 Dc
321 3114 477 3184 electione
494 3113 617 3183 Atlcrti
634 3115 727 3184 ducis
745 3115 779 3182 ia
796 3130 913 3200 rcpcnr.

329 3287 446 3360 Occiso
468 3293 576 3384 itaque
593 3288 747 3384 Adolpho
764 3287 922 3364 Alhertus
948 3289 1015 3362 dux
1032 3289 1169 3362 Austrie
1193 3295 1325 3366 occisor
1350 3293 1393 3364 alr

255 3383 405 3460 omnibus
423 3385 619 3480 principibus
639 3399 689 3458 est
707 3387 832 3458 electus
852 3387 964 3478 [1298
975 3389 1030 3458 iuli
1042 3385 1121 3480 271,
1141 3389 1395 3483 etAquisgrani

255 3495 309 3556 est
327 3483 550 3578 sollempniter
568 3495 742 3558 coronatus
763 3487 854 3577 [aug.
867 3485 943 3575 24].
1055 3488 1160 3572 Quem
1179 3510 1265 3582 papa
1283 3486 1397 3559 Boni-

255 3583 360 3654 laeius
379 3580 432 3652 diu
449 3580 523 3652 odio
541 3601 761 3676 persequens,
786 3593 819 3654 et
840 3584 916 3656 lese
941 3586 1118 3656 maiestatis
1137 3587 1275 3656 crimine
1298 3608 1396 3658 reum

256 3679 383 3770 dicens„
409 3677 540 3750 tandem
558 3681 704 3750 similiter
722 3702 797 3750 eum
815 3680 973 3752 inedium
991 3685 1082 3772 regis
1100 3679 1241 3752 Francie
1261 3707 1396 3778 appro-

254 3774 356 3850 lravit.
402 3778 507 3866 Quem
525 3774 698 3848 Albertum
717 3800 791 3848 cum
808 3801 892 3872 papa
910 3789 1021 3850 contra
1039 3801 1155 3870 regern
1174 3777 1318 3852 Francie
1335 3784 1398 3850 in-

255 3877 383 3961 citaret,
407 3874 477 3946 ille:
505 3895 539 3946 sc
556 3877 618 3944 lroc
635 3895 700 3944 noc
716 3873 889 3966 scoticum,
913 3879 978 3946 atsi
1000 3878 1111 3946 sibiet
1132 3879 1309 3948 lcrcdilrus
1325 3885 1398 3950 suis

254 3991 392 4062 reprom
403 3982 435 4041 et
445 3976 615 4060 imperinm
626 3973 873 4055 confirmaretur
879 3993 943 4061 per·
952 3977 1068 4062 sedern,
1086 3973 1266 4066 respondit.
1297 3977 1399 4066 Quod

255 4071 364 4140 nisibi
380 4071 480 4158 ficret,
498 4079 558 4139 out
572 4089 606 4140 sc
617 4073 778 4140 Frorrcuru
797 4075 1005 4160 expulsorum
1016 4076 1057 4142 dc
1075 4091 1186 4162 repon,
1204 4083 1265 4142 art!
1280 4095 1398 4162 seper

312 4215 341 4282 l)
361 4215 496 4270 ludowici
516 4215 543 4270 B.
