3012 4820
314 210 492 266 uruouuau
509 209 699 268 manamaur
719 211 823 268 naam
843 185 1082 270 ruraaaruuuu.
1192 211 1259 287 011

136 385 231 462 vicus
262 407 397 460 oroeeas
425 389 518 460 armis
544 389 683 460 xxxviii.
727 387 871 462 Hearico
899 390 1009 481 quirrto
1040 397 1185 478 mortuo,
1210 388 1265 459 vel

133 505 297 579 nusquam
319 493 499 579 apparente
522 496 558 556 ut
585 486 637 557 alii
662 486 832 576 dixerunt,
861 483 1009 558 lotarius
1035 488 1067 556 in
1095 489 1266 580 imperium

132 587 306 656 suceessit.

183 681 267 768 Quia
284 677 449 752 Robertus
467 680 639 754 Guisaartli
657 704 775 774 magua
804 682 880 754 lenit
903 703 962 776 pro
985 681 1126 752 ecelesia
1153 695 1266 756 contra

133 778 292 850 Aletrium
309 783 540 873 imperatorem
553 779 944 874 Constantinopolitauum
958 790 991 849 et
1009 789 1120 850 eontra
1139 781 1265 854 Hemi-

133 899 210 947 eum
227 888 376 972 quartum
392 881 621 974 imperatorem
646 877 821 951 Alamanie
845 886 993 972 tempore
1011 875 1163 969 Gregorii
1181 901 1221 950 se
1244 917 1267 932 -

132 977 215 1065 nnat,
233 977 317 1046 siout
332 979 365 1044 iu
383 979 488 1067 gestis
507 979 580 1048 eius
598 975 753 1067 tutetur,
777 983 811 1046 et
832 979 905 1069 quia
934 977 1098 1046 comitissa
1124 903 1266 1050 mattulis

132 1093 257 1164 magna
275 1073 352 1144 lecit
368 1076 473 1145 eniam
491 1095 550 1169 pro
568 1074 723 1164 eoelesiu
741 1078 859 1145 iustum
879 1072 1020 1162 videtum
1040 1083 1074 1144 ut
1088 1073 1206 1168 aliquid
1224 1074 1266 1146 (le

131 1173 183 1241 eis
201 1169 338 1260 dinatum
357 1182 390 1242 et
406 1175 512 1268 primo
527 1172 569 1242 tle
586 1171 744 1244 liuberto.

184 1267 288 1361 lgitur
311 1280 460 1366 tempure
485 1269 595 1341 llamli
613 1273 831 1364 imperatoris7
849 1273 901 1363 qui
918 1269 1024 1344 diutus'
1049 1285 1100 1345 est
1124 1271 1265 1347 Kanolus

132 1387 283 1458 moesus,
302 1371 354 1460 qut
368 1371 542 1462 imperavit
559 1366 598 1440 ab
608 1390 694 1440 anno
708 1367 827 1440 domini
838 1372 1112 1461 octingentesimo
1121 1381 1267 1463 oomge-

134 1463 1267 1560 simousqueadnongentesimumnonagestmnusecuudumltor-

131 1566 263 1634 mannis
280 1561 386 1635 adhue
403 1567 542 1662 paganis
559 1562 813 1662 opprimentibus
829 1563 942 1638 Gallos
961 1564 1266 1660 atqneGermanoS,

133 1660 277 1734 llarolus
298 1665 418 1756 putenti
436 1683 534 1734 manu
553 1673 664 1734 contra
678 1659 886 1736 Narmannos
897 1667 1002 1756 venit
1024 1663 1173 1759 iactaque
1184 1687 1267 1759 paee

132 1769 169 1831 et
186 1757 375 1830 confirmata
396 1781 454 1855 per
474 1763 733 1850 matrimonium,
753 1783 816 1834 rex
833 1759 1096 1835 Narmauaurum
1115 1761 1266 1856 baptiza-

133 1868 188 1930 tus
205 1868 276 1948 est,
302 1869 335 1930 et
361 1856 403 1930 te
428 1859 636 1931 sacrofonte
665 1883 682 1930 a
708 1859 854 1952 predicta
873 1857 995 1933 llarolo
1012 1870 1186 1955 susceptus
1205 1871 1266 1935 est.

132 1953 178 2028 Et
194 1955 326 2028 taudem
344 1977 418 2027 anm
435 1957 576 2029 Karalus
605 1979 670 2028 nou
695 1967 810 2051 posset
826 1953 1035 2032 Narmaunus
1059 1953 1101 2030 de
1128 1957 1266 2032 Franeia

132 2058 258 2144 eluere,
277 2058 442 2127 noncessit
459 2057 508 2128 eis
525 2059 702 2147 regiones,
720 2078 783 2149 que
801 2057 883 2127 ultra
902 2057 1065 2128 Seeauam
1080 2067 1185 2147 eraut,
1202 2079 1267 2152 que

131 2171 212 2246 pars
237 2173 341 2247 usque
364 2150 461 2224 hodie
493 2152 607 2224 dieitur
634 2151 844 2224 Nurmanuia.
880 2153 918 2226 ln
938 2177 1000 2249 qua
1024 2166 1111 2226 terra
1130 2179 1173 2226 ex
1192 2167 1268 2228 tune

131 2249 239 2320 danes
274 2270 334 2348 pro
360 2249 495 2344 regibus
530 2255 715 2330 commutati
753 2263 837 2322 snut.
882 2251 1019 2347 Fuitque
1046 2255 1169 2347 primus
1199 2252 1267 2326 dux

131 2344 309 2420 Robertus.
357 2345 431 2418 Cui·
445 2352 608 2422 suenessit
632 2348 717 2420 lilius
745 2351 816 2422 eins
834 2349 1050 2440 Guilelmus,
1079 2352 1131 2442 qui
1152 2354 1267 2440 genuit

130 2443 338 2518 Rionardnm.
388 2445 568 2518 lliaoardns
597 2466 680 2518 vero
705 2450 820 2537 genuit
850 2445 1030 2520 seeundum
1058 2446 1264 2518 lliooartlum.

129 2541 193 2612 llla
210 2564 294 2615 vero
311 2543 505 2616 Rieoardum
524 2555 556 2616 et
573 2541 752 2616 liebertum
763 2540 944 2618 Guiseardi.
966 2545 1028 2632 Qui
1039 2565 1104 2616 nou
1122 2543 1180 2614 tait
1197 2543 1265 2616 dux

130 2639 334 2712 Normanate
350 2639 412 2714 sed
428 2641 530 2713 stater
545 2641 637 2713 ducis
656 2641 816 2714 Rieearalt.
843 2641 904 2714 llio
915 2640 1096 2714 seeundum
1115 2663 1264 2715 eonsue-

129 2735 277 2810 tudiuam
295 2742 404 2830 gentis
422 2739 520 2830 illius„
546 2744 618 2834 quia
644 2741 749 2811 minor
774 2739 859 2814 lilius
884 2749 956 2812 erat
977 2739 1088 2828 lueis,
1113 2737 1265 2812 ducatum

129 2857 199 2907 uon
217 2834 335 2908 habuit.
371 2835 413 2908 Et
429 2835 502 2910 ideo
519 2837 710 2932 probitatem
728 2859 822 2910 suam
840 2841 983 2932 experiri
1002 2837 1120 2910 voleus
1139 2859 1264 2933 paraper

129 2944 168 3005 et
189 2933 343 3026 indiguus
362 2937 394 3005 in
425 2933 577 3030 Apuliam
598 2938 699 3008 veuit.
741 2937 820 3008 Erat
847 2958 888 3006 eo
913 2947 1061 3030 tempore
1085 2939 1118 3006 ia
1142 2935 1263 3031 Apum

130 3031 202 3104 dux
219 3029 382 3104 liebertus
401 3032 542 3127 qnidam„
561 3032 690 3128 Apulus
715 3054 851 3125 genere.
897 3033 952 3106 Ad
976 3055 1072 3128 quam
1099 3031 1263 3106 uubanus

130 3127 304 3202 Guiseardi
323 3135 463 3205 veniens
481 3135 584 3225 primo
601 3135 673 3204 eius
691 3133 843 3222 sontiler,
862 3131 981 3203 deinde
1008 3129 1048 3201 ab
1071 3135 1143 3226 ipso
1167 3129 1263 3201 miles

130 3225 269 3300 elleotus
287 3238 348 3300 est.
377 3227 432 3300 Ad
449 3227 535 3301 huno
552 3251 634 3324 ergo
651 3228 831 3301 liebertum
850 3229 966 3300 danem
981 3226 1145 3300 Robertus
1157 3225 1263 3300 Gnis-

130 3323 222 3416 eardi
240 3329 394 3416 veniens,
411 3327 529 3400 multas
547 3326 724 3424 pmbitates
736 3337 847 3399 annua
859 3325 971 3398 hostes
982 3324 1262 3416 ostenditremn-

130 3427 333 3518 aeratasque
351 3423 525 3516 magnifiee
543 3429 576 3495 in
593 3421 828 3497 Normanaiam
845 3423 951 3512 reditu,
970 3423 1103 3497 delicias
1122 3433 1155 3495 et
1170 3422 1262 3495 divi-

130 3522 201 3592 eias
220 3530 307 3591 terre
327 3520 448 3615 Apulia
466 3520 655 3611 diffamavit,
674 3544 776 3618 equos
794 3523 897 3594 mauis
922 3525 1031 3594 aureis
1048 3531 1200 3611 ornatosq
1228 3528 1261 3589 et

129 3617 327 3711 ptolemais
346 3615 466 3692 calceis
483 3624 652 3712 argenteis
670 3620 835 3692 calceatus
860 3624 892 3691 iu
910 3622 1128 3690 testimonium
1145 3637 1259 3689 seeum

130 3714 233 3787 duxit
270 3715 340 3788 llils
359 3727 556 3811 provocatos
575 3713 615 3788 ad
635 3741 673 3788 se
691 3717 894 3812 sequendum
911 3717 1023 3884 plures
1043 3716 1179 3804 milites„
1196 3735 1259 3785 re-

131 3835 254 3886 versus
272 3813 425 3887 celeriter
441 3817 473 3886 in
485 3814 638 3910 Apuliam
650 3837 763 3888 seeum
780 3818 884 3886 traxit.
928 3817 1041 3907 psique
1052 3811 1125 3884 duni
1138 3811 1260 3907 Apulia

130 3907 273 3982 fideliter
290 3915 387 3984 astitit
404 3923 515 3984 anatra
532 3911 743 3984 Gotilredum
755 3912 872 3983 ducem
883 3909 1117 3982 Narmaunum.
1143 3909 1186 3979 Et
1194 3929 1261 3979 nou

130 4007 186 4080 diu
204 4021 278 4104 post
295 4006 438 4082 lieberto
457 4007 540 4082 dnae
552 4011 673 4106 Apulia
684 4009 725 4082 ad
737 4019 874 4082 mortem
885 4017 1070 4100 egrotante,
1081 4005 1123 4078 de
1134 4007 1260 4079 voluu-

131 4116 197 4177 tate
219 4111 320 4203 ipsius
339 4106 429 4179 dranis
448 4107 508 4182 sibi
524 4111 556 4180 iu
576 4108 727 4182 ducatum
756 4111 935 4199 rumesta,
960 4103 1123 4202 filiamque
1146 4107 1261 4204 ipsias„

132 4206 217 4284 siau
245 4203 305 4300 sibi
331 4209 539 4308 prmuisemt
564 4210 595 4279 iu
625 4230 762 4284 taxarem
793 4210 927 4305 aceepit.
974 4206 1083 4279 Parva
1113 4213 1260 4302 tempore

990 4345 1050 4438 aa·¹
1129 4357 1131 4362 ·
