2936 4828
434 179 633 242 cobtttctus
652 184 842 244 tautunsts
1191 191 1215 266 7

87 357 174 432 nibus
198 356 276 430 binc
299 356 378 430 inde
402 355 442 428 ab
465 367 601 453 utraque
624 369 717 454 parte
740 359 798 432 brit
815 362 984 434 seminata.
1003 360 1113 435 Cause
1131 383 1215 436 veno

87 457 176 530 buius
194 454 362 528 discordie
380 459 488 548 magis
505 460 685 553 propinque
703 469 735 530 et
752 459 925 531 manifeste
941 461 1072 533 bremnt
1088 470 1122 531 et
1152 483 1215 532 re-

87 561 175 648 cipue
193 559 279 625 iste:
309 558 383 648 quia
411 553 559 628 dominus
584 556 700 629 Petrus
719 556 760 627 de
778 557 916 629 Grueria
934 557 1060 629 adiutor
1075 483 1215 630 FriEur-

86 655 238 744 gensium
256 662 291 722 et
307 655 370 745 ipsi
387 649 628 744 Friburgcnses
647 677 693 726 cx
709 678 773 726 una
785 665 877 750 parte
889 659 1063 751 petierunt
1081 655 1215 727 utBer-

87 773 206 823 nenses
231 748 428 820 inducerent
451 761 483 820 et
505 752 740 846 compellerent
756 752 963 846 Rudolphum
982 763 1015 824 et
1031 751 1216 825 Johannem

86 850 200 920 iratres
219 847 263 918 de
280 845 370 920 Albo
388 845 516 938 Castrm
534 849 723 922 domicellos
742 859 774 920 et
791 855 975 924 coniuratos
994 849 1158 924 adiutores
1177 874 1217 923 ac

86 945 272 1038 burgenses
291 965 419 1034 eorum„
437 946 478 1017 ad
496 947 692 1019 solvendum
710 945 770 1020 sibi
780 959 853 1020 octo
864 949 961 1020 millia
973 946 1127 1020 libramm
1137 969 1215 1020 mo-

87 1055 157 1116 nete
174 1043 374 1131 Beruensis,
393 1067 489 1138 quam
507 1067 667 1116 summam
684 1050 824 1140 pecunie
836 1045 922 1117 idem
934 1046 1083 1118 dominus
1101 1067 1214 1118 comes

87 1143 122 1214 de
139 1139 285 1212 Grueria
311 1150 344 1211 et
367 1139 440 1212 dicti
457 1141 699 1233 Friburgenses
718 1143 855 1216 eosdem
873 1143 1063 1216 domicellos
1081 1141 1141 1216 sibi
1159 1153 1215 1214 te·

86 1243 150 1311 neri
177 1236 351 1328 dicebam„
375 1249 440 1309 tam
462 1243 587 1310 ratione
611 1237 708 1312 debiti
732 1265 828 1335 quam
851 1245 977 1314 ratione
1001 1240 1214 1335 dampnorum

88 1339 273 1424 mutorum
293 1357 356 1429 que
368 1357 407 1408 se
417 1346 550 1431 propter
559 1335 622 1408 hoc
638 1336 793 1412 babuisse
810 1343 986 1412 occasione
997 1342 1142 1433 ipsorum
1153 1359 1215 1411 as-

88 1433 252 1508 serebant
270 1431 431 1506 Dominus
449 1432 638 1507 Gerhardus
656 1434 698 1506 de
715 1435 874 1508 Valendis
891 1439 1006 1531 petivit
1022 1460 1041 1508 a
1058 1437 1215 1508 Beruen-

88 1531 173 1605 sibus
202 1539 371 1604 trecentas
398 1554 525 1604 marcas
554 1537 683 1624 argenti
706 1537 837 1606 nomine
860 1534 979 1606 domini
1003 1531 1150 1606 Luduici
1172 1531 1215 1603 de

86 1631 252 1718 Bawaria
279 1651 318 1702 se
335 1632 481 1721 gerentis
499 1653 558 1724 pro
575 1631 725 1703 Romano
742 1635 948 1726 imperatore.
965 1629 1126 1704 Dominus
1150 1653 1215 1701 au-

90 1739 149 1800 tem
166 1725 365 1822 Rudolpbus
384 1748 494 1799 comcs
514 1727 555 1798 de
571 1727 727 1818 Nidowe,
745 1732 859 1821 petivit
876 1751 895 1799 a
911 1725 1136 1804 Bemensibus
1153 1749 1216 1798 re-

88 1829 286 1898 stitutionem
298 1827 393 1895 trium
404 1828 561 1916 virorum,
573 1829 626 1920 qui
637 1847 675 1898 se
689 1827 762 1917 [de]
775 1829 907 1898 civitate
919 1849 978 1898 sua
990 1825 1032 1896 dc
1042 1823 1163 1897 Erlacb
1174 1822 1216 1896 ad

88 1927 253 1995 cintatem
260 1921 469 1994 Bemensem
485 1921 719 1996 transtulerunt
736 1933 769 1995 et
786 1921 1038 1996 aBemensibus
1056 1943 1116 2019 pro
1132 1920 1217 1992 bur-

88 2018 244 2112 gensibus
268 2017 401 2091 buerunt
422 2024 562 2115 recepti3
589 2023 622 2091 in
646 2043 710 2116 quc
734 2019 794 2093 sibi
817 2019 920 2094 dictus
938 2043 1050 2094 comes
1068 2022 1217 2091 iniuriam

88 2141 227 2210 gravem
244 2118 365 2190 iactam
382 2139 460 2190 esse
478 2115 657 2190 asserebat.
675 2117 835 2191 Dominus
854 2141 966 2190 comes
983 2117 1026 2189 de
1039 2115 1217 2190 NovoCa·

89 2227 151 2288 stro
168 2217 280 2311 aliqua
298 2213 338 2286 ab
356 2218 436 2311 ipsis
453 2213 678 2290 Bonnensibus
690 2214 862 2288 videbatur
878 2228 1005 2312 petere„
1022 2237 1089 2287 non
1106 2224 1217 2285 tamen

90 2317 226 2404 seriose,
250 2313 313 2387 sed
336 2323 371 2384 ut
393 2324 508 2408 posset
529 2316 738 2388 occasionem
768 2315 907 2409 aliquam
924 2311 1135 2408 pretendere
1159 2333 1219 2406 per

89 2435 181 2505 quam
204 2434 282 2484 cum
304 2409 580 2502 Friburgensibus
604 2433 643 2484 se
666 2423 781 2506 posset
796 2409 1021 2484 Bemensibus
1038 2429 1216 2504 opponere.

88 2508 247 2582 Dominus
264 2505 476 2582 Eberhardus
500 2531 612 2582 eomes
630 2509 672 2580 de
689 2507 829 2604 Kyburg
845 2507 979 2604 petebat
995 2532 1015 2579 a
1031 2506 1219 2578 Bemensi-

90 2605 159 2696 bus,
183 2617 220 2679 ut
245 2609 307 2701 ipsi
331 2609 540 2698 resignarent
562 2609 661 2680 omne
679 2610 729 2678 ius
747 2605 834 2702 quod
850 2609 883 2677 in
901 2609 1033 2678 civitate
1050 2603 1218 2676 Thunensi

91 2702 128 2773 ab
150 2707 225 2799 ipso
250 2714 399 2774 emerant
423 2714 456 2774 et
471 2701 645 2795 habebant,
670 2702 756 2798 quod
773 2703 903 2798 quidem
919 2707 970 2776 ius
989 2700 1050 2776 sibi
1066 2723 1127 2795 per
1144 2699 1219 2772 dio-

91 2811 153 2872 tum
169 2801 339 2874 dominum
349 2797 552 2891 Ludwicum,
571 2825 609 2876 se
626 2825 685 2896 pro
696 2802 919 2873 Romanorum
936 2803 1133 2896 imperatore
1150 2819 1219 2890 ge-

72 2911 228 2990 ·rentem
245 2901 430 2972 restitutum
447 2921 534 2974 esse.
552 2900 635 2973 ltem
645 2922 757 2972 comes
769 2898 897 2971 dicebat
908 2901 983 2970 etin
994 2921 1054 2971 sua
1065 2898 1220 2991 petitione

91 3007 217 3088 petens,
240 3018 286 3068 ne
308 2993 350 3067 de
372 3007 483 3068 cetero
507 3001 568 3091 ipsi
584 2997 775 3070 Bemenses
798 3017 858 3090 pro
874 2993 1095 3088 burgensibus
1113 3013 1219 3088 quos·

91 3117 216 3189 cunque
237 3096 462 3189 [reciperent].
480 3095 630 3168 Preiatus
642 3093 791 3166 dominus
802 3092 991 3182 ludwicus,
1002 3112 1127 3184 gerens
1146 3090 1216 3179 [se]

92 3214 148 3284 pro
163 3194 390 3266 Romanorum
406 3195 614 3288 imperatore
637 3215 698 3286 per
720 3214 799 3264 suos
816 3193 946 3262 nuntios
963 3191 1078 3284 petivit
1094 3209 1113 3258 a
1129 3185 1220 3259 Ber-

93 3287 260 3380 nensibus‚
288 3301 323 3362 ut
349 3295 456 3386 ipsum
486 3314 545 3385 pro
574 3293 769 3385 imperatore
796 3288 946 3360 Romano
974 3288 1161 3381 acciperent
1187 3292 1221 3354 et

93 3385 260 3478 baberent„
286 3385 410 3484 sibique
433 3391 467 3460 in
492 3385 641 3460 omnibus
665 3396 817 3480 tanquam
834 3387 1020 3479 imperatori
1037 3381 1219 3469 obedirent,

94 3496 125 3557 et
140 3507 199 3579 pro
216 3485 267 3560 bis
285 3485 498 3580 adimplendis
515 3489 732 3556 iuramentum
755 3483 915 3556 fidelitatis
939 3490 1133 3577 prestarent.
1151 3477 1220 3550 Sed

94 3585 152 3675 ipsi
169 3581 424 3675 Friburgensen
445 3583 551 3674 [licet]
569 3585 741 3676 petitiones
758 3581 839 3654 alias
851 3580 1013 3676 speciales
1025 3578 1067 3651 de
1084 3601 1122 3652 se
1133 3599 1220 3648 con-

96 3691 141 3750 ινα
163 3679 354 3756 Beruenses
377 3703 443 3752 non
466 3689 687 3776 proponerent
709 3688 820 3774 preter
841 3677 1004 3773 predicta,
1029 3687 1138 3748 tamen
1160 3696 1220 3768 pro

95 3777 297 3873 petitionibus
321 3783 464 3850 omnium
487 3778 706 3873 predictorum
723 3799 797 3848 cum
815 3774 964 3847 omnibus
982 3774 1135 3868 predictis
1152 3771 1219 3843 do-

96 3880 189 3948 minis
215 3889 327 3950 contra
350 3877 541 3949 Bemenses
568 3897 606 3948 sc
629 3872 846 3970 opponebant.
872 3870 995 3944 Omnes
1041 3893 1061 3941 e
1084 3867 1219 3983 predicti

97 3973 215 4046 domini
235 3974 335 4047 robur
358 3984 391 4045 et
414 3974 602 4046 audaciam¹
623 3977 812 4068 petitionum
836 3993 969 4043 suarmn
987 3991 1005 4039 a
1044 3970 1124 4061 ipsis
1141 3964 1220 4037 Fn-

98 4069 314 4162 burgensibus
333 4069 549 4168 accipiebant,
574 4073 627 4166 qui
645 4092 705 4146 eos
723 4065 959 4158 maturabam,
977 4069 1049 4162 quia
1068 4087 1106 4139 se
1123 4063 1222 4137 adiu-

134 4203 163 4274 l)
178 4203 305 4262 audacitas
320 4205 362 4262 trs.
