3036 4822
252 239 325 312 378
362 233 515 295 cllttotttct
529 237 707 295 nocensne
719 236 869 294 tttsdfltdt
882 235 1080 296 masuetus
1093 234 1274 294 GObbEGTA.

168 423 238 480 lese
251 412 469 504 notensem
492 412 645 508 oppidum
669 425 703 486 et
721 423 828 485 castra
845 411 928 484 dicta
946 409 1103 484 Sebotten
1119 422 1153 482 et
1169 413 1382 484 munitionem

251 511 487 586 Ermersheim¹
507 511 752 585 destmneruut
778 514 915 601 (muer,
933 512 1064 584 select
1082 511 1185 601 atr.)

301 609 358 683 Ad
384 608 472 682 idem
498 621 628 704 tempus
655 613 801 706 pessima
827 610 894 700 liga
921 608 1007 682 diota
1036 612 1095 680 der
1121 610 1211 680 deod
1234 607 1382 704 predicto
1500 629 1501 692 ζ

252 717 362 783 cestro
377 719 414 779 ut
435 705 646 802 prescribitur
669 705 847 796 subverso,
873 710 906 779 in
923 717 1045 780 mntem
1070 704 1259 800 superbiam
1281 708 1382 793 elate

253 805 338 903 quod
350 827 410 900 pro
421 805 520 878 nihilo
531 805 662 900 putabat
679 809 843 901 principes
856 815 1030 894 temanum.
1047 802 1191 878 barones
1205 816 1239 877 et
1249 807 1382 896 milites,

252 909 395 980 animum
419 923 515 978 suum
539 907 748 978 convertitin
771 904 896 976 elerum
921 901 1164 998 extirpandum,
1185 904 1382 995 infrigentem
1500 905 1501 932 ³

252 1025 369 1076 omnes
386 1000 553 1078 libertates
572 1002 860 1076 ecolesioedoaein
871 1000 1055 1094 ungunta.
1073 999 1133 1076 sub
1143 1005 1277 1094 mugnis
1286 1007 1383 1096 ponit

250 1098 458 1177 inhibuerunt
480 1096 630 1174 onmibus
654 1102 723 1174 suis
747 1099 938 1174 concivibus
962 1100 1165 1188 solemmter,
1188 1102 1259 1174 vini
1282 1121 1389 1178 stne·

251 1202 341 1272 tariis
366 1221 408 1270 ao
428 1199 537 1270 mtrltis
561 1197 633 1272 aliis
656 1196 847 1291 opiieribus.
875 1207 910 1272 ut
933 1198 1042 1270 nullus
1071 1195 1209 1272 auderet
1229 1196 1383 1275 laborare

253 1296 392 1370 clericis.
427 1294 470 1366 El
485 1305 621 1390 propter
643 1294 706 1366 hoo
722 1295 781 1368 luit
803 1305 969 1368 cessatum
985 1298 1019 1370 in
1037 1294 1207 1385 Magantia
1224 1319 1243 1366 a
1262 1294 1382 1370 dimon
1500 1291 1501 1368 l

251 1394 448 1488 permultos
467 1415 584 1480 annos.
602 1392 688 1487 quod
705 1395 799 1466 cives
819 1395 950 1466 minime
967 1389 1136 1479 mntem,
1160 1396 1226 1466 imo
1243 1390 1383 1468 deride-
1500 1459 1501 1488 p

250 1489 340 1579 bont
359 1494 432 1586 quia
448 1489 650 1584 pullulabant
669 1491 734 1581 [in]
753 1491 873 1564 heresi.
900 1491 1052 1580 (Sodaob
1064 1490 1164 1573 359.)

299 1587 343 1662 Et
360 1593 408 1662 eiu
424 1589 467 1660 be
485 1587 550 1660 duc
568 1591 718 1662 civitates
742 1611 817 1662 oum
840 1588 912 1662 aliis
929 1587 1057 1682 oppidis
1073 1588 1200 1660 Suevie
1216 1587 1382 1662 confede-

251 1697 323 1760 rata
340 1687 460 1760 munius
478 1696 702 1759 exercuerunt
717 1686 910 1760 insolentias
933 1695 1045 1758 conbe
1069 1687 1205 1776 clerum,
1232 1686 1333 1760 valde
1350 1689 1383 1762 in

253 1785 429 1857 elationem
453 1785 553 1874 etate,
576 1788 650 1878 quatu
676 1784 910 1877 aliquantulum
926 1794 1119 1878 prosperate
1143 1793 1220 1856 sunt
1241 1783 1383 1877 quedam
1500 1837 1501 1858 2

252 1891 359 1955 eastra
377 1882 633 1975 possidenteset
645 1879 794 1954 domium
812 1885 937 1954 armum
954 1878 1154 1954 obsidentes.
1179 1880 1223 1952 Et
1240 1885 1291 1954 sie
1306 1885 1383 1956 uui·
1500 1891 1501 1970 ἶ

251 2001 340 2050 mum
359 2001 455 2052 sunm
472 1989 708 2052 conrerterunt
717 1980 750 2050 in
768 1979 893 2050 olerum
910 1977 1151 2071 extirpandum,
1168 1981 1383 2070 insurgentes

251 2079 285 2148 in
302 2075 469 2150 libertates
493 2077 645 2150 ecclesie.
681 2077 888 2171 Quapropter
900 2080 937 2148 in
953 2074 1123 2168 Murgentia
1148 2087 1316 2152 cessatum
1334 2086 1385 2153 eet

253 2197 271 2244 a
288 2171 410 2248 divinis
427 2174 622 2268 permultos
641 2195 758 2264 annos,
776 2173 863 2268 quod
874 2176 968 2246 nives
985 2177 1117 2249 minime
1134 2184 1303 2262 euroram,
1319 2177 1390 2247 imo·

253 2269 463 2360 deridebant,
490 2275 564 2366 qnia
592 2270 793 2365 pullulabunt
818 2275 852 2344 in
878 2270 1000 2346 heresi.
1036 2272 1196 2365 Preoipuc
1223 2269 1390 2346 babentes·

253 2367 367 2440 decem
386 2381 420 2442 et
436 2380 510 2441 octo
528 2369 694 2456 articulos.
717 2369 881 2441 multoties
902 2379 1129 2444 convenerant
1143 2375 1325 2442 eumentes
1343 2367 1387 2444 de

251 2465 364 2540 heresi
376 2489 503 2554 eorum,
520 2469 676 2562 precipue
686 2467 754 2555 illa.
772 2467 977 2560 quodnullus
994 2464 1171 2559 presbyter
1182 2468 1385 2558 possitcon-

254 2563 355 2638 licere
372 2585 492 2659 corpus
503 2563 635 2653 Christ,
653 2567 716 2636 nisi
729 2565 790 2636 soli
801 2562 987 2658 presbyteri
1005 2566 1179 2658 coniugati:
1204 2559 1288 2638 item
1301 2583 1385 2658 pro-

253 2659 427 2736 hibuerunt
443 2661 554 2734 dicere
572 2662 651 2733 Ave
668 2659 773 2736 Maria
791 2672 826 2733 et
842 2659 1040 2756 symbolum.
1063 2671 1096 2732 et
1113 2660 1175 2735 alio
1199 2655 1391 2738 huiusmodi,

253 2763 460 2832 mentientes.
488 2763 646 2850 (Beue.)

168 2861 238 2919 ¹383
305 2855 435 2952 [1383)
468 2857 506 2928 In
532 2857 598 2930 illis
630 2855 746 2930 diebus
773 2854 1035 2952 autumpnalibus
1063 2854 1213 2928 dominus
1239 2853 1385 2934 Aaottbs

254 2953 519 3051 archiepiscopus
538 2958 653 3050 exegit
676 2953 855 3030 subsidium
880 2957 956 3028 sire
980 2951 1251 3026 contributionem
1269 2951 1311 3026 ab
1327 2957 1390 3030 iu*

253 3051 334 3125 eolis
345 3051 527 3144 Rinkgaw.
546 3057 598 3146 qni
610 3053 1048 3146 mildense-opposuerunt,
1064 3049 1155 3126 nullo
1172 3048 1271 3125 modu
1289 3053 1386 3146 quic-

254 3172 350 3248 quem
375 3151 454 3221 dare
472 3150 646 3237 volentem
670 3151 789 3222 multus
812 3153 1007 3222 occasiones
1031 3145 1195 3221 evadendi
1221 3151 1386 3240 quesite-

254 3257 340 3336 runt.
365 3251 463 3319 etiem
486 3248 589 3320 mutu·
604 3246 775 3342 opprobria
794 3255 827 3317 et
843 3249 991 3324 convicio
1015 3247 1205 3333 intulerunt.
1232 3247 1331 3324 minis
1356 3254 1389 3319 et

254 3345 396 3417 diversis
416 3345 559 3418 consiliis
578 3348 760 3440 exquisitis,
778 3345 915 3438 qualiter
926 3347 1085 3416 resistere
1097 3353 1130 3414 et
1141 3341 1290 3414 evadere
1302 3363 1388 3436 pos·

255 3451 337 3514 sent.
364 3439 401 3513 ln
413 3440 528 3536 quibus
540 3442 816 3538 nilproieoerunt.
834 3441 895 3516 sed
912 3441 1045 3512 tendam
1057 3439 1240 3514 secundum
1252 3461 1388 3512 omnem

254 3539 456 3611 voluntatem
474 3543 577 3633 ipsius
595 3539 716 3611 domini
733 3539 968 3634 archiepiscopi
984 3541 1125 3632 oportuit
1140 3541 1241 3630 ipsos
1251 3537 1389 3610 solvere

254 3641 616 3731 magnespeouniarum
624 3658 784 3726 summas,
791 3640 942 3731 quamuis
949 3639 1064 3708 invite.
1082 3637 1275 3722 (munem
1286 3636 1390 3724 ret.)

169 3739 239 3797 ¹³85
301 3735 402 3808 Anno
426 3735 669 3806 mccclxnrnr.
695 3739 857 3807 inestate
881 3737 1077 3828 insequente
1101 3730 1244 3804 Adollus
1271 3730 1396 3803 ardoi-

254 3837 429 3930 epdscopus
447 3855 522 3903 cum
540 3831 668 3904 Othone
686 3831 786 3904 ducc²
804 3889 811 3904 .
832 3889 839 3903 .
859 3889 866 3904 .
894 3843 927 3904 el
943 3832 1118 3904 multorum
1135 3831 1274 3901 aliorum
1290 3831 1389 3924 prin-

254 3937 361 4026 cipum
379 3939 412 4004 ct
428 3929 587 4005 baronum
610 3985 617 4004 .
639 3983 647 4002 .
671 3983 678 4002 .
701 3965 709 4002 a
735 3933 867 4004 iamavit
883 3941 1005 4004 terrem
1022 3929 1144 4005 Hessie
1161 3937 1276 4000 contra
1291 3926 1390 4002 item

254 4051 410 4101 mannum
433 4027 665 4120 landgravium
690 4039 723 4100 et
751 4027 879 4100 obsedit
905 4027 1059 4122 oppidum
1083 4023 1211 4099 Gessel.
1248 4025 1389 4096 Etcum

254 4123 373 4202 ibidem
390 4136 524 4222 propter
542 4125 723 4200 firmitatem
742 4131 836 4200 trium
854 4125 1044 4222 oppidorum
1058 4123 1307 4200 Gesselensium
1322 4134 1389 4194 non

310 4247 338 4316 t)
358 4247 475 4302 Sobeab:
494 4246 684 4303 Romerebeim.
722 4247 753 4315 2)
771 4263 825 4304 ron
843 4247 1061 4315 Braunscbtreip.
