2904 4826
394 235 567 298 auruncos
586 237 840 296 onaoomunso.
1110 241 1182 316 537
1286 313 1298 336 ,
1433 221 1435 374 Ι

64 416 138 510 quod
155 436 266 486 rumor
281 425 334 487 est
355 417 440 486 inter
462 415 597 487 eosdem
616 413 764 487 dominos
790 416 978 502 suscitatus,
999 435 1095 508 quom
1119 437 1182 486 rex
1198 427 1267 484 toto

63 516 233 606 intercepit,
251 523 285 584 et
299 534 360 606 per
376 515 540 606 principes
560 513 663 584 extitit
679 511 851 582 dilinitum:
869 515 958 599 qood
972 515 1104 600 ooortdo
1122 531 1182 582 roo
1434 515 1435 558 l

63 615 271 682 Romanorum
283 617 468 700 amnentur,
487 619 562 680 tuno
578 614 625 680 od
636 609 783 693 officiam
795 611 995 680 amantionis
1005 611 1181 680 Brortdea-

63 713 220 798 torpentia
241 717 368 796 apeotot
391 717 552 796 sceptrum
578 711 691 798 repnte
719 717 843 796 terame,-
868 710 919 776 oin
946 715 1053 777 aotam
1079 707 1183 791 [audo

61 811 181 896 repotia
205 809 367 896 coneedit,
395 813 471 876 ttae
492 810 541 876 od
563 806 709 890 officinm
734 809 870 875 nterim
894 807 1094 876 moratione
1121 807 1183 876 doe

61 913 181 994 apertat.
231 906 309 977 Rex
337 914 528 976 autemnon
552 902 592 974 ab
615 901 678 975 hoo
705 907 933 992 oorunationaq
961 901 1022 975 sed
1040 927 1059 973 a
1079 904 1181 998 prima

62 1025 155 1076 annos
172 1006 270 1094 regni
288 1005 339 1076 sui
357 999 467 1075 scribit
483 1014 519 1075 ut
536 1004 634 1096 priua.
687 999 979 1092 Nurenbergensis
997 1003 1111 1091 nives,
1129 1005 1182 1096 qui

61 1121 170 1194 aroge
186 1111 423 1194 apostaverant
439 1109 474 1170 ut
491 1122 589 1195 supra
607 1101 649 1171 ad
666 1101 805 1192 gratiam
821 1099 969 1170 redeunt.

102 1198 226 1269 Eodem
252 1219 339 1268 anno
364 1196 406 1267 de
430 1219 547 1270 manse
571 1196 748 1292 septembri
777 1201 874 1292 [sept.
895 1195 958 1290 13]
984 1196 1181 1272 Ludeuious

61 1295 196 1370 marohio
214 1293 548 1386 Brandenlturgensis
567 1306 600 1367 et
623 1296 693 1367 dux
708 1293 915 1389 Stephanus,
940 1305 972 1365 et
989 1295 1043 1366 alii
1067 1294 1122 1366 iilii
1149 1305 1183 1368 et

59 1392 191 1466 heredes
209 1393 379 1464 Ludewioi
396 1389 438 1464 ob
456 1393 597 1466 eooleaia
621 1390 863 1487 condempnari,
887 1393 1093 1483 Bawariam,
1118 1416 1182 1488 quo

59 1494 110 1564 iuit
125 1513 267 1564 reversa
285 1490 326 1562 ad
344 1495 603 1584 prenominatum
621 1489 836 1562 Ludewioum
854 1511 899 1563 ox
923 1488 1010 1562 obitu
1026 1492 1182 1582 patruelia
1254 1535 1255 1538 =

60 1594 102 1661 sui
120 1589 278 1676 Heimioi,
296 1597 446 1682 utsupra
466 1586 527 1660 sub
544 1591 616 1683 ipso
632 1587 812 1660 Ludewioo
836 1591 1012 1676 inveniam
1037 1586 1183 1660 dividunt

59 1690 133 1760 inter
149 1709 189 1759 se
204 1691 239 1757 in
258 1685 340 1757 duas
357 1695 481 1779 partas,
500 1689 705 1780 superiorem
728 1694 761 1756 et
777 1683 966 1756 inferiorem
982 1685 1183 1775 Baium-iam,

59 1787 95 1855 ita
111 1783 267 1856 videlieet
293 1792 328 1852 ut
351 1793 418 1856 tres
435 1781 577 1872 fratrem
605 1783 730 1857 soiiioet
747 1782 945 1854 Ludowious
968 1779 1132 1876 pradictus
1151 1793 1184 1854 et

58 1882 132 1953 aius
149 1881 350 1952 ludewicus
368 1885 565 1972 eognomine
582 1881 687 1954 dietus
703 1879 873 1954 Romanus
891 1881 964 1973 quia
981 1877 1063 1950 urbe
1077 1881 1184 1954 Rome

57 1989 228 2072 oonoaptus
247 1975 364 2048 atOtto
381 1981 498 2068 iunior5
516 1982 720 2072 superiorem
737 1978 924 2049 Bawariam
942 1997 1015 2048 oum
1033 1981 1184 2050 comitatu

58 2077 195 2148 Palatino
214 2074 334 2148 ereni¹
354 2085 388 2146 et
405 2079 556 2148 comitato
573 2073 616 2146 de
627 2074 808 2170 Graispaoh
826 2073 1051 2162 obtinuerunt3
1069 2077 1184 2170 reliqui

58 2183 119 2246 tres
136 2175 257 2246 dairas
268 2171 471 2266 Stephanus,
489 2172 647 2246 Albanus
659 2172 883 2245 etlohannes2
901 2169 1003 2245 duoes
1022 2173 1183 2246 etiratres

60 2271 242 2344 inferiorem
259 2271 447 2342 Bawariam
465 2269 656 2343 habuerunt.

101 2368 226 2440 Eodem
244 2389 362 2440 mensa
379 2391 420 2439 ao
435 2371 469 2439 in
487 2367 539 2438 die
558 2371 661 2442 saneti
679 2367 837 2460 Gorgonii
857 2370 955 2461 [sapt.
974 2365 1014 2456 9]
1044 2371 1077 2440 in
1103 2366 1184 2439 urbe

57 2467 197 2538 llomona
216 2477 252 2538 et
268 2466 349 2538 loeis
375 2467 491 2539 vioinis
516 2489 557 2537 ao
578 2469 611 2538 in
635 2487 741 2558 ragno
763 2465 884 2558 Apulia
909 2466 1072 2538 maximus
1096 2475 1184 2537 terre

57 2574 155 2636 motus
174 2563 246 2652 tuit,
265 2566 362 2636 etiam
379 2567 484 2634 maior
500 2585 597 2658 quam
614 2563 656 2634 de
675 2585 738 2658 quo
756 2585 854 2656 supra
882 2581 968 2633 anno
994 2561 1183 2656 precedenti

57 2665 84 2732 in
101 2663 286 2734 Alamania.
326 2659 422 2732 Unda
439 2683 484 2734 ex
501 2660 564 2732 hoo
581 2661 722 2733 ecolesia
741 2663 844 2732 sanoti
861 2659 953 2731 Pauli
972 2663 1004 2730 in
1022 2659 1184 2732 Laterano

58 2763 182 2850 corruit„
201 2761 245 2830 ita
264 2758 349 2853 quod
367 2761 427 2831 vix
444 2763 537 2830 tertia
555 2779 632 2852 pare
651 2759 799 2830 eiusdem
826 2761 993 2829 remansit.
1044 2758 1183 2831 Basilioa

59 2855 228 2928 duodecim
247 2856 484 2950 apostolorum,
513 2867 619 2929 turres
638 2866 671 2927 at
688 2857 786 2928 multa
805 2857 867 2927 alia
893 2853 1020 2927 edifioia
1048 2859 1080 2927 in
1103 2855 1184 2928 urbe

58 2966 257 3026 corruerunt
284 2953 440 3026 Similiter
456 2957 488 3026 in
506 2954 627 3049 Apulia
644 2955 741 3026 multa
761 2964 868 3027 castra
886 2963 919 3024 et
935 2957 1079 3024 maxime
1097 2957 1183 3025 oiroa

57 3063 193 3123 montem
214 3050 389 3125 Cassinum
408 3061 609 3122 corruerunt.
637 3051 699 3123 llio
710 3054 807 3122 atium
825 3061 912 3122 terre
931 3061 1037 3123 motus
1055 3051 1185 3124 duravit

57 3171 111 3240 per
127 3161 196 3222 tres
214 3153 416 3243 septimanas
434 3150 491 3221 vel
509 3153 608 3238 eirea„
626 3153 669 3220 ita
687 3149 772 3242 quod
790 3151 822 3219 in
845 3147 898 3217 die
916 3148 1053 3221 naturali
1079 3149 1184 3220 semel

57 3247 214 3320 interdum
232 3257 265 3317 et
283 3246 477 3342 quandoque
493 3244 544 3319 bis
562 3246 688 3334 aooidin
706 3267 772 3318 nou
789 3255 899 3317 tamen
916 3247 959 3314 ita
977 3247 1182 3339 perioulosus

57 3354 144 3435 prout
160 3345 265 3438 prima
283 3344 346 3415 die.
381 3343 423 3416 Et
440 3365 485 3414 ex
503 3344 565 3416 hoo
580 3347 681 3416 territi
708 3344 846 3414 Romani
864 3363 930 3414 non
948 3341 1111 3414 audebant
1127 3345 1184 3414 in-

57 3439 196 3514 habitare
214 3441 330 3516 domos
348 3463 440 3532 suas,
459 3441 569 3516 sedin
587 3445 732 3515 tentoriis
751 3452 784 3513 et
799 3451 892 3512 extra
911 3440 1081 3514 domorum
1098 3451 1183 3513 teota

57 3537 263 3612 dormiebant.
307 3538 427 3613 Similis
455 3549 545 3610 torre
574 3551 682 3614 motus
708 3543 844 3613 iteratus
875 3550 926 3614 est
956 3561 1042 3612 anno
1062 3538 1183 3610 domini

57 3638 230 3710 mcooliii.
248 3640 281 3708 in
300 3641 521 3710 eonversione
539 3643 642 3710 sanoti
660 3639 749 3710 Pauli
767 3641 800 3709 in
818 3637 942 3710 eisdem
960 3635 1116 3732 partibus.

101 3735 201 3806 mmo
219 3733 337 3806 domini
356 3736 490 3806 moool.
509 3739 562 3829 qui
580 3734 637 3805 iuit
663 3732 822 3826 taddeus,
850 3745 884 3806 ut
907 3747 995 3828 patet
1018 3757 1116 3830 supra
1139 3756 1269 3815 ex1350

58 3835 278 3905 eonstitutione
289 3854 374 3927 pape
387 3833 566 3904 Clementis
581 3837 680 3922 sexti
692 3831 733 3904 de
751 3855 867 3908 mense
878 3835 969 3926 aprili
983 3832 1180 3904 Ludewious

58 3927 196 4000 marotia
213 3928 546 4022 Brandenburgensis
564 3934 705 4022 insignia
723 3932 913 4025 imperialiaq
931 3931 1086 4003 videlieet
1102 3931 1181 4000 lan-

58 4045 157 4116 reama
176 4049 238 4120 qua
257 4027 456 4120 perforatum
474 4025 532 4099 init
549 4030 633 4100 latus
652 4028 772 4100 domini
790 4031 891 4100 nostri
909 4027 988 4100 lesu
1000 4026 1131 4118 Christi
1150 4037 1183 4098 et

74 4241 80 4252 Ι
123 4172 151 4238 lt
169 4173 242 4230 nicht
260 4173 304 4230 die
322 4175 484 4248 Rheinpialn
502 4176 574 4232 wohl
594 4177 657 4232 aber
671 4175 864 4247 Brundenburg
878 4179 989 4248 gentile
1004 4195 1063 4232 zum
1079 4195 1111 4234 au
1122 4177 1184 4234 thoil

59 4243 139 4302 dreom
157 4245 215 4304 drei
231 4245 340 4307 Brttder.
361 4245 409 4318 2)
428 4245 587 4306 willielmus
607 4247 686 4306 solita
705 4263 735 4306 eo
753 4248 869 4306 tetssen.
