2904 4822
354 227 528 288 mmmous
543 229 588 286 nn
609 227 872 287 cressumovnn.
1131 231 1181 304 39

64 413 91 474 et
105 402 220 474 exinde
235 405 363 496 recepit
384 413 510 497 partem
527 406 639 497 capitis
658 403 806 474 eiusdem
830 413 863 472 et
885 402 1020 473 aliorum
1043 401 1183 496 plurium
1199 417 1269 474 1353

63 511 245 572 sanderum.
263 499 308 570 Et
316 500 403 571 idem
414 501 490 572 iecit
500 500 697 572 Constancie
707 523 765 572 xv.
777 499 841 570 kal.
853 498 994 572 octobris
1007 501 1105 593 [sept.
1118 501 1181 589 17]

62 598 97 669 de
113 597 286 690 sarcofago
304 602 407 670 sancti
425 599 562 690 Pelagii.
586 601 678 670 ouius
697 598 865 690 scapulam
885 601 1047 688 integram
1065 598 1186 669 excidit

61 695 249 788 decarpere
267 699 372 767 suncti
388 695 514 787 Pelagii
537 697 688 767 martiris.
712 693 754 765 Et
772 694 922 767 dominus
941 694 1009 766 dux
1023 694 1186 768 liudolfus

61 796 200 888 sequenti
217 791 272 862 die
290 797 417 886 spinam
434 792 522 864 dorsi
545 790 656 863 habuit
679 795 818 865 martiris
842 792 986 886 predicti.
1003 788 1056 862 De
1074 803 1188 866 sanctu

60 911 134 960 vero
141 887 237 960 Gallo
245 887 436 961 Constantie
447 893 731 964 iterumreversus
739 893 783 961 vi.
791 888 1005 961 kuloctobris
1015 889 1112 983 [sept.
1121 889 1186 979 26]

61 998 89 1058 et
103 991 158 1057 ivit
173 985 254 1057 inde
264 986 499 1058 inWintertur.
517 985 586 1057 Sed
602 989 644 1057 iii.
664 1009 739 1058 non.
759 984 899 1058 octobris
913 987 990 1076 [oct.
999 987 1038 1074 5]
1058 989 1191 1059 intravit

61 1084 256 1174 Thuregurn.
285 1094 318 1155 et
340 1082 383 1154 ihi
406 1094 560 1178 receptus
585 1093 637 1156 est
663 1082 814 1155 omnibus
837 1081 1006 1155 frondibus
1030 1107 1070 1154 ac
1093 1087 1189 1157 sertis

62 1185 226 1254 oomnatis.
245 1180 304 1254 Ad
315 1203 410 1275 quem
420 1179 540 1252 ibidem
551 1181 730 1252 Vallenses
742 1190 906 1252 venerunt
917 1191 949 1251 et
958 1182 1058 1252 multa
1069 1203 1190 1275 pecora

60 1276 280 1372 propinabant.
305 1289 338 1348 et
361 1278 501 1372 quedam
526 1277 585 1351 sibi
609 1278 783 1372 privilegia
801 1277 1027 1369 ostenderunt,
1055 1300 1191 1372 quorum

62 1379 179 1468 copiam
189 1379 318 1468 recepit
335 1385 369 1445 et
385 1373 661 1447 dominoAlberto
673 1374 745 1446 duci
755 1375 892 1446 Austrie
909 1379 1099 1466 transmisit
1118 1398 1191 1448 cum

61 1493 116 1566 qno
125 1471 264 1566 predicti
271 1471 451 1543 Vallenses
463 1477 508 1542 et¹
518 1471 750 1544 Thurecenses
761 1469 1001 1562 discordabant.
1020 1484 1053 1544 et
1069 1496 1192 1567 spera-

59 1567 146 1639 batur
167 1568 257 1662 quod
281 1568 522 1640 dissensionem
548 1591 612 1640 rex
635 1579 726 1641 esset
750 1569 933 1641 sedaturus.
962 1568 1030 1640 Sed
1053 1573 1193 1642 recessit

60 1689 120 1736 non
136 1666 223 1737 lacta
242 1665 416 1738 concordia
435 1663 525 1737 etad
542 1675 654 1760 partes
671 1666 854 1738 inferiores.
872 1665 915 1737 Et
931 1670 964 1736 in
974 1665 1069 1760 Spina
1080 1667 1191 1761 plures

60 1767 203 1834 civitates
222 1765 433 1852 convocavit,
458 1774 491 1834 et
513 1767 602 1858 ipsas
622 1767 704 1834 sicut
727 1773 759 1833 et
787 1767 975 1858 superiores
994 1768 1142 1836 civitates
1160 1772 1194 1834 et

59 1858 180 1933 nobiles
187 1858 331 1931 Swevie
342 1882 459 1954 pacem
475 1863 584 1931 iurare
601 1863 748 1956 precepit
765 1883 826 1956 per
842 1865 1025 1952 ingenium.
1044 1861 1100 1933 Sic
1119 1863 1192 1954 paci

60 1958 205 2046 studens,
224 1957 410 2028 reformans
432 1979 549 2051 pacem
566 1967 754 2028 sanctorum
775 1959 848 2029 loca
866 1961 970 2030 eciam
988 1981 1062 2030 cum
1079 1981 1193 2032 vene-

59 2059 180 2125 ratione
198 2057 348 2126 visitavit
370 2063 404 2125 et
426 2075 540 2124 eorum
557 2055 711 2147 reliquias
735 2078 795 2148 pro
817 2078 918 2150 posse
936 2078 997 2128 suc
1019 2059 1117 2149 peciit
1133 2053 1193 2127 sibi

60 2150 180 2222 donari.
198 2152 495 2238 Qdasrcverenter
502 2151 561 2224 sibi
572 2151 698 2224 oblatas
706 2155 842 2247 reecpit,
854 2163 887 2224 et
897 2152 1193 2224 decenteromatas

59 2247 299 2319 inBohemiam
321 2248 363 2319 ad
388 2247 548 2342 quoddam
568 2249 743 2340 collegium
767 2249 852 2344 quod
875 2249 918 2320 ibi
941 2249 983 2320 de
1006 2269 1095 2321 novo
1112 2249 1194 2320 fun·

59 2343 160 2417 davit2
178 2348 369 2418 transmisit.
394 2345 437 2417 Et
452 2344 643 2420 benedictus
661 2346 744 2420 deus
766 2350 819 2441 qui
843 2368 937 2420 suam
955 2346 1130 2418 ecclesiam
1147 2349 1196 2418 sic

60 2465 117 2534 per
137 2441 340 2514 katholicum
357 2463 474 2533 regem
491 2443 714 2515 Romanorum
732 2442 913 2531 decoravit
937 2446 991 2536 qui
1015 2442 1056 2513 ad
1080 2464 1195 2515 vene-

57 2539 440 2631 randumsuossanctos.
452 2544 500 2612 sic
511 2541 585 2612 zelo
595 2543 869 2635 pietatisexarsit,
880 2551 915 2611 ut
925 2541 1194 2635 perscsepulcra

59 2648 247 2710 sannionum
257 2641 418 2730 pmnixus
436 2641 571 2709 intraret
588 2649 621 2707 ct
638 2659 753 2708 eorum
763 2659 841 2711 ossa
853 2641 922 2709 suis
936 2635 1084 2710 manibus
1096 2640 1194 2709 exci-

56 2745 160 2825 peret.
174 2744 208 2804 et
218 2757 260 2804 ea
266 2744 465 2806 reverenter
471 2733 732 2825 deoscularetur,
743 2745 777 2806 et
786 2734 976 2808 deosculata
985 2757 1057 2806 crum
1068 2733 1193 2806 honore

56 2831 264 2920 reconderet,
292 2841 416 2902 etcum
433 2841 520 2903 tanta
544 2830 721 2903 devotione
745 2830 785 2903 ad
809 2831 991 2904 amandum
1009 2842 1194 2904 sanctorum

56 2927 212 3022 reliquias
231 2930 427 3022 susciperet,
445 2927 529 3022 quod
547 2932 699 3002 sevitiam
715 2927 858 3000 Neronis
877 2941 910 3000 ct
926 2927 1118 3000 Diocletiani
1134 2951 1196 3023 per

58 3046 149 3095 snam
169 3024 390 3096 devocionem
409 3029 590 3190 suqeravit.
608 3029 661 3120 qui
678 3048 739 3120 per
755 3048 870 3098 corum
887 3026 1044 3098 satellites
1062 3035 1195 3097 sanctos

58 3120 97 3190 ad
107 3123 290 3193 martirium
300 3123 454 3216 perquire
476 3133 543 3210 ant.
561 3121 702 3196 llarolus
713 3144 870 3216 vemper
887 3144 925 3196 se
943 3121 983 3192 ad
1001 3120 1195 3192 laudemdei

57 3227 88 3286 et
103 3217 146 3290 ad
164 3217 328 3291 honorem
344 3229 532 3291 sanctorum
549 3218 582 3289 id
599 3229 770 3292 executura.
793 3219 836 3291 Et
859 3223 908 3291 sic
924 3217 1023 3289 linem
1041 3221 1117 3288 anni
1140 3217 1194 3288 liii.

55 3312 196 3386 feliciter
212 3317 391 3409 compleuit
406 3319 440 3386 in
457 3313 647 3408 Maguncia,
669 3316 732 3387 deo
749 3320 890 3407 gracias.

57 3482 229 3570 Quonsorto
246 3487 408 3572 disposuit
423 3487 463 3556 da
481 3487 576 3555 rodas
594 3505 677 3573 quos
689 3494 767 3573 post
780 3503 814 3554 se
831 3486 1096 3574 arciepiscopus
1116 3487 1197 3560 Tre-

152 3585 299 3650 oerensts
314 3583 450 3669 reliquit
465 3581 635 3665 defunctas
652 3591 684 3652 et
699 3586 739 3652 de
756 3587 963 3652 transitumn
974 3586 1021 3654 ad
1030 3585 1101 3653 alto
1113 3588 1197 3656 locu

98 3717 184 3786 Item
203 3737 293 3786 auno
310 3727 420 3787 autem
437 3716 557 3788 domini
570 3718 748 3789 mcccliiii.
762 3739 878 3788 mense
896 3722 1031 3790 ianuarii
1050 3720 1091 3790 ad
1108 3723 1196 3791 civi-

54 3823 157 3884 tatem
185 3813 436 3884 Treverensem
464 3835 527 3885 rex
553 3814 694 3886 llarolus
723 3824 856 3908 quartus
884 3815 1106 3887 Romanomm
1134 3835 1197 3888 rex

53 3913 208 3998 accessit.
228 3919 262 3980 et
278 3907 322 3979 ihi
338 3908 497 4003 disposuit
514 3911 556 3981 de
573 3910 673 3983 rebus
693 3903 773 4006 quas
786 3910 1050 4006 archiepiscopus
1062 3912 1197 3982 Treve-

53 4009 162 4078 reusis
173 4007 305 4100 reliquit
315 4029 461 4078 unacum
473 4013 651 4099 canonicisq
663 4013 716 4103 qui
728 4011 923 4079 unanimiter
934 4007 993 4080 sibi
1006 4011 1196 4103 episcopum

92 4144 122 4210 l)
138 4151 168 4198 et
184 4145 249 4200 lehlt
263 4147 289 4200 in
305 4146 353 4200 der
366 4145 406 4201 hs.
441 4147 472 4216 2)
488 4147 514 4203 in
531 4147 572 4204 die
588 4166 658 4204 neue
672 4148 770 4218 Preger
785 4147 939 4204 domkirchc
954 4165 987 4203 zu
1002 4153 1033 4202 st.
1048 4147 1124 4220 Veit3
1144 4149 1197 4220 agl.

54 4212 140 4269 l'elael
159 4215 247 4284 teet.
261 4216 323 4271 386.
