2900 4820
352 179 878 240 mmmtsuuaweuaunenosrs.
1108 181 1177 256 231

77 353 241 448 opostoboa,
265 375 349 448 sepe
366 357 549 450 peripsum
566 353 716 448 Anglum
731 355 877 450 requisiti
894 374 996 448 super
1012 352 1181 426 reforma·
1196 368 1265 430 1345

76 456 152 522 ciuus
165 463 437 546 attemptatorem,
455 452 541 524 aliud
557 475 624 524 uon
642 452 791 544 iecerint,
814 455 878 524 nisi
895 449 980 547 quod
997 451 1099 544 legati
1117 473 1180 523 se·

76 549 124 639 tis,
138 549 318 624 cardinales
329 550 495 640 uidelicet,
513 549 554 622 ad
571 548 789 622 avertendum
806 549 921 622 fideles
934 549 1037 642 Angli
1055 548 1095 621 ab
1107 553 1179 622 eius

75 652 194 720 servicio
210 646 409 740 nitebantur„
427 652 525 721 etsie
541 671 671 744 paoem,
689 671 786 744 quam
795 647 960 744 Philippus
974 670 1040 719 non
1052 669 1178 720 serva-

74 757 161 835 uerat,
181 769 245 820 neo
266 745 368 820 setles
391 745 573 820 reformare
596 749 685 820 iuxta
708 749 907 843 promissoun
929 754 1179 842 procuraverat,

74 846 128 936 ipse
142 843 273 936 Anglus
292 867 430 916 servare
447 867 514 916 non
536 855 662 939 posset,
688 843 749 920 sed
772 867 811 918 sa
835 855 869 916 et
892 865 971 916 suos
998 842 1179 914 defendere

73 953 238 1032 coporeum
263 945 314 1015 sio
332 941 508 1014 diffidantlo
524 941 715 1038 Philippum.
766 942 946 1036 Statimque
964 963 1038 1014 oum
1055 963 1177 1034 magno

73 1043 197 1112 uerum
219 1044 358 1132 navigio
380 1043 470 1114 iuxta
488 1039 675 1114 blandriam
694 1043 847 1130 veniens,
870 1043 981 1112 oooiso
997 1037 1116 1111 laooho
1137 1037 1179 1110 de

71 1135 200 1210 llartuelt
233 1141 406 1233 capitaneo
434 1137 685 1212 llandreusium
717 1161 777 1234 par
811 1137 970 1232 quosdam
1003 1137 1180 1232 populares

74 1229 107 1323 [i
124 1233 208 1308 1345
226 1235 381 1328 ἰιι1.17],
410 1240 463 1330 qui
479 1233 617 1309 laoobus
641 1237 747 1310 fidelis
764 1235 869 1328 Angli
892 1238 1000 1330 ipsum
1022 1236 1181 1330 reoipirin

72 1336 201 1406 mnium
228 1333 482 1406 Flandrensium
508 1333 689 1426 nitebatur,
716 1336 789 1430 ipse
812 1333 947 1428 Anglus
975 1328 1091 1406 dolens
1120 1354 1181 1427 spe

71 1428 233 1504 huiusmodi
257 1441 312 1506 est
334 1432 517 1506 frustratus.
560 1431 672 1506 Verus
697 1437 786 1506 euim
809 1453 922 1506 eomes
939 1428 1112 1521 Flandrie,
1140 1453 1182 1502 ea

70 1550 120 1618 pue
140 1527 177 1600 ab
199 1531 340 1626 imperio
366 1535 466 1603 tenuit
484 1553 502 1600 a
519 1530 666 1626 predicto
688 1551 938 1623 recognoscens
955 1527 1122 1624 Phlippo,
1149 1537 1182 1602 et

70 1623 101 1694 ob
115 1623 170 1698 hoe
186 1631 314 1700 eiectus
332 1625 374 1698 de
391 1626 557 1718 blandria,
575 1626 836 1702 oommorobotur
852 1625 1023 1722 Philippo.¹

130 1722 312 1797 Obsederat
334 1737 445 1797 eutem
467 1724 554 1798 idem
570 1725 736 1822 Philippus
760 1749 824 1799 rex
845 1749 906 1822 per
929 1746 1008 1798 suos
1031 1735 1182 1820 potenter

69 1821 210 1914 pandam
221 1823 265 1896 de
276 1825 347 1897 suis
358 1821 541 1896 civitatibus
552 1827 641 1896 iuxta
653 1849 759 1916 mare,
771 1824 962 1920 quelavere
973 1826 1046 1917 regi
1056 1823 1183 1917 Anglie

69 1917 230 1994 uidebatur.
274 1922 410 2014 Anglus
428 1932 549 2014 autem,
566 1944 626 2017 pro
644 1933 722 1996 tunc
738 1919 990 1994 blandrensium
1006 1921 1181 1994 frustratus

69 2017 191 2109 ruho,
214 2043 292 2094 oum
316 2042 375 2092 sua
400 2029 521 2112 gente,
545 2021 820 2116 quamvis'louge
839 2023 974 2104 rroinoriq
999 2023 1182 2094 exereitum

69 2113 184 2210 Philippi
199 2116 383 2208 invadens,
398 2117 505 2192 mulis
523 2119 654 2209 occisis„
671 2116 818 2213 pluribus
837 2119 951 2212 oaptis,
970 2118 1041 2190 aliis
1059 2117 1181 2210 iugatis

69 2209 183 2285 obtinuit
200 2219 378 2288 civitatem.
403 2213 446 2288 Et
461 2215 681 2310 progrediens
698 2221 731 2288 in
742 2215 924 2287 Wasoonia
942 2215 1049 2286 multis
1068 2217 1181 2285 muni-

70 2309 195 2384 cionibus
213 2311 369 2404 obtentis
385 2313 499 2386 relicto
517 2312 611 2386 inibi.
625 2370 632 2386 .
646 2370 653 2386 .
667 2321 692 2385 ,²
704 2316 821 2386 comite
839 2312 976 2408 patrueli
992 2334 1066 2400 suo,
1083 2313 1184 2384 milite

70 2409 265 2484 brietissimo
283 2434 358 2482 oum
376 2421 491 2504 gente
508 2415 580 2506 ipse
597 2435 660 2486 rex
670 2413 829 2504 Angliam
846 2421 898 2483 est
915 2431 1085 2481 reversus.
1120 2409 1183 2497 Qui

70 2528 165 2580 comes
182 2508 238 2580 diu
254 2517 348 2582 stans
365 2513 398 2580 in
416 2519 503 2582 terra
520 2509 588 2599 illa„
605 2513 690 2584 initis
707 2509 853 2604 pluribus
872 2505 1072 2580 oonlliotibus
1091 2507 1183 2578 mul-

69 2606 157 2697 tisque
178 2605 357 2680 baronibus
376 2617 410 2681 et
425 2607 497 2678 aliis
515 2611 630 2702 captis
654 2609 829 2701 multisque
849 2608 981 2697 occisis,
1005 2606 1183 2697 gloriosis-

71 2703 138 2772 sime
155 2703 373 2800 triumphavit.
424 2704 545 2776 Senior
562 2707 648 2776 enim
667 2704 709 2776 de
726 2706 885 2794 Pictavim
910 2702 1060 2774 dominus
1079 2701 1184 2774 Mon-

70 2798 130 2888 otti,
157 2825 230 2874 cum
249 2801 315 2874 fibo
333 2825 394 2876 suo
412 2813 525 2898 oapbrs
543 2814 578 2875 et
594 2807 739 2877 moriens
757 2807 790 2872 in
808 2804 1013 2897 captivitate,
1041 2811 1074 2871 et
1095 2823 1185 2872 exe-

70 2900 211 2994 pisper
227 2923 350 2994 popam
362 2901 508 2994 gloriosa
526 2901 632 2992 laetis,
650 2899 746 2974 ambo
758 2909 835 2974 sunt
845 2903 998 2995 preoiose
1012 2896 1184 2993 redempti.

70 2993 276 3092 Quosounque
295 3008 404 3070 autem
421 2997 510 3070 idem
527 3020 640 3072 comes
659 3021 760 3094 super
776 2994 877 3070 fidem
894 2996 1047 3071 dimissos
1065 3005 1098 3067 et
1109 2996 1185 3068 fidei

71 3094 233 3168 violatores
251 3099 350 3190 oepit,
368 3099 441 3170 sine
459 3096 682 3169 miserioordia
701 3097 886 3170 deoollovit.
922 3093 1038 3189 quue
1056 3097 1105 3166 sio
1121 3097 1186 3165 tri-

70 3190 231 3286 umphante
248 3197 337 3266 misit
351 3216 437 3286 papa
449 3193 531 3266 duos
550 3193 734 3269 oardirrales
752 3217 811 3289 pro
822 3215 905 3286 paee
918 3189 1096 3264 traotomda.
1124 3191 1186 3278 Qui

71 3285 296 3387 otPhttippum
310 3291 455 3365 Parisios
473 3295 648 3364 venientes
664 3291 778 3385 Anglo
796 3313 855 3386 pro
873 3289 1034 3362 eonduotu
1051 3285 1092 3358 od
1110 3309 1188 3359 eum

72 3389 211 3460 seniendi
237 3391 449 3485 seripserunt.
501 3390 576 3481 Qui,
601 3390 718 3462 nolens
743 3411 802 3462 eos
827 3391 960 3478 venire7
983 3389 1077 3483 ipsis,
1101 3383 1187 3483 quod

72 3501 135 3554 eum
148 3486 294 3560 Parisius
312 3488 583 3581 prestolarentum
604 3490 783 3582 rescripsit

74 3611 120 3684 lle·
134 3621 347 3691 summum
369 3629 586 3709 processurae,¹
605 3641 695 3710 pope
723 3622 883 3692 Iohannis
906 3639 969 3708 per
996 3621 1189 3692 clemonem
1264 3639 1265 3644 ¹

154 3727 280 3788 metum
296 3729 413 3790 curura
430 3723 639 3792 lodowicum
656 3724 895 3809 honoratorem.

112 3827 234 3903 Eodem
251 3843 412 3928 tempore,
436 3836 562 3907 scilieet
582 3857 668 3907 enno
693 3834 814 3906 domini
831 3834 1037 3908 m.ooo.xl.vi.
1055 3835 1089 3902 in
1106 3853 1188 3902 oeus
1204 3844 1274 3902 tato

74 3925 177 4000 homini
196 3933 281 4024 [apr.
301 3931 379 4023 131,
403 3955 488 4026 papa
505 3944 617 4004 oonba
635 3933 849 4005 bulonicum
866 3934 1045 4032 prinoipem
1063 3927 1189 4001 erude-

105 4049 143 4134 .¹)
161 4059 225 4110 atstt
242 4053 372 4138 Philippo,
396 4057 449 4112 ovio
468 4057 495 4112 Β.
515 4057 561 4113 hot
586 4056 629 4141 (iu.
646 4057 674 4113 0.
696 4057 760 4140 lehlt
779 4057 867 4144 dieses
886 4071 975 4182 panno
994 4069 1050 4126 esp.
1070 4051 1122 4108 wie
1142 4051 1190 4108 olor

75 4133 185 4184 ornere
204 4126 267 4182 ttort
287 4127 335 4182 des
353 4129 603 4197 verbergehendem
622 4147 649 4185 m
664 4130 695 4184 Α.
716 4129 758 4185 tlte
777 4129 866 4186 llalite
904 4143 976 4183 reses
994 4142 1048 4182 uon
1067 4139 1190 4182 eommo-

76 4191 165 4252 robatur
183 4200 240 4269 an),
257 4199 407 4260 varmuthet
420 4199 538 4263 Bbbmor.
548 4198 672 4260 Parisios.
709 4201 740 4272 2)
760 4201 823 4274 gres
839 4198 963 4262 llelnriob
982 4215 1036 4261 von
1056 4195 1153 4274 Derbp.
