3014 4822
252 209 325 288 416
645 211 990 272 ronmnusmmuus.

253 387 308 458 illu
326 384 422 458 domo
440 407 516 458 zum
532 383 631 458 Stork
648 389 722 460 sive
741 409 759 457 a
775 385 905 459 ludaeis
923 385 1016 459 dietis
1033 385 1086 458 die
1099 379 1244 459 Storlron
1262 386 1385 462 emisso

254 485 357 556 fertur
380 487 498 575 sagitta
521 486 623 574 ignita
641 488 674 555 in
691 487 796 577 ipsam
820 489 943 556 curium
967 507 1107 577 eamque
1131 495 1231 556 totam
1254 485 1387 557 oonila-
1491 499 1492 550 ι

255 603 375 672 grasse
398 604 471 652 uum
495 582 603 652 multis
626 582 810 676 privilegiis
828 592 863 652 et
881 578 1004 654 iuribus
1028 578 1236 675 reipublicae.
1274 582 1388 669 Quare

254 681 325 750 irati
343 679 436 750 oives
453 679 567 750 relioto
583 682 663 771 igne
679 702 796 752 omnes
812 677 952 750 ludaeos
979 679 1179 750 trucidarunt
1195 703 1237 752 ae
1253 677 1389 751 tandem

255 779 570 849 exterminaverunt
606 776 700 848 Haec
716 780 759 848 ita
776 787 872 868 gestu
890 797 968 848 esse
992 775 1123 870 quidam
1143 787 1390 848 annotaverumt
1491 783 1492 828 ³

255 885 289 944 et
305 873 409 966 vulgo
427 873 580 961 ereditur,
602 897 677 946 uum
693 885 804 945 nmen
820 873 1038 946 vanissimum
1055 877 1106 946 sit
1141 871 1285 946 ludaeos
1304 893 1389 946 vero

255 973 385 1042 civitate
403 972 516 1064 ptdsos
541 981 666 1042 eertum
683 981 747 1060 est
772 970 833 1044 sed
856 973 978 1042 eurium
1003 971 1232 1062 conflagrasse
1249 991 1319 1042 nou
1336 981 1389 1044 est

253 1065 421 1161 probabile
443 1090 506 1138 neo
523 1091 654 1157 verum‚
678 1090 752 1138 cum
775 1068 830 1138 illa
850 1070 929 1160 ipsa
953 1070 1081 1162 antiqua
1106 1077 1140 1138 et
1161 1071 1227 1138 iam
1252 1067 1387 1140 deserta
1491 1067 1492 1130 ι

255 1167 343 1236 ouria
367 1165 439 1235 iere
462 1168 694 1260 quinquaginta
717 1168 812 1236 anuis
835 1174 951 1256 postea
976 1174 1084 1255 empta
1108 1168 1150 1236 sit
1170 1187 1231 1258 pro
1255 1175 1388 1236 eentum

254 1259 343 1332 libris
361 1261 557 1334 ballensium
568 1286 587 1332 a
598 1264 764 1354 magistris
782 1259 926 1332 fabricae
944 1261 1107 1334 ecelesiae
1125 1265 1228 1332 saneti
1239 1260 1388 1332 Bartho-

255 1360 386 1448 lomaei
411 1357 592 1453 eodemque
608 1359 682 1430 loon
700 1369 815 1453 postea
841 1357 989 1430 edificata
1008 1361 1050 1430 sit
1066 1361 1177 1447 turris,
1200 1362 1245 1428 ita
1262 1369 1299 1430 ut
1315 1362 1389 1452 ipse

255 1455 375 1527 fundm
393 1455 487 1528 huius
506 1461 603 1529 turris
622 1467 750 1551 emptus
769 1459 810 1528 sit
826 1478 844 1524 a
864 1465 994 1544 senatu„
1020 1465 1054 1526 ut
1071 1477 1116 1530 ex
1132 1459 1285 1547 registris
1303 1477 1389 1550 pro-

255 1551 325 1623 bari
342 1562 458 1646 potest.
490 1553 614 1624 Multae
632 1564 742 1624 tamen
758 1552 954 1624 ludaeorum
972 1550 1089 1625 domus
1105 1556 1302 1646 praesertim
1319 1574 1389 1624 von

256 1650 316 1721 der
333 1649 549 1742 Meblwagen
566 1651 609 1721 ad
625 1651 782 1744 templum
804 1660 952 1723 nostrum
973 1660 1049 1721 suut
1067 1650 1139 1722 solo
1157 1661 1333 1743 aequatae,
1356 1659 1390 1718 et

256 1751 329 1842 quia
348 1752 464 1820 annuis
489 1745 642 1820 censibus
668 1757 760 1818 eraut
785 1744 951 1838 obligatae
977 1747 1154 1837 ecelesiae,
1177 1747 1267 1818 brndi
1292 1745 1389 1817 nobis

257 1854 332 1916 sunt
356 1844 539 1935 adiudicati,
563 1848 617 1938 qui
640 1844 758 1915 deinde
777 1843 818 1914 ud
843 1845 1082 1937 ampliationem
1107 1847 1286 1916 onemiten‘i
1313 1851 1389 1917 sunt

255 1940 388 2012 redauti.
425 1941 519 2014 Haeo
542 1941 584 2012 de
607 1943 661 2014 illa
687 1952 800 2034 strage
824 1963 890 2033 ego
914 1940 1045 2012 adferre
1067 1945 1168 2035 potui,
1193 1942 1265 2016 aliis
1290 1963 1389 2013 eom·

257 2041 376 2110 mentis
392 2061 460 2110 uon
477 2038 586 2111 oredo.

305 2137 405 2208 Anno
417 2136 514 2209 1350
521 2135 718 2208 Carmelitae
729 2135 909 2230 oppidanos
923 2139 1223 2209 exeomnruuioatos
1234 2146 1388 2230 putantes

257 2231 367 2304 divina
392 2234 606 2328 suspendunt.
644 2233 701 2304 17.
719 2232 784 2305 kal.
803 2238 934 2324 augusti
954 2255 1014 2327 per
1031 2232 1209 2305 Henrioum
1226 2232 1269 2304 de
1287 2233 1389 2304 Firu-

256 2327 341 2422 berg
364 2331 645 2425 archiepiscopum
662 2330 891 2422 Mogontinum
914 2332 1056 2403 elaustro
1080 2331 1193 2402 clauso
1219 2341 1297 2404 sunt
1319 2353 1389 2400 ex-

256 2427 342 2521 pulsi
359 2439 492 2524 propter
507 2426 710 2499 budoviuum
727 2431 969 2521 imperatorem.
1004 2426 1047 2498 Et
1063 2431 1157 2499 tertio
1177 2450 1284 2500 nonas
1303 2450 1389 2520 sep-

255 2523 390 2598 tembris
414 2525 562 2598 Minores
587 2535 622 2595 ut
646 2524 842 2597 Carmelitae
871 2522 981 2596 divina
1010 2523 1224 2618 suspendunt.
1259 2523 1389 2596 Eodem

256 2641 343 2692 anuo
360 2622 502 2695 Simonis
522 2633 554 2693 et
570 2621 672 2692 ludae
690 2622 911 2716 apostolorum
929 2622 982 2693 die
1003 2625 1080 2712 [out.
1100 2621 1164 2712 28]
1184 2622 1388 2696 Frunoolor-

256 2719 379 2791 deuses
398 2719 438 2790 ab
464 2723 801 2792 exeommunioatione
828 2741 891 2791 seu
906 2719 1148 2810 irregularitate
1172 2730 1308 2813 propter
1326 2743 1388 2790 ao-

257 2819 442 2888 oessiouem
460 2816 617 2887 Ludovioi
641 2827 717 2890 sunt
740 2815 898 2888 absoluti¹
920 2815 1115 2887 aBalduino
1141 2815 1388 2910 archiepiseopo

256 2911 448 2986 Trevirensi
466 2917 691 2986 commissario
703 2913 792 2986 sedis
806 2913 1018 3006 apostolieae,
1037 2935 1133 3007 quam
1150 2917 1387 2987 restitutionem

257 3031 330 3080 oum
348 3014 581 3104 protestatione
598 3021 805 3104 receperunt.
830 3008 958 3081 Eodem
969 3030 1055 3082 anno
1074 3011 1251 3082 elaustrum
1261 3011 1388 3082 Poeni-

257 3108 392 3179 teutium
415 3106 518 3179 indie
543 3111 646 3180 sancti
663 3107 789 3180 Nioolai
815 3107 902 3196 [deu.
922 3107 960 3198 6]
985 3129 1046 3200 per
1062 3106 1296 3180 Heilmannum
1312 3105 1388 3180 Albi

257 3205 445 3276 carnificem
468 3204 576 3278 idest
600 3205 822 3277 macellarium
849 3203 1046 3298 oppidanum
1069 3201 1388 3278 Francofmdeusem

257 3299 470 3390 fundabatur3
488 3305 610 3395 patricii
627 3313 737 3374 tamen
750 3299 989 3394 dieWeyssen
1006 3298 1091 3373 hane
1106 3301 1330 3374 laudationem
1348 3299 1387 3372 ud

258 3417 297 3470 se
316 3399 516 3470 transferunt
532 3409 567 3469 ut
584 3403 682 3470 etiam
699 3402 841 3490 insignia
858 3397 986 3470 docent.

306 3495 408 3568 Anno
436 3495 527 3568 1351
561 3507 657 3570 sextu
685 3518 790 3569 nonas
818 3499 922 3566 martii
949 3495 1197 3586 Predioatores‚
1227 3519 1304 3568 oum
1330 3517 1386 3591 per

258 3595 374 3683 viginti
392 3615 496 3666 annos
515 3592 917 3667 eessasseutuLudovioo
934 3595 1130 3687 imperatore
1144 3596 1277 3666 uivimte
1290 3593 1386 3687 pulsi,

257 3713 388 3768 rursum
416 3690 526 3761 diuina
560 3691 667 3762 offieia
694 3693 857 3784 incipiunt.
896 3689 1023 3761 Eodem
1051 3713 1137 3762 anno
1172 3701 1287 3784 quarto
1317 3687 1386 3760 idus

257 3791 362 3859 martii
378 3809 492 3860 murus
510 3789 676 3860 orientalis
694 3811 735 3858 ao
752 3785 971 3860 meridionalis
989 3791 1166 3859 eoemiterii
1185 3787 1387 3860 sanotiBur-

258 3884 431 3956 tholomaei
457 3887 491 3954 in
515 3887 601 3957 areis
624 3883 819 3956 Iudaeorum
844 3895 897 3958 ast
921 3888 1070 3979 inceptus
1094 3896 1129 3955 et
1153 3882 1211 3955 17.
1229 3883 1294 3956 kal.
1314 3885 1387 3954 iunii

259 3979 492 4075 complebatur.
518 3980 619 4053 Nota:
638 3981 714 4053 Von
731 3980 792 4053 der
808 3980 1028 4073 Meblwagen
1045 4003 1167 4054 versus
1186 3981 1385 4053 oeeideutem

259 4079 375 4152 duetus
393 4089 444 4150 est
460 4083 523 4150 iste
541 4101 666 4167 murus
685 4077 738 4150 ubi
756 4079 833 4149 olim
847 4079 980 4152 luerunt
993 4077 1109 4150 domus
1120 4076 1331 4158 Iudaeorum
1345 4075 1384 4145 de

315 4200 343 4268 l)
362 4207 425 4288 suut
443 4199 559 4258 absoluti
578 4203 649 4258 steht
667 4200 840 4260 sinustdreud
858 4201 925 4260 uaob
944 4199 1147 4272 irregularitata
