3010 4822
287 255 359 334 528
626 253 800 314 llElNlilCUS
819 253 1074 313 llEBDOliFllNSlS.

203 445 272 502 1345
286 431 354 504 Sed
368 429 594 504 nichilominus
608 433 741 527 capiens
756 433 964 526 sagittantem
983 441 1016 504 et
1032 432 1164 520 timens,
1181 450 1224 500 ne
1241 426 1398 524 complices

287 533 563 625 supervenientes
586 533 660 603 viso
684 531 825 602 vulnere
848 532 936 602 illato
964 533 1069 624 ipsum
1096 527 1299 616 occiderentq
1320 529 1400 598 iussit

287 629 514 700 'vulnerantem
534 629 718 701 ascendere
732 628 935 724 palafredum
954 650 1049 700 suum
1067 638 1100 698 et
1115 627 1246 717 urgere,
1263 647 1304 696 ne
1320 627 1400 696 occi·

286 725 420 798 deretur
446 751 464 796 a
494 726 723 822 complicibus,
751 737 784 797 ct
810 730 838 798 si
861 735 1032 797 curaretur
1055 749 1073 795 a
1098 724 1257 812 vulnere,
1280 733 1350 794 tunc
1370 741 1401 791 se

286 833 438 919 tanqtram
457 829 620 920 captivum
638 833 858 919 presentaret„
883 827 932 895 sin
954 833 1062 894 autem
1084 819 1273 908 decederet,
1296 839 1401 913 acap-

154 951 159 959 ·
193 963 196 970 =
286 923 410 993 tivitate
429 923 555 994 solutus
573 933 674 996 esset.
700 921 823 994 Sanato
842 931 949 992 autern
969 919 1113 1016 predicto
1131 920 1230 989 milite
1249 929 1361 1012 captus⁴
1371 937 1402 986 se
1468 931 1469 940 ¹

285 1023 508 1114 presentavih
533 1029 566 1091 et
591 1021 684 1092 miles
708 1041 827 1116 equum
852 1021 1010 1110 sagittarii
1034 1020 1145 1087 tenuit.
1181 1015 1275 1104 Quod
1297 1016 1402 1086 iactum

286 1139 414 1199 summe
439 1121 542 1190 extitit
559 1121 741 1191 virtuosum
766 1129 799 1188 et
817 1115 992 1188 concordat
1009 1114 1094 1186 lacto
1109 1117 1201 1207 regis
1219 1112 1338 1201 nand,
1359 1113 1402 1204 qui

285 1210 421 1288 Saulem
439 1217 602 1296 inimicum
627 1239 721 1287 suum
739 1219 841 1310 potuit
860 1213 1023 1286 occidisse
1046 1221 1079 1282 et
1096 1234 1161 1284 non
1179 1212 1273 1300 iecit3
1292 1210 1335 1281 de
1350 1229 1402 1302 quc

286 1325 337 1406 pe.
356 1311 471 1384 dicitur
488 1308 567 1407 iijq.
586 1335 681 1408 oppa.
701 1315 798 1384 etiam
817 1336 868 1385 an.
888 1311 918 1384 sr.

201 1420 272 1478 1346
335 1411 435 1482 Anno
453 1410 573 1482 domini
591 1411 795 1483 mcccnlui.
809 1409 938 1505 quidam
953 1410 1168 1481 cancellarius
1186 1404 1333 1478 eiusdem
1344 1402 1404 1474 Lu-

273 1509 405 1580 ·dewici
422 1511 554 1580 nomine
572 1511 732 1601 magister
745 1507 876 1580 Ulricus
895 1507 936 1578 de
950 1507 1103 1600 Augusta
1122 1505 1200 1577 obiit
1216 1503 1344 1592 ibidemq
1360 1501 1403 1595 qui

285 1607 407 1701 pluries
432 1610 491 1678 ivit
513 1610 545 1677 in
573 1607 739 1698 legatione
762 1609 864 1701 ipsius
890 1604 930 1676 ad
956 1605 1069 1678 sedern
1095 1603 1307 1698 apostolicam
1330 1611 1357 1672 el
1377 1602 1403 1668 in

286 1707 443 1775 extremis
468 1705 571 1775 voluit
593 1707 626 1775 in
651 1705 817 1775 cemiterio
842 1704 986 1797 sepeliri,
1011 1713 1044 1774 et
1066 1702 1125 1773 iuit
1147 1701 1277 1773 occulte
1300 1701 1404 1770 nauco
1468 1747 1469 1764 r

285 1811 497 1896 procuratus7
526 1805 644 1873 timens
673 1801 756 1873 forte
784 1805 964 1874 sententias
993 1800 1082 1872 sedis
1112 1807 1223 1870 contra
1253 1799 1404 1869 dominum
1468 1779 1469 1854 l

285 1921 380 1972 suurn
396 1900 490 1971 latas
517 1899 585 1970 Sed
604 1903 777 1995 episcopus
800 1899 1022 1991 augustensis
1041 1902 1173 1969 nomine
1190 1896 1232 1966 de
1251 1892 1403 1980 schenah,

284 2007 399 2092 postea
416 2007 562 2069 remotus
579 1995 619 2068 ab
631 1999 821 2092 episcopatu
832 2019 892 2092 per
905 2019 1035 2092 papamq
1054 2005 1165 2068 canna
1181 1993 1403 2066 ordinau’onem
1468 1989 1469 2084 l

161 2131 165 2138 ·
284 2094 427 2166 defuncti
457 2097 551 2167 iussit
580 2119 654 2166 eum
687 2096 911 2189 sollempniter
939 2095 1081 2189 sepeliri.
1117 2093 1245 2176 Eodem
1274 2095 1406 2162 annuet
1468 2091 1469 2162 l

263 2191 431 2264 -secundo
456 2191 519 2264 lral.
539 2195 670 2286 augusti
692 2192 770 2264 obiit
792 2193 894 2264 irater
910 2191 1084 2264 Heinricus
1109 2191 1195 2263 lilius
1213 2189 1321 2260 Geute
1336 2189 1405 2260 iun-

286 2291 379 2361 dator
396 2289 512 2362 domus
530 2291 735 2386 leprosorum
753 2299 845 2370 extra
864 2312 976 2363 muros
994 2289 1214 2379 Eistatenses,
1235 2290 1288 2362 vir
1305 2295 1404 2362 sancte
1468 2291 1469 2374 t

285 2391 354 2474 vite
370 2397 404 2472 et
421 2391 577 2460 memorie
594 2387 785 2478 recolendeq
803 2393 835 2459 in
854 2388 971 2459 eadem
990 2386 1086 2458 domo
1105 2387 1264 2481 sepultus.
1292 2381 1405 2458 Eodem
1468 2377 1469 2448 l

285 2506 475 2559 nuncnova
492 2490 649 2558 memorie
665 2485 764 2578 digna
782 2489 968 2577 insurgunt7
987 2489 1059 2579 quin
1077 2495 1275 2579 procurante
1288 2484 1405 2554 domino

155 2599 157 2604 '
286 2583 457 2654 Clemente
475 2605 558 2678 papa
578 2595 674 2656 sexto
692 2583 833 2655 Karolus
852 2581 936 2657 iilius
954 2585 1046 2673 regis
1058 2580 1332 2677 Bohomie'supra
1348 2599 1406 2649 no-

284 2684 424 2754 minatus
438 2704 457 2750 a
471 2685 612 2776 quinque
627 2681 823 2753 electoribus
836 2685 945 2774 regni„
960 2680 1115 2776 videlicet
1128 2702 1146 2750 a
1161 2675 1405 2752 dominisBald-

284 2781 374 2849 wine
392 2773 638 2873 archiepiscopo
654 2779 870 2868 'lheverensiq
891 2773 1065 2866 Wnlramo
1079 2777 1328 2872 archiepiscopo
1345 2773 1407 2844 so-
1468 2801 1469 2808 ¹

189 2955 191 2962 ¹
283 2876 436 2963 loniensi3
450 2873 591 2947 Gerlaco
604 2878 736 2960 natione
750 2879 901 2958 comitum
915 2875 956 2946 de
971 2875 1115 2966 Nassau⁷
1129 2897 1227 2971 quem
1241 2871 1405 2946 tunc'idem

283 2993 366 3066 papa
385 2972 574 3064 providerat
591 2972 631 3064 ad
650 2974 825 3046 ecclesiam
838 2973 1141 3066 uogununensem„
1159 2971 1311 3067 deposito
1327 2972 1407 3064 prius
1468 3047 1469 3060 p

282 3069 437 3141 Heinrioo
455 3070 699 3166 archiepiscopo
718 3093 815 3166 supra
833 3074 1011 3161 nominatop
1028 3081 1062 3142 et
1077 3068 1225 3142 Iohanne
1242 3089 1328 3160 rege
1343 3065 1407 3138 Bo·
1468 3087 1469 3130 t

283 3167 391 3238 hemie
410 3179 502 3263 patre
526 3172 642 3263 ipsius,
667 3179 700 3238 et
723 3191 740 3239 a
763 3168 903 3240 Rudolio
927 3167 1010 3239 duce
1036 3167 1183 3241 Saxonis
1203 3165 1408 3262 supranomi-
1468 3219 1469 3254 3

283 3269 379 3354 natis,
403 3269 434 3336 in
453 3265 562 3359 odium
580 3263 903 3360 predictiLudewici
927 3269 959 3337 in
983 3287 1100 3357 regern
1117 3259 1342 3337 Rornanorum
1364 3265 1408 3328 esi

105 3401 108 3409 ·
220 3442 223 3448 ,
283 3363 408 3450 electus
431 3361 559 3434 invilla
578 3363 942 3448 lientzeTreuerensis
967 3363 1121 3451 diocesis
1146 3362 1187 3432 de
1205 3382 1325 3434 mense
1341 3359 1407 3429 iulio

282 3463 367 3530 circa
392 3454 510 3532 lestttm
535 3459 632 3533 beate
651 3461 863 3562 hlargarethe
886 3462 954 3552 [iul.
975 3459 1048 3550 ill.
1080 3460 1132 3530 De
1156 3463 1248 3532 ouius
1274 3456 1407 3554 potentia

283 3568 315 3628 et
330 3555 512 3631 'adtestone
529 3557 703 3630 multorum
727 3561 906 3654 principum
931 3568 1006 3630 ante
1024 3559 1219 3629 electionem
1235 3556 1406 3652 predictam

153 3685 156 3692 ⁴
282 3655 340 3726 huit
358 3653 445 3726 lama
468 3656 671 3751 sollempnis.
707 3655 775 3727 Sed
799 3663 914 3751 postea
931 3655 1110 3727 Ludewico
1135 3659 1240 3728 statim
1265 3653 1407 3726 descen·
1468 3697 1469 3700 ,

94 3833 97 3840 1
262 3753 370 3838 ‘delati
388 3752 428 3824 ad
446 3752 610 3842 Rhenumq
630 3762 746 3827 omnes
772 3755 921 3834 civitates
938 3753 1045 3824 Rheni
1063 3761 1096 3824 et
1112 3774 1173 3847 pro
1189 3755 1305 3826 maiori
1318 3755 1406 3846 'pane

167 3899 170 3906 -
283 3849 402 3920 domini
416 3851 626 3946 temporales
645 3855 793 3946 exceptis
808 3849 1005 3924 electoribus
1017 3873 1114 3948 supra
1126 3853 1314 3942 nominatis,
1331 3865 1406 3942 pnt-
1468 3851 1469 3920 f

282 3949 440 4019 miserunt
458 3953 488 4019 ei
506 3948 668 4019 adherere
686 3959 719 4020 et
735 3953 768 4020 in
787 3949 875 4020 nullo
892 3949 1069 4021 advertere
1085 3969 1200 4040 regem
1219 3967 1353 4018 novum.
1468 3999 1469 4034 p

161 4127 162 4132 η
314 4045 456 4131 ¹Eodem
482 4068 568 4137 anno
592 4045 634 4116 de
658 4069 775 4129 mense
800 4049 1067 4138 augustiniuitas
1084 4043 1321 4118 Leodianensis
1339 4059 1402 4112 curu
1468 4051 1469 4060 ³

282 4146 514 4237 episeopo‘suo
532 4143 826 4236 guerramhahuit,
850 4152 884 4215 et
899 4165 973 4214 cum
984 4143 1155 4238 predictus
1173 4165 1281 4214 novus
1301 4161 1361 4212 rex
1376 4139 1401 4204 in
1468 4209 1469 4232 p

282 4237 630 4336 adiutoriumepiscopi
645 4241 875 4336 descenderet„
894 4252 969 4313 aitte
983 4241 1270 4324 adventumsuum
1290 4236 1400 4312 bellum
1468 4233 1469 4284 t
