3010 4822
260 215 334 290 490
589 210 1062 275 ammessnmnnuaents.

177 399 247 460 tete
261 389 352 463 nibus
370 412 467 486 quarn
484 391 625 484 pecunia
640 389 739 463 muto
757 389 932 464 zemram
952 393 1148 465 mamerano
1163 392 1262 464 electi
1279 413 1392 466 nene-

260 501 334 562 rant
356 487 491 562 solvere
514 484 719 560 obsidionem
741 490 839 560 cestri
856 488 987 576 tumn,
1010 487 1053 560 de
1075 511 1141 582 quo
1156 493 1231 564 iam
1254 512 1394 583 pertonsus=

261 597 394 682 propter
404 588 574 678 penuriam
585 585 773 658 victualium
785 584 1192 660 deiecerantdeiensores.
1216 588 1284 660 Per
1300 592 1394 662 cuins

261 684 496 777 archiepiscopi
520 681 727 762 Celerriensis
753 685 967 774 sagacitatem
991 695 1023 756 et
1045 683 1237 760 industriam
1262 685 1397 779 quidm

260 793 411 877 potentes
427 803 474 854 ex
488 780 553 867 tte„
569 782 623 874 qrri
640 789 886 870 convenerant,
905 780 946 852 od
961 783 1263 858 reconciliationem
1278 783 1395 858 arabi-

261 881 405 976 episcopi
422 877 642 952 Trevercnsis
665 876 797 950 indilate
818 876 1045 970 admitunorr,
1068 881 1122 952 alii
1146 889 1233 952 metu
1251 879 1395 955 Coloni-

260 981 352 1052 ensis
369 980 448 1050 tenti
464 976 579 1067 sugam
599 978 725 1049 meant.
759 974 803 1047 Et
825 979 874 1050 sic
896 985 1040 1049 menum
1057 978 1188 1066 Tarm,
1211 978 1299 1072 qued
1322 989 1396 1056 erat

259 1074 427 1150 latibulum
442 1072 623 1168 predonum
648 1083 681 1144 et
704 1074 843 1146 melleus
861 1077 1117 1164 bansemtinm„
1139 1079 1173 1148 in
1196 1085 1396 1169 potestatem

260 1173 396 1248 devenit
423 1171 631 1246 coloniensis
659 1180 694 1244 et
718 1171 938 1244 treverensis
968 1171 1299 1267 archiepiscoporum
1331 1176 1396 1261 Qui

259 1271 357 1359 iliudq
378 1268 543 1342 destructa
567 1279 657 1342 turre
680 1270 826 1362 episcopi
841 1267 1035 1359 Engelbarti
1052 1269 1261 1346 &melenus
1277 1271 1396 1346 proffi-

261 1371 407 1463 episcopi
417 1367 494 1440 olim
504 1363 624 1440 ibidem
635 1376 803 1440 emuncto
813 1366 965 1460 memque
976 1388 1070 1440 muro
1083 1366 1291 1456 rnernetto,
1307 1371 1398 1445 iuter

261 1487 299 1540 se
316 1465 465 1540 undant
481 1485 641 1557 suamque
657 1473 782 1558 partem
800 1460 933 1556 qrribbct
948 1467 1018 1537 suis
1035 1469 1146 1541 mund
1237 1507 1241 1516 ι

308 1563 388 1656 lpso
403 1582 490 1634 anne
507 1560 694 1636 [rudovicus
714 1583 777 1634 rex
793 1561 967 1648 Francius,
989 1562 1247 1638 revelationibus
1270 1562 1398 1638 uvius

260 1673 295 1735 at
311 1663 417 1752 signis
434 1669 583 1754 patenter
605 1656 891 1732 crebrescentibus
913 1661 1076 1748 menos,
1100 1660 1142 1732 ad
1161 1658 1398 1736 liberationem

259 1771 348 1832 torre
365 1767 481 1832 sancte
498 1755 739 1849 expeditionem
760 1759 872 1828 movit
905 1754 1200 1852 lnsbumentisque
1218 1756 1343 1832 bellicis
1359 1771 1400 1832 et

262 1855 420 1930 machinis
438 1853 613 1928 orbicieee
630 1857 817 1946 compositis
835 1875 900 1928 nec
921 1875 988 1929 non
1006 1854 1201 1928 victualibus
1218 1855 1400 1931 affluenter

260 1955 442 2049 preparatis
467 1973 540 2022 cum
564 1973 670 2026 uxore
692 1971 808 2025 secum
832 1949 970 2026 adducto
993 1951 1080 2046 epod
1097 1951 1277 2030 Massiliam
1299 1975 1398 2028 mare

261 2048 463 2138 conscendit,
474 2047 730 2142 tymectumqoe
748 2051 931 2122 civitatem²
948 2071 1022 2125 curu
1040 2048 1233 2143 quibusdam
1244 2048 1398 2126 rannus

261 2152 331 2222 sois
348 2157 544 2240 tempestate
561 2147 752 2240 periclitatis
772 2167 873 2224 aucus
898 2149 970 2242 ipse
987 2150 1152 2240 pervenit,
1176 2146 1232 2222 ubi
1253 2169 1294 2220 sa
1316 2171 1400 2224 cum

261 2250 330 2320 stris
348 2265 506 2319 recreans
524 2243 703 2338 hyemavit.

311 2344 442 2416 interea
458 2343 672 2430 parmenses,
689 2342 790 2433 longa
807 2339 978 2416 obsidione
995 2340 1152 2414 Friderioi
1169 2341 1306 2437 depositi
1324 2347 1399 2416 irn-

261 2443 421 2536 paratoris
449 2440 592 2530 fatigati,
623 2442 713 2511 viam
740 2439 848 2510 eidem
875 2437 1016 2513 nocendi
1042 2439 1242 2514 callidiorem
1269 2439 1400 2517 dudum
1491 2493 1492 2518 r

261 2541 392 2612 fumant
406 2540 591 2609 comentati.
625 2535 794 2631 Siquidem
817 2536 946 2629 quidam
965 2557 1012 2611 ex
1035 2540 1115 2631 ipsis
1135 2537 1334 2631 spectabiles
1348 2539 1400 2615 de
1491 2559 1492 2568 ¹

261 2637 400 2722 Parma,
425 2633 541 2708 dolose
559 2636 725 2707 civitatem
748 2638 841 2727 quasi
865 2633 1038 2725 oonsmgo
1058 2633 1274 2724 deserentes,
1296 2659 1338 2711 se
1363 2647 1401 2710 et

263 2757 322 2806 sua
334 2731 501 2804 Friderico
512 2729 672 2806 dedentes
690 2741 724 2804 ct
740 2735 773 2804 in
791 2734 863 2804 eius
874 2732 1013 2822 mabam
1022 2735 1148 2825 recepti
1165 2731 1226 2806 sub
1239 2743 1399 2827 pereum

262 2829 339 2902 idei
357 2826 525 2924 probanda
548 2827 608 2899 sed
625 2849 747 2900 revera
766 2832 944 2904 intentione
961 2838 1111 2922 corrupta
1129 2834 1270 2907 cementi
1286 2831 1399 2924 perii-

263 2927 381 3015 ciendi,
392 2947 478 2998 voce
490 2946 635 2999 amorem
646 2925 995 3018 pretendentessedin
1004 2925 1104 2998 corde
1112 2926 1398 3016 coiunctiones,

262 3030 296 3098 in
314 3026 430 3098 castris
440 3020 595 3096 Friderici
610 3023 764 3097 videlicet
776 3026 916 3103 civitatis
924 3023 1069 3098 Victoria
1085 3047 1159 3096 orm
1176 3027 1312 3120 renim
1329 3025 1399 3098 ob-

264 3120 444 3196 sidentibus
462 3119 614 3192 Parmam
630 3123 825 3214 impugnare
843 3118 1047 3194 videbantur.
1074 3120 1166 3194 Idem
1183 3133 1295 3198 autem
1303 3122 1334 3196 F
1334 3146 1398 3194 re-

263 3220 394 3292 dcricus
418 3239 493 3290 oum
516 3220 703 3310 quingentis
729 3221 862 3290 armetis
884 3219 939 3290 vel
962 3218 1036 3311 plus
1060 3217 1191 3293 sototu
1210 3219 1254 3294 da
1278 3225 1400 3296 eastris

262 3317 452 3410 frequenter
478 3313 659 3408 procedere
692 3315 733 3384 ad
761 3314 952 3387 venandum
977 3326 1012 3388 et
1037 3337 1121 3388 auca
1210 3339 1264 3393 um
1294 3341 1400 3412 super

262 3418 371 3485 rivum
389 3437 408 3482 a
426 3412 542 3485 Parme
560 3411 733 3486 distantem
752 3415 880 3484 circiter
897 3423 964 3486 tres
982 3414 1105 3489 leucas.
1121 3315 1243 3508 me
1260 3415 1399 3508 predicti

263 3509 455 3601 tronsiuge2
480 3507 755 3601 quenudmodum
782 3531 856 3582 oum
884 3507 1115 3584 Parmensibus
1144 3509 1187 3584 de
1217 3512 1398 3587 traditione

262 3607 420 3680 Friderioi
441 3604 614 3683 machinati
637 3607 780 3695 suerent
797 3629 871 3678 eum
888 3605 941 3677 die
959 3607 1001 3678 ed
1018 3607 1081 3680 hoc
1097 3618 1215 3689 statuta
1235 3609 1317 3700 [leb
1329 3609 1396 3699 18]

264 3704 466 3778 Fridaricum
483 3701 525 3774 ad
542 3705 754 3776 venationem
771 3725 987 3798 progressum
1006 3703 1046 3777 ab
1063 3705 1319 3794 insidiatoribus,
1339 3710 1398 3800 qui

263 3800 448 3876 huiusmodi
462 3799 640 3874 traditionis
654 3803 828 3895 participes
841 3804 921 3894 ipsis
935 3799 1208 3896 cooperaturos,
1219 3803 1400 3879 matema

264 3921 344 3974 esse
361 3899 565 3988 conclusum,
581 3909 719 3992 repente
737 3903 875 3970 tentoria
893 3921 953 3971 sua
971 3899 1183 3973 succendunt
1208 3903 1281 3990 Quo
1296 3903 1399 3991 signo

264 4000 462 4070 Parmenses
475 3997 658 4086 insegniter
671 3995 713 4066 de
729 3999 831 4090 portis
844 4007 1095 4090 prorumpentes
1108 3995 1201 4072 dictis
1214 3997 1398 4088 emerge

318 4145 349 4212 1)
366 4143 428 4213 Vgl.
454 4141 519 4200 tiber
550 4141 643 4198 diesen
674 4141 914 4216 pietabaierischen
940 4144 1087 4201 marschall·
1107 4143 1151 4201 die
1180 4151 1245 4203 note
1269 4143 1399 4202 Bdbmers

267 4219 363 4274 Fontes
383 4214 488 4286 i,185.
524 4214 556 4282 2)
574 4213 688 4271 tinioso
709 4215 756 4272 aui
772 4215 886 4286 Cypsrn.
