2918 4824
251 214 324 288 234
552 201 717 268 ιιιιιιιιιιι
735 207 1077 268 uuuwutttuuuuttsu.

169 404 238 462 teis
253 387 468 460 Wilbelmum
496 386 596 458 filium
624 407 721 460 suurn
748 384 790 457 ad
823 395 945 457 terrem
977 386 1066 458 illem
1092 408 1169 458 cum
1196 391 1323 460 comite
1348 387 1394 458 de

253 483 601 602 llatzenellenbogen,
628 494 703 578 post
730 504 828 579 quem
854 482 942 554 idem
968 483 1054 557 iilius
1082 484 1269 577 spadonem
1299 507 1394 558 more

253 586 418 676 garcionis
440 586 657 678 equitaverat,
681 580 867 655 destinavit.
911 581 1021 654 Timor
1044 585 1132 654 enirn
1157 594 1234 658 erat
1257 595 1396 680 propter

252 683 349 754 litem
359 680 578 775 predictam,
569 701 677 775 ipsum
693 679 921 774 deprehendi
911 703 945 752 ιιι
962 683 1027 754 ιιι.

253 845 304 918 Dc
320 845 472 1014 copfltpttu
488 845 633 934 episcopt
627 844 832 916 Lccdtcasts
850 863 944 933 quam
960 844 1076 916 tabuit
1088 851 1208 916 contre
1226 847 1395 918 ciuitctam

382 962 421 1014 cc
446 962 573 1014 ιιιιιιιιι.

321 1077 404 1150 Cum
429 1086 539 1148 autem
559 1075 700 1148 Karolus
726 1076 852 1148 electus
877 1075 917 1147 ad
941 1077 1195 1149 coronacionem
1219 1075 1398 1150 debuisset

255 1179 374 1265 ivisse
392 1173 512 1246 eodem
530 1195 647 1248 mense
663 1173 731 1246 iulii
748 1177 923 1268 episcopus
936 1173 1129 1248 leodiensis
1146 1187 1290 1270 propter
1307 1199 1396 1271 quc-

257 1275 332 1345 dam
349 1270 519 1345 homicidia
538 1275 596 1342 et
586 1275 720 1344 iniurias
742 1272 831 1343 clero
855 1271 961 1344 illatas
985 1273 1150 1344 civitatem
1167 1271 1396 1346 leodiensem

256 1369 396 1460 obsedit
414 1371 534 1444 volens
551 1367 595 1440 ibi
611 1368 653 1441 ad
671 1368 977 1464 condempnandum
993 1369 1066 1442 illos
1084 1392 1144 1484 pro
1160 1369 1324 1444 tribunali
1334 1395 1395 1444 se-

257 1469 347 1542 dere.
373 1468 538 1562 Adquem
556 1470 759 1560 episcopum,
776 1478 930 1561 tanquam
948 1471 1238 1559 consanguineum
1251 1469 1396 1542 etodiu-

256 1579 361 1640 torem
379 1587 487 1654 suurn
505 1564 593 1636 idern
602 1565 745 1638 llarolns
762 1569 954 1660 properavit
971 1575 1005 1637 ct
1017 1575 1118 1659 pater.
1145 1565 1396 1640 Habuitautem

257 1669 431 1782 episcopus
456 1683 571 1736 secum
593 1666 680 1736 circa
705 1673 833 1758 septem
858 1662 946 1734 milia
971 1663 1188 1755 galeatorum.
1244 1665 1397 1738 Aderant

256 1767 343 1836 enim
362 1762 422 1836 sibi
438 1783 503 1833 rex
518 1759 676 1832 Bohemie
695 1771 728 1832 ot
743 1759 886 1834 llarolue
904 1759 1003 1850 iilius,
1019 1763 1098 1832 item
1115 1782 1233 1836 mmes
1246 1762 1395 1838 Marebie

256 1863 358 1934 frater
375 1863 459 1951 eius,
478 1857 839 1948 mediolanensis,
857 1881 969 1931 comes
981 1858 1160 1949 blancium
1179 1859 1342 1934 dominus
1355 1861 1395 1932 de

256 1955 493 2048 valkenburg,
517 1967 550 2028 et
567 1956 619 2027 alii
635 1956 726 2028 multi
743 1954 896 2030 barones.
940 1955 1102 2030 Miserunt
1118 1913 1232 2030 adtem
1252 1959 1396 2054 quedam

256 2059 406 2130 civitates
423 2057 533 2127 vicine
556 2054 677 2148 populo
694 2051 869 2128 leodiensi
893 2054 1108 2150 quadraginta
1131 2056 1222 2127 milia
1248 2055 1396 2151 peditam

217 2208 222 2216 .
257 2163 468 2243 armatorum,
486 2156 540 2247 qni
558 2174 596 2224 se
613 2157 821 2246 posuerunt
812 2175 844 2224 ιιι
862 2154 972 2226 locum
989 2151 1095 2224 iudicii
1097 2156 1180 2247 qui
1198 2164 1301 2226 exim
1320 2178 1396 2226 mu-

256 2274 314 2325 ros
332 2254 471 2324 ciuitatis
489 2251 560 2340 brit,
579 2271 617 2322 se
634 2250 934 2340 circumvallantes
961 2274 1005 2323 no
1022 2207 1143 2322 ibidem
1159 2262 1283 2344 posset
1300 2257 1396 2346 epis-

258 2371 360 2465 copus
384 2345 697 2444 presidentium
721 2357 830 2420 autem
854 2359 948 2420 exus
971 2349 1080 2420 locum
1104 2348 1195 2420 illum
1219 2351 1397 2443 presidere

258 2450 433 2542 episcopus
451 2450 621 2534 niteretur,
649 2444 831 2540 habitisque
848 2449 933 2518 mter
942 2457 1054 2542 partes
1065 2445 1256 2520 ιιιοιιιιιιιιε
1268 2449 1397 2521 volen-

258 2557 357 2662 teque
373 2544 494 2639 populo
511 2547 686 2616 restituere
703 2544 855 2616 clerum
845 2567 878 2616 ιιι
895 2547 1048 2637 personis
1066 2555 1100 2616 et
1116 2543 1217 2619 rebus
1236 2556 1273 2616 et
1291 2569 1395 2640 snper

258 2645 374 2714 iniuria
393 2641 585 2714 satisfacere
603 2641 645 2712 ad
662 2639 828 2714 arbitrium
844 2643 1017 2714 meliorum
1030 2645 1176 2758 episcopi
1168 2643 1396 2721 adiuturumz,

259 2743 415 2836 episcopo
439 2749 549 2812 entem
572 2749 684 2812 canna
709 2739 880 2812 consilium
904 2763 1039 2813 suorum
1061 2743 1194 2812 omnino
1218 2741 1396 2835 presidere

258 2839 411 2911 volente.
436 2859 516 2908 ecoe
533 2837 662 2954 quidam
679 2835 793 2908 ribaldi
811 2837 853 2908 de
869 2840 990 2934 populo
1008 2841 1165 2933 impetum
1180 2839 1374 2912 incientes
1365 2863 1397 2912 ιιι

259 2938 364 3007 aciem
382 2938 537 3029 equitum
561 2939 616 3030 qui
632 2955 754 3008 versus
779 2945 926 3026 stratam7
949 2934 1004 3008 ubi
1027 2933 1237 3052 popularibus
1262 2936 1397 3032 mbo

259 3036 381 3124 euers,
408 3035 539 3105 fuerant
560 3033 711 3124 ordinati
736 3032 875 3106 eosdem
899 3037 1026 3128 equites
1050 3033 1124 3106 ad
1114 3055 1310 3126 ingressum
1337 3058 1398 3129 per

259 3129 400 3204 eandem
419 3141 553 3206 sunum
571 3131 612 3203 ad
628 3087 784 3226 popdlum
802 3142 1033 3226 provocat-not.
1069 3131 1112 3202 Ει
1127 3131 1395 3223 ingredientibus

259 3233 345 3302 airon
363 3233 550 3324 quingentis
569 3230 708 3323 galeatis
725 3233 910 3326 occisisque
921 3234 1088 3324 inimpatu
1096 3229 1262 3304 ιιιιιιιιιιιιιι
1272 3231 1396 3324 populo

260 3349 325 3400 non
344 3331 489 3417 armatis
507 3327 628 3422 populo
645 3338 872 3402 vercmnctc
888 3327 1395 3422 inequitesimpetumiaciente.

261 3425 435 3520 muneque
450 3429 568 3498 occisis
586 3436 620 3498 et
635 3428 792 3521 precipue
803 3423 1216 3517 domnotevukentmg
1224 3427 1395 3500 mlum·

261 3526 357 3613 simo„
375 3526 544 3617 quingenti
560 3527 720 3616 ingressi,
738 3546 813 3595 cum
823 3524 877 3598 alii
894 3547 960 3598 non
976 3535 1281 3619 sequerentrreos,
1300 3535 1398 3619 puin

261 3630 412 3715 poterant
429 3632 623 3711 evaserunt
641 3631 772 3716 piaque
789 3626 879 3696 acies
898 3626 1043 3716 episcopi
1060 3625 1169 3694 statim
1177 3622 1393 3696 conlusore·

262 3722 363 3792 cessit
382 3719 450 3810 [iul.
464 3718 547 3810 1913
573 3718 765 3794 lulinocnsis
789 3731 899 3793 auem
919 3724 953 3794 in
975 3720 1048 3792 loco
1071 3719 1287 3793 libentissime
1311 3743 1395 3815 per-

261 3820 449 3892 mansisset.

322 3913 541 3990 Venientibus
559 3926 669 3988 antem
684 3939 769 4009 rege
786 3917 944 3990 Bohemie
962 3929 995 3989 et
1011 3917 1078 3990 tilio
1094 3915 1270 3989 treverim
1287 3918 1392 3989 statim

263 4025 430 4086 venerumt
451 4037 540 4088 nova
569 4014 611 4085 de
634 4020 770 4088 transitu
797 4019 890 4108 regis
915 4015 1072 4110 Anglie
1063 4025 1241 4086 interram
1265 4014 1391 4086 Franci.

265 4112 479 4205 Francusque
506 4111 672 4186 Bobemos
705 4136 766 4208 pro
796 4113 954 4186 adiutorio
982 4114 1024 4185 d
1004 4123 1195 4204 enecatur,
1230 4115 1285 4206 qni
1312 4111 1392 4184 illico

267 4208 440 4282 Franciam
458 4219 534 4284 sunt
550 4232 610 4305 pro
610 4211 695 4284 lecti
731 4212 866 4304 Anglus
884 4209 1007 4315 autern
1036 4209 1252 4301 armandiama
1269 4221 1393 4312 partem
