3014 4822
257 265 329 337 4321
668 251 796 317 cisitu
815 258 978 318 onnssmz.

258 437 400 509 claustro
428 432 691 507 praedicatorum
720 431 908 506 Giintherua
945 455 1057 506 comas
1091 455 1110 502 a
1141 432 1384 524 Scbwarnbnrg

256 532 495 625 Thuringensis
514 531 553 603 ab
571 531 714 602 Henrioo
740 529 987 625 archiepiscopo
1010 531 1216 621 moguntiae
1241 531 1384 624 liuperto
1487 543 1488 622 3

257 629 491 702 Winwarden¹
514 627 650 701 cilinio
664 629 831 700 Senoniae
849 627 998 716 ducibus
1016 626 1182 698 ludovico
1200 627 1385 699 marchione
1487 623 1488 688 ἶ

256 727 546 819 Brendeborgcnsi
564 749 626 797 rex
639 727 862 797 Romanorum
881 735 933 796 est
950 726 1093 811 electus3
1115 729 1272 816 regnavit
1288 746 1385 795 mon·-

257 847 313 898 ses
332 825 367 913 2Ἴ
386 824 457 897 dies
475 821 519 911 33
537 823 577 894 ad
597 841 736 895 coronas
754 827 850 914 regni
869 833 902 892 et
918 827 1043 916 imperii
1061 843 1126 894 ncn
1144 826 1309 915 pervenit.

306 921 521 994 anneot-tte
539 920 677 993 Carolus
703 932 837 1013 quartus
862 941 925 990 rex
942 919 1131 1007 notemus
1156 931 1384 1012 praesentatus

256 1019 306 1091 322
324 1019 388 1091 lral.
407 1021 471 1092 iulii
491 1018 530 1090 ab
555 1017 704 1091 omnibus
728 1015 924 1089 electoribus
948 1017 1152 1088 concorditer
1173 1027 1226 1088 est
1249 1018 1385 1105 electus

256 1119 426 1207 inductusq
452 1117 623 1188 exaltatus.
662 1114 1142 1186 labantemlabantem
1166 1112 1385 1206 Sambatags-
1487 1137 1488 1140 ¹

256 1215 341 1306 berg
363 1215 490 1288 incolae
508 1215 614 1285 eidem
632 1217 831 1285 iuraverunt.
872 1212 905 1281 3.
924 1231 999 1282 non.
1019 1212 1083 1282 iulii
1101 1235 1165 1283 rex
1182 1223 1216 1281 ot
1232 1215 1350 1302 regina
1368 1235 1384 1280 a

257 1313 469 1384 Francoiurto
496 1311 615 1382 versus
639 1313 886 1406 Aquisgranum
912 1328 972 1402 pro
1001 1313 1211 1380 coronatione
1239 1309 1386 1380 descen-

256 1412 347 1481 dunt·
371 1409 492 1502 Vigilia
505 1407 613 1479 lacobi
634 1410 704 1498 [inl.
717 1409 780 1498 24]
800 1411 833 1476 in
850 1405 991 1477 ecclesie
1004 1407 1130 1477 blariae
1147 1404 1268 1478 ibidem
1286 1427 1386 1478 coro·
1487 1457 1488 1494 ᾗ

256 1512 330 1579 nati.
371 1507 464 1578 Circa
482 1510 683 1576 nobilitatem
704 1505 828 1576 blariaa
842 1523 904 1573 rex
923 1502 1225 1594 Nuranbergenses
1243 1507 1385 1596 pessime

279 1613 439 1676 ertractat.
1487 1605 1488 1656 t

256 1627 277 1698 p
307 1703 404 1774 Anno
429 1700 546 1774 eodem
565 1725 583 1771 a
603 1701 655 1771 die
673 1699 799 1770 Mariae
818 1697 1039 1790 Magdnlenne
1059 1699 1128 1788 [iul.
1148 1697 1212 1787 22]
1237 1700 1278 1769 ad
1303 1699 1385 1770 diam
1487 1687 1488 1770 J

254 1799 486 1893 purificationis
515 1797 640 1869 Mariae
668 1801 818 1892 proxime
848 1795 928 1886 [lebz
953 1796 992 1884 2]
1024 1795 1173 1866 Francos.
1204 1797 1384 1890 pestilentia
1487 1871 1488 1880 χ

255 1901 352 1967 totius
378 1895 505 1967 mnndi:
530 1899 611 1967 intra
634 1895 681 1965 72
700 1895 770 1965 dies
793 1892 892 1965 2000
908 1903 942 1963 et
958 1893 1041 1963 ultra
1066 1893 1232 1963 hominnm
1257 1891 1384 1964 obiere:

256 1991 401 2064 secunda
421 2015 612 2088 quecunque
630 1991 722 2078 bora„
751 1995 823 2061 sine
839 1993 1020 2083 campanis„
1045 1989 1205 2072 candelis„
1223 1991 1385 2062 sacerdo-

130 2179 133 2184 y
255 2088 353 2179 tibus„
372 2089 419 2162 35
436 2113 501 2162 ona
520 2088 573 2161 die
590 2091 745 2161 tumulati.

306 2188 405 2260 Anno
423 2187 540 2260 eodem
558 2187 649 2258 ludei
665 2207 782 2257 omnes
797 2196 829 2254 at
842 2185 958 2256 domus
978 2205 1091 2254 acrum
1111 2207 1171 2277 per
1188 2195 1288 2256 totam
1301 2187 1385 2257 Ala-

257 2290 420 2356 manniam
438 2287 516 2376 igne
536 2284 703 2357 combusti.

305 2385 404 2454 Anno
424 2382 547 2470 13404ἦ
565 2405 630 2476 quo
647 2381 881 2472 flagellantium
901 2389 991 2452 secta
1009 2383 1042 2449 in
1060 2389 1171 2451 nostra
1190 2379 1385 2452 Alamannia

256 2484 417 2550 turmatim
435 2483 584 2551 civitates
599 2480 711 2550 etlooa
731 2482 927 2572 penetravit„
946 2479 1091 2568 contigit
1110 2497 1225 2547 eorum
1236 2477 1387 2549 manco-

255 2575 392 2648 lordiam
420 2599 636 2672 permagnum
664 2579 785 2646 inuare
822 2597 1002 2646 numerum.
1056 2576 1117 2660 Qnri
1153 2576 1387 2667 inrettigentas,

256 2673 395 2746 ludaeos
414 2677 445 2746 in
464 2678 583 2768 optimo
600 2675 663 2744 loci
680 2677 743 2744 situ
761 2673 919 2758 babitare
939 2677 1063 2759 nescio„
1081 2693 1124 2742 en
1141 2675 1261 2743 iustam
1279 2672 1389 2744 dicere

256 2771 408 2860 audeam
435 2770 692 2862 indignationem
721 2775 869 2861 graviter
896 2770 996 2856 ferret
1024 2768 1145 2839 domini
1168 2781 1387 2864 contemptum

259 2866 437 2956 vindicareq
462 2871 561 2939 armis
586 2872 762 2962 assumptis
787 2887 937 2961 pugnare
956 2875 1122 2959 ceperunt.
1159 2866 1210 2937 Fit
1227 2889 1339 2961 pugna
1357 2879 1390 2938 et

256 2961 452 3036 ludaeorum
477 2973 624 3057 strages
646 2965 766 3037 bostra
792 2963 918 3036 civibus
943 2985 1002 3058 pro
1025 2983 1107 3056 paee
1133 2975 1167 3034 et
1190 2963 1388 3036 ludaeorum

257 3060 477 3134 laborantibus
506 3066 690 3136 securitate.
729 3063 913 3156 lrrumpunt
937 3061 1132 3131 ludaeorum
1160 3060 1297 3148 domns3
1323 3062 1389 3133 ob-

257 3169 406 3250 ruunbm
430 3157 543 3231 ludaei
561 3163 612 3254 qui
631 3159 671 3229 ad
691 3181 780 3230 arma
800 3169 1002 3246 comanerent
1026 3156 1268 3231 obtruncantur.
1308 3159 1390 3230 ilinc

258 3279 415 3350 campana
434 3255 578 3329 horroris
596 3256 722 3350 ptdsnta
735 3261 872 3328 etcives
891 3260 1004 3327 armati
1018 3258 1050 3325 in
1062 3253 1258 3327 ludaeorum
1276 3257 1389 3329 hostes

257 3355 412 3426 insultum
429 3355 590 3444 iecerunt
608 3375 743 3447 quorum
756 3358 788 3426 vi
801 3357 963 3426 etvirtnte
981 3375 1047 3424 non
1058 3356 1130 3424 sine
1148 3358 1246 3445 gravi
1263 3356 1389 3450 proelio

257 3473 324 3545 pax
341 3451 471 3522 tandem
488 3451 632 3540 ludaeis,
655 3473 837 3546 quanquam
855 3452 1012 3544 plurimos
1028 3449 1158 3541 gindim
1176 3451 1389 3535 damnasset,

257 3547 382 3620 reddita
401 3557 460 3620 est.
488 3547 594 3620 Atilii
613 3551 741 3620 sinistra
760 3552 792 3618 in
808 3548 964 3620 consides
982 3558 1015 3618 et
1032 3551 1138 3636 aves„
1162 3553 1258 3642 quas
1275 3569 1389 3621 eorum

259 3649 341 3716 scitu
359 3655 392 3716 et
410 3647 579 3718 voluntate
596 3665 653 3716 rea
670 3649 703 3716 in
721 3667 780 3717 eos
799 3656 869 3717 acta
887 3655 992 3734 esset7
1018 3648 1205 3738 suspicione
1225 3655 1391 3741 ‚ceperunt

258 3741 408 3814 laborare
420 3754 454 3814 et
465 3743 639 3815 vindictam
656 3765 722 3814 non
739 3747 771 3813 in
789 3765 925 3837 paucos
943 3742 1001 3814 sed
1020 3747 1052 3812 in
1069 3751 1168 3813 totam
1187 3743 1283 3814 simul
1301 3746 1391 3815 civi·

258 3850 357 3910 tutem
384 3837 631 3912 meditabantur.
668 3839 770 3911 Erant
788 3861 827 3910 ea
854 3850 1049 3934 tempestate
1074 3837 1203 3934 quidam
1227 3843 1315 3911 inter
1329 3839 1391 3911 lu-

258 3935 374 4025 daeos„
393 3941 446 4031 qui
465 3937 672 4010 Ciconiarum
689 3959 875 4029 cognomen
893 3934 1068 4026 habebam,
1086 3935 1252 4022 ditissimh
1277 3959 1324 4009 cn
1340 3935 1392 4007 bis

314 4110 341 4179 1)
371 4112 506 4169 bawariae
534 4113 612 4169 sollte
639 4129 668 4168 es
697 4113 813 4169 baiesen.
850 4113 880 4182 2]
906 4085 1030 4170 latomus
1058 4112 1099 4168 15.
1119 4113 1170 4168 kal.
1207 4115 1239 4178 3)
1264 4067 1392 4168 Latonas

259 4181 301 4238 13.
320 4183 371 4239 incl.
407 4184 438 4250 4)
459 4181 555 4242 Diaron
574 4185 665 4240 abacta
686 4185 750 4242 tiber
769 4185 811 4240 dic
830 4184 1091 4256 ludenveriolgnng„
1105 4179 1166 4239 'dae
1183 4184 1318 4239 manea
1339 4183 1392 4236 den

258 4253 349 4308 iabrcn
369 4254 438 4310 1393
458 4255 511 4311 und
531 4255 600 4311 1392
619 4256 698 4324 steht,
717 4255 785 4310 baba
803 4254 845 4310 ieb
865 4253 957 4310 bicber
977 4261 1086 4324 gesetnt.
1254 4264 1256 4272 ’
1342 4276 1355 4288 ··
