2900 4820
427 245 594 306 tramittas
612 243 954 306 nouwsnuuueunsts.
1180 243 1249 322 271

126 423 178 495 uia
206 445 322 496 eorum
348 399 522 520 privilegia
550 398 756 498 confirmavit
783 423 865 496 datis
893 422 954 496 sibi
981 423 1097 513 viginti
1124 416 1252 492 milibus
1270 417 1341 486 tato

126 544 321 612 marcarum,
340 545 404 617 que
422 534 556 616 recepta
576 533 651 596 sunt
668 547 687 593 a
704 520 813 594 Iudeis
832 521 961 593 ibidem.
987 517 1168 592 Descendit
1185 541 1251 590 au·-

125 629 189 690 tem
213 624 299 692 circa
324 621 425 692 linem
447 621 514 692 iulii
531 644 593 694 rex
610 643 683 692 cum
708 641 814 691 uxore
832 641 954 692 versus
972 618 1174 712 Aquisgrani
1191 613 1253 688 sed

122 737 184 810 per
196 716 434 790 multitudinem
451 722 703 812 peregrinorum
721 717 963 808 flagellancium
980 715 1056 788 inibi
1073 716 1174 806 recipi
1186 732 1253 784 non

123 826 267 908 poterat;
297 813 357 887 sed
386 819 574 910 expectavit
597 820 630 886 in
653 816 779 888 Bunna.
816 813 879 886 Ubi
902 811 1114 910 Aquensibus
1142 812 1251 884 omnia

121 917 254 1007 antiqua
272 923 306 984 et
321 913 414 1008 plina
431 935 520 987 nova
537 914 712 1008 privilegia
729 913 896 1006 sigillavit.

121 1079 173 1148 De
190 1081 400 1150 descensione
416 1079 616 1150 morcbioais
633 1097 706 1149 com
722 1097 808 1169 repe.

170 1209 353 1286 Descendit
370 1222 479 1283 autem
497 1221 529 1284 et
546 1209 744 1284 Ludowicus
764 1211 912 1286 'marchio
936 1233 1009 1283 cum
1027 1210 1155 1284 eodem.
1189 1211 1251 1284 ln-

122 1313 217 1382 ten'm
245 1319 356 1381 autem
381 1309 569 1400 Romanus„
597 1311 699 1382 frater
727 1313 810 1399 eius,
838 1313 871 1382 in
898 1319 985 1382 terra
1012 1307 1251 1402 Brundenburg

121 1407 308 1479 conflictum
324 1411 430 1480 iniens
448 1429 522 1480 cum
540 1407 754 1497 adversariis
773 1405 826 1478 nbi
839 1407 934 1481 miles
946 1405 1085 1479 viriliter
1102 1407 1251 1498 effectus,

119 1505 261 1576 feliciter
284 1503 504 1600 triumphavit,
531 1509 633 1600 captis
657 1503 802 1600 pluribus
827 1515 858 1575 et
875 1507 1004 1578 occisis.
1037 1504 1104 1578 Alii
1129 1515 1251 1596 autern„

121 1625 160 1675 se
178 1606 288 1676 acrius
306 1601 487 1694 firmantes,
503 1604 678 1698 plurimum
696 1601 919 1676 marchionem
936 1601 1099 1677 infestant

119 1765 170 1836 De
191 1768 376 1836 reoerdone
394 1767 483 1855 repis
503 1767 538 1834 in
559 1765 702 1854 Spirom.

168 1898 345 1972 Reversus
363 1897 697 1993 autemrexSpiram
714 1902 840 1972 vocatis
859 1897 998 1974 dominis
1016 1909 1049 1972 et
1066 1898 1249 1976 civitatibus

119 2005 266 2070 mactans
285 1997 327 2068 de
344 2019 427 2092 pace
444 1998 595 2088 generali
613 2001 698 2069 circa
715 1997 859 2089 Renum,
883 1997 944 2072 sed
961 2021 1028 2070 non
1044 1998 1249 2094 perficiens¹‚

116 2097 199 2168 item
223 2117 430 2190 conquerens
448 2092 490 2165 de
508 2093 713 2168 Metensibus
738 2118 815 2167 eum
838 2095 1022 2168 nolentibus
1044 2095 1167 2167 habere
1191 2121 1250 2192 pro

116 2215 205 2284 rege
222 2194 279 2266 vel
303 2191 448 2266 scribere
472 2213 590 2284 regem
607 2193 842 2284 Romanorum„
871 2191 931 2266 sed
955 2217 1020 2266 non
1044 2192 1170 2264 babens
1188 2217 1250 2265 re-

117 2309 294 2384 sponsamq
316 2294 351 2362 in
374 2293 532 2386 expensis
556 2289 713 2364 deficiens
736 2296 842 2385 primo
858 2293 917 2365 ivit
933 2289 1142 2382 Nurenberg.
1175 2289 1250 2382 ont,

117 2387 256 2460 nolente
280 2386 468 2473 marchione
493 2391 541 2462 eis
565 2392 737 2480 assistere,
763 2386 823 2463 sub
848 2392 959 2481 gracia
978 2399 1030 2460 est
1046 2397 1199 2482 receptus
1218 2399 1252 2460 et

117 2483 266 2580 prodam
282 2485 357 2558 dolo
373 2489 515 2580 receptis
534 2489 656 2558 civium
674 2491 772 2560 armis
790 2495 824 2558 et
841 2497 968 2560 extorta
986 2483 1026 2556 ab
1046 2487 1094 2560 eis
1112 2489 1251 2580 pecunia

114 2580 313 2656 Bohaminm
331 2594 382 2658 est
404 2603 565 2658 reversus
583 2588 670 2658 circa
694 2583 794 2656 tinem
817 2581 1025 2679 septembris
1053 2583 1140 2656 mule
1164 2593 1250 2656 terra

115 2685 218 2772 regni
235 2691 362 2776 paoem.

115 2831 170 2902 De
188 2833 385 2904 Eberbordo
405 2837 520 2904 comite
541 2837 582 2905 de
609 2835 817 2926 Wirteoberq.

166 2965 380 3040 Eberhardus
391 2970 478 3039 enirn
489 2967 530 3039 de
541 2966 771 3059 Wmenterffi
789 2991 906 3062 preses
919 2971 990 3041 eius
1001 2968 1155 3062 swevis,
1174 2991 1248 3042 oum

113 3061 215 3159 opida
236 3064 406 3159 imperalia
423 3063 663 3157 Ndrdelingen,
686 3065 773 3160 quod
796 3071 971 3140 consuevit
998 3071 1165 3160 respicere
1183 3090 1248 3138 oo-

113 3165 214 3236 mites
231 3160 275 3234 de
290 3161 469 3255 Oetingem
487 3172 520 3234 et
537 3161 665 3236 Werde
684 3185 784 3257 super
801 3162 960 3254 Terebia,
981 3161 1067 3258 quod
1084 3168 1117 3234 in
1133 3164 1247 3234 devo·

113 3261 213 3332 cione
226 3257 445 3332 Buwaronrm
462 3268 598 3332 steterat
615 3259 654 3331 ab
674 3265 817 3354 antiquo„
835 3259 877 3331 ad
895 3284 989 3332 suam
1005 3264 1138 3332 nomine
1155 3263 1247 3352 regis

113 3355 342 3429 obedienciam
368 3361 621 3452 assumpsisses
648 3360 734 3429 inter
758 3358 860 3432 duces
877 3359 1021 3432 Baverie
1046 3361 1248 3452 comitesque

112 3452 157 3526 de
175 3453 343 3548 Oetingen
360 3463 474 3528 contra
498 3458 606 3549 ipsum
621 3453 847 3528 Eberhardum
872 3455 982 3530 odium
1000 3466 1051 3530 est
1068 3455 1245 3532 subortum.

169 3617 199 3688 t)
219 3617 245 3675 iu
265 3619 297 3676 Α.
318 3619 389 3690 lolgt
407 3622 492 3678 noch:
517 3621 756 3694 conquerebantur
780 3629 843 3680 tunc
862 3623 981 3680 civitates
1002 3622 1147 3692 ticinenses,
1171 3619 1245 3694 quod

110 3687 254 3764 nuperius,
272 3691 327 3746 dun
345 3691 472 3760 bawarie,
495 3691 606 3748 liaberet
624 3701 749 3763 castrum,
768 3695 865 3750 dictum
883 3693 1062 3762 Nova-Curia,
1089 3693 1190 3748 distans
1210 3691 1244 3747 ad

111 3779 193 3818 nnana
212 3761 313 3818 leucum
333 3781 348 3818 a
367 3763 470 3819 civitate
489 3763 622 3837 Spirensi,
647 3765 673 3820 in
693 3783 746 3837 quo
766 3765 896 3822 latitarent
914 3766 1050 3835 latrones,
1076 3765 1120 3836 qui
1140 3779 1243 3819 meroa-

110 3839 188 3890 tores
216 3839 384 3890 transeuntes
412 3835 543 3906 publicam
562 3835 752 3892 viamversus
771 3836 949 3892 Wormacium
979 3836 1005 3890 in
1034 3851 1142 3892 nemore
1171 3834 1243 3890 dieto

109 3903 248 3960 liecbbolu
267 3904 454 3975 despoliarent.
482 3907 538 3961 Rex
556 3907 608 3961 boe
627 3907 718 3962 audito
738 3908 826 3962 statim
846 3907 980 3963 brueriam
1001 3922 1087 3974 suurn,
1106 3904 1179 3975 quod
1197 3903 1243 3958 di-

110 3975 183 4056 citur
198 3985 340 4035 ceumaco,
359 3991 440 4048 super
458 3977 549 4032 turrim
568 3977 682 4032 ecclesie
700 3977 835 4049 Spirensis
854 3977 993 4034 constituit
1012 3982 1038 4030 et
1053 3971 1182 4102 Bupalum
1202 3972 1246 4028 ci-

109 4051 198 4102 ntatrs
228 4045 261 4102 ad
288 4063 360 4101 arma
388 4047 506 4102 mandari
533 4065 581 4120 per
608 4048 753 4118 magistros
778 4048 873 4104 civium
897 4047 1021 4120 precepit.
1076 4053 1086 4102 t
1113 4061 1242 4115 egressus

109 4115 243 4172 civitatem
262 4133 322 4172 cum
341 4133 389 4173 sun
409 4124 489 4198 gente
509 4125 624 4174 armatus
644 4120 745 4192 populo
765 4137 824 4175 eum
851 4125 978 4191 sequente
997 4135 1057 4172 cum
1082 4116 1191 4173 bruerio
1211 4115 1245 4172 ad

110 4195 229 4243 caenum
247 4187 395 4262 predictum
411 4205 497 4262 ipsum
517 4191 790 4250 funditus-destruxit.
818 4191 912 4248 Postea
926 4205 1049 4248 reversus
1066 4188 1100 4246 ad
1114 4186 1245 4248 civitatem

111 4259 218 4332 Spiruur
238 4275 405 4332 conquerens
425 4265 474 4317 eto.
560 4289 564 4294 ·
