2982 4824
286 247 358 321 684
667 243 819 328 nummus
839 241 1036 302 monnnrnm.

285 423 391 518 ripuit.
415 419 603 494 Vincislaus
622 429 755 518 propter
770 421 945 515 segnitiem
963 429 1060 517 atque
1075 419 1244 494 lasciviam
1260 419 1297 492 ab
1310 419 1387 493 elec-

286 518 409 592 toribus
421 529 474 593 est
486 521 622 614 imperio
633 517 813 614 depositus.
838 517 935 591 Unde
951 519 1081 615 quidam
1097 518 1161 591 hoc
1177 541 1389 591 annovaoasse

285 622 457 712 imperium
482 615 637 709 scribunt,
661 617 739 689 licat
754 615 918 690 Robertus
936 621 1043 690 statim
1066 617 1165 702 fucrit
1181 615 1222 687 ad
1244 619 1388 712 imperium

285 717 426 806 clectus,
446 715 505 788 scd
524 737 590 788 non
607 717 729 811 pariter
746 713 786 786 ab
803 713 953 787 omnibus
971 725 1006 787 et
1021 713 1140 810 ubique
1156 725 1314 810 receptus.

337 814 442 887 1401.
475 813 640 887 Robertns
662 817 840 908 imperator
862 812 1087 886 attorennno
1112 813 1232 908 populo
1254 811 1391 906 grandem

285 909 1392 1104 intinniitnttttttrititttiittdttt

284 1130 323 1181 re
340 1119 431 1184 trans
448 1109 542 1203 alpes
559 1111 745 1181 revertitur.

336 1207 442 1280 1402.
476 1205 632 1280 Cometes
652 1209 685 1278 im
702 1206 775 1278 cclo
792 1217 844 1280 est
860 1209 964 1279 visus.
996 1203 1165 1278 Galaatius
1183 1203 1394 1278 Mediolanen-

286 1309 370 1381 sium
396 1304 477 1396 dux,
500 1307 694 1378 continuans
717 1301 825 1376 adhuo
846 1327 907 1400 per
930 1325 1010 1377 suos
1033 1302 1136 1398 duces
1159 1306 1192 1374 in
1210 1303 1395 1376 Fluentium

285 1401 420 1494 bellum,
444 1400 530 1498 apud
547 1401 778 1496 Malignanum
796 1401 1056 1476 Mediolanensis
1078 1404 1149 1494 agri
1167 1401 1317 1497 oppidum
1332 1421 1395 1472 mo-

285 1505 366 1573 ritur
391 1503 491 1596 [sept.
510 1499 561 1592 31.
596 1498 825 1573 Tanburlanus
850 1497 1048 1573 incredibilis
1073 1503 1219 1595 potantia
1242 1502 1396 1594 imperator

284 1595 773 1691 nnomnm[†1405ieb.18].
805 1597 928 1670 Fuerat
950 1596 1036 1694 apud
1051 1598 1207 1670 Tartarus
1230 1607 1322 1672 natus
1342 1595 1397 1668 du-

286 1698 352 1768 mili
368 1697 456 1788 loco,
472 1707 507 1770 ct
518 1705 625 1788 tantas
638 1698 729 1770 vires
747 1693 898 1791 adeptus,
916 1705 1059 1792 utsupra
1081 1693 1260 1768 duodecies
1277 1703 1397 1767 oenone

284 1793 452 1867 hominum
475 1795 562 1868 milia
584 1793 723 1867 haberat
745 1798 780 1865 in
803 1797 929 1866 castris.
962 1795 1034 1882 Qua
1058 1792 1280 1884 multitudine,
1302 1793 1398 1864 ataitis

284 1890 371 1966 bello
396 1892 546 1980 Teucris,
574 1912 689 1965 eorum
714 1895 945 1986 imperatorem
971 1894 1095 1964 catanis
1120 1895 1280 1963 vinctum¹
1305 1891 1398 1962 aureis

286 1993 407 2079 comui,
419 1987 1230 2086 quovehebatumquasitriumphansadvinxerat¹
1250 1989 1399 2062 Armcnm

285 2098 438 2182 preterea
451 2097 689 2182 prostraverat,
707 2086 917 2161 subverterat
926 2089 1060 2178 nemas,
1074 2084 1285 2160 destruxerat
1293 2085 1399 2180 Egyp-

285 2189 361 2276 tias,
378 2185 576 2258 Damascum
588 2184 872 2280 penedeieverat.
896 2185 1400 2281 Eiquocunqueciustranscan-

286 2283 380 2356 derat
404 2305 538 2374 nomem
567 2283 637 2356 sola
661 2283 761 2375 tama,
829 2286 878 2357 asi
895 2283 1013 2358 inisset
1035 2285 1157 2381 missus
1172 2307 1192 2354 a
1210 2281 1275 2355 dec
1291 2303 1400 2378 pccca-

285 2391 392 2454 torum
409 2382 506 2466 olma„
524 2378 657 2454 terribili
668 2385 796 2454 immine
819 2393 860 2454 at
933 2406 936 2412 ·
1277 2459 1280 2464 ,

304 2479 441 2648 edidit&
475 2473 592 2552 Franci
614 2479 663 2553 his
682 2477 882 2575 temporibus
900 2476 1049 2554 Genuam
1066 2479 1187 2575 aliquot
1204 2499 1310 2553 annos
1329 2493 1400 2573 pos-

285 2599 302 2651 s
347 2588 452 2650 erunt.
583 2602 588 2611 ·
636 2591 641 2600 “
1037 2597 1042 2608 ·

336 2673 442 2776 1404.
475 2676 596 2750 Paulus
622 2675 792 2751 Cretensis
815 2674 996 2772 disputator
1021 2674 1147 2750 subtilis
1175 2679 1211 2748 in
1234 2675 1324 2749 ltalia
1345 2693 1401 2764 ag-

284 2776 439 2847 noscitur.

333 2870 542 2944 Innocentius
569 2876 737 2968 septimus.
774 2872 847 2947 Fuit
871 2874 913 2946 de
934 2873 1104 2946 Sannaus.
1137 2871 1233 2947 Sedit
1251 2893 1354 2946 anuos
1374 2871 1401 2953 d

285 2989 422 3043 meuses
439 2973 501 3042 vn²
526 2970 714 3065 Antiquitus
730 2974 867 3066 origine,
879 2971 1086 3046 diorentinns
1104 2983 1197 3050 crat,
1299 2993 1303 3002 ·

336 3065 434 3139 1407
455 3069 594 3160 [1405].
620 3066 791 3142 ladislaus
808 3070 930 3166 Apulia
947 3091 1023 3161 rex,
1040 3091 1101 3165 pcr
1117 3072 1260 3143 amicitie
1277 3069 1401 3165 spetiem

285 3166 424 3239 Romam
440 3169 630 3260 ingressus,
654 3166 823 3240 Romanos
841 3169 1015 3242 concitavit
1032 3167 1217 3262 effecitque,
1242 3177 1278 3239 ut
1300 3183 1402 3238 suma-

284 3273 360 3336 rent
383 3275 495 3336 contre
517 3263 704 3359 pontificem
729 3287 832 3357 amna,
856 3265 972 3362 quibus
996 3270 1027 3337 in
1054 3263 1331 3338 contentionibus³
1345 3283 1401 3331 nn-

218 3373 221 3380 '
286 3360 391 3432 decim
417 3383 438 3433 e
465 3365 625 3457 primariis
653 3360 781 3434 civibus
804 3385 865 3459 per
890 3363 1035 3438 fautores
1059 3363 1221 3459 pontificis
1249 3359 1402 3452 intercepti

283 3470 452 3532 necantur.
478 3461 653 3554 Postquam
670 3461 924 3555 perterrefactus
946 3461 1095 3558 pontifex
1118 3463 1226 3554 [mm]
1247 3463 1334 3533 omni
1349 3478 1401 3528 cu-

283 3557 410 3630 rialium
436 3554 528 3630 turba
549 3557 731 3630 Viterbium
756 3562 975 3652 commigravit
1001 3569 1034 3630 et
1055 3559 1279 3632 'commoratus
1302 3567 1349 3631 est
1368 3549 1401 3622 111

226 3662 229 3668 ’
284 3655 406 3751 aliquot
428 3677 582 3745 manses„
617 3653 730 3742 donec,
750 3655 889 3730 Romani
909 3655 1058 3754 pinnitus
1081 3655 1303 3749 legationibus
1325 3653 1401 3725 illum

283 3763 503 3922 Nifflmes'
530 3752 782 3826 dominationem
807 3775 936 3850 quoque
959 3753 1048 3828 urhis
1075 3753 1183 3828 eidem
1205 3753 1401 3827 reddiderunt

287 3854 304 3944 [
419 3853 537 3943 mtirnl.
1107 3915 1110 3922 ⁴

335 3947 441 4021 1406.
475 3950 551 4023 Pise
568 3948 656 4023 bello
674 3961 707 4023 ct
725 3952 814 4024 fame
838 3951 958 4025 domita
977 3955 1010 4024 im
1027 3961 1222 4046 potestatem
1240 3944 1400 4023 Florentini

283 4048 393 4142 populi
411 4045 619 4121 devenerunt
638 4051 715 4140 [oct.
733 4050 787 4142 9].
938 4111 943 4120 .

340 4192 369 4264 1)
383 4193 497 4254 Bdhmer
510 4198 556 4255 hat
573 4198 691 4255 iunctum
711 4200 764 4256 und
778 4183 936 4258 adiunnerat
952 4201 1071 4272 gelasco.
1108 4199 1140 4270 2)
1154 4216 1207 4257 von
1222 4197 1293 4256 1404
1305 4209 1360 4252 noa,
1373 4187 1399 4243 ¹2

133 4275 137 4284 ·
287 4291 320 4306 -
340 4265 411 4323 1400
429 4283 491 4324 nov.
510 4270 535 4326 0.
572 4270 604 4339 3)
623 4270 795 4328 contionibus
814 4273 854 4328 hs.
