3010 4822
481 233 656 295 nummulis
676 235 929 296 tmuootuuttsts.
1199 239 1266 314 551

188 411 290 485 Anac
307 415 417 507 quiam
436 415 734 486 excommunicavit
749 435 880 503 omnes,
898 415 951 507 qui
969 431 1106 506 corpora
1128 410 1271 484 humana
1288 421 1356 482 ¹299

138 509 333 607 sepelienda
353 520 561 602 exeniorum,
578 510 765 605 decoquunt
780 511 837 584 vei
855 510 1014 601 dividunt,
1033 520 1067 584 ut
1084 511 1212 606 possint
1228 508 1270 580 ad

136 618 265 684 mureto
282 610 354 681 ioca
372 607 493 682 deferri
508 619 544 680 et
561 607 602 678 ibi
620 611 765 705 sepeliri„
784 619 818 682 ut
836 619 925 706 patet
941 607 1124 705 inquadam
1142 610 1270 683 consti-

137 710 278 796 tutione,
295 729 359 802 que
376 710 485 801 incipit
501 709 710 780 misterio.

188 805 290 878 Auno
307 815 405 878 sexto
420 804 536 876 indixit
553 827 674 878 annum
690 804 858 896 imiteum,
875 810 930 901 qui
946 807 1005 878 fuit
1022 827 1128 880 annus
1149 807 1357 880 domini1³⁰⁰

137 926 252 976 mccc
274 900 396 974 -Διιιιο
413 902 531 974 eodem
547 903 625 974 fecit
648 925 746 976 unam
763 906 1025 978 constitutionem
1042 905 1142 978 valde
1159 906 1270 978 utilem

138 1003 231 1074 dero
248 1001 410 1090 seculari,
438 1011 470 1072 et
496 1004 640 1074 mammo
668 999 848 1076 rectoribus
873 1002 1089 1076 ecclesiarum
1112 1001 1269 1097 parochi-

137 1101 251 1187 atium,
270 1096 331 1172 sed
349 1102 607 1190 restringentem
622 1103 847 1172 auctoritatem
873 1100 1008 1172 nauum
1024 1101 1269 1174 Predicatorum

137 1207 173 1268 et
190 1195 354 1268 ilinorum
372 1219 391 1266 ιι
408 1195 550 1268 Martino
568 1219 651 1291 papa
670 1209 784 1291 quarto
800 1217 1009 1288 conoessum,
1027 1201 1156 1292 stipsis
1173 1197 1269 1270 ordi-

136 1291 234 1368 nibus
248 1293 501 1366 mendicantium
512 1293 672 1384 odiosam,
690 1305 725 1368 ut
734 1306 823 1390 patet
832 1299 866 1367 in
878 1294 1018 1391 quadarn
1029 1298 1271 1386 constitutione,

137 1411 204 1486 que
221 1393 332 1485 incipit
347 1392 451 1481 Super
469 1393 669 1464 caldeorum
698 1394 804 1482 Quam
822 1395 1083 1466 constitutionem
1100 1391 1271 1465 Benedic-

136 1501 191 1562 tus
209 1513 293 1585 popu
311 1511 488 1562 successor
506 1511 586 1562 suus
604 1495 787 1564 revocavit.
813 1490 883 1562 Sed
894 1489 1050 1564 Clemens
1065 1513 1149 1586 pape
1170 1493 1270 1585 quin-

137 1597 191 1660 tus
212 1589 452 1660 revocatoriam
471 1587 639 1662 Benedicti
657 1592 814 1680 cassavit,
833 1599 867 1660 et
883 1587 1060 1682 predictum
1084 1591 1270 1662 constituu-

136 1706 237 1757 onem
254 1683 412 1758 Boniiacii
428 1695 581 1780 tanquam
598 1687 710 1758 utilem
727 1685 938 1782 approbavit,
965 1695 1000 1758 ut
1017 1695 1106 1781 patet
1121 1685 1218 1758 hodie
1237 1688 1272 1760 in

129 1785 369 1856 constitutione
387 1780 491 1856 Glem.
508 1782 551 1854 de
568 1783 765 1876 sepulchris,
782 1807 852 1878 cap.
872 1785 1011 1856 Dudum

188 1881 289 1954 Anno
323 1883 463 1974 septimo
492 1881 579 1952 idom
605 1881 792 1956 Boniiaeius
823 1905 907 1977 papa
934 1903 1060 1973 graves
1090 1903 1270 1975 processus

135 1980 216 2052 iecit
233 1989 346 2050 conns
362 1999 480 2069 regem
503 1977 662 2067 Francia,
691 2001 735 2052 ex
758 2002 800 2052 eo
824 1980 909 2074 quod
932 1982 1057 2074 recepit
1076 1990 1110 2051 et
1126 1977 1271 2052 defendit

135 2075 266 2150 nobiles
283 2075 326 2147 de
347 2075 528 2171 Columpna
544 2078 726 2166 Romanos,
742 2100 824 2172 quos
842 2088 877 2149 ut
894 2099 1007 2170 supra,
1024 2100 1109 2171 papa
1126 2076 1269 2150 anathe-

136 2177 336 2261 misavorat3
360 2172 447 2245 unde
470 2178 576 2268 ipsum
595 2193 713 2266 regem
736 2197 811 2248 oum
834 2177 903 2248 suis
926 2173 1105 2248 fautoribus
1127 2196 1270 2248 excom-

136 2274 329 2362 municavit,
346 2281 447 2344 totum
465 2295 562 2346 suum
578 2293 718 2362 regnum
733 2273 958 2346 ecclesiastico
976 2275 1147 2366 supposuit
1162 2275 1271 2344 inter-

135 2370 234 2442 dicto.
272 2368 398 2442 Verum
415 2373 511 2464 pauci
527 2371 643 2464 prelati
664 2373 767 2464 ipsius
784 2373 880 2462 regni
897 2365 1082 2448 hrriusmodi
1099 2390 1270 2444 servave-

136 2478 215 2540 runt
233 2467 437 2540 interdictum
448 2477 580 2563 propter
590 2471 682 2559 regis
695 2471 858 2558 timorem,
870 2477 1011 2562 excepto
1021 2465 1268 2562 archiepiscopo

137 2563 386 2656 Burdigaiousi
404 2569 457 2660 qui
475 2565 583 2658 rigide
600 2589 684 2661 pape
700 2586 877 2660 processus
904 2567 1073 2652 servavit,
1100 2574 1134 2634 et
1149 2561 1190 2636 ob
1208 2563 1272 2636 hoo

127 2661 226 2734 idem
244 2662 509 2758 archiepiscopus
526 2675 642 2759 postea
660 2675 710 2738 est
728 2664 853 2737 eiectus
869 2665 1041 2757 inpupam.
1068 2661 1164 2735 Unde
1182 2661 1270 2733 idem

135 2781 202 2832 rex
229 2759 324 2832 huius
348 2783 525 2854 processus
552 2762 760 2853 indignanter
786 2760 914 2850 serens,
941 2783 1006 2832 una
1033 2783 1107 2841 oum
1124 2757 1268 2854 predicto

127 2860 241 2952 stirpe
258 2861 291 2930 in
311 2859 432 2932 maium
449 2863 552 2954 ipsius
569 2881 654 2952 pape
671 2862 776 2932 extitit
794 2857 1007 2932 machinatus.

188 2956 289 3030 Anno
306 2955 427 3030 domini
445 2960 598 3030 mocciii.
618 2957 704 3028 idem
721 2979 805 3050 papa
824 2979 897 3028 cum
916 2979 1016 3030 causa
1030 2957 1189 3030 ductionis
1207 2959 1270 3026 iret
1286 2962 1355 3021 teos

136 3063 234 3127 extra
251 3051 367 3126 urbem
383 3059 417 3126 in
437 3055 590 3150 oppidum
607 3058 739 3127 nomine
762 3055 913 3143 Ananisq
935 3055 1052 3148 prefati
1075 3053 1204 3146 expulsi
1228 3053 1271 3124 de

137 3151 321 3246 Cciumpua
339 3175 413 3224 cum
430 3151 588 3226 adiutorio
604 3155 802 3224 servitomm
818 3155 911 3244 regis
928 3151 1066 3224 Francis
1093 3171 1191 3222 manu
1209 3173 1270 3222 ar·

137 3259 226 3322 mata
245 3247 350 3323 subito
368 3261 403 3322 et
417 3253 581 3344 inopinate
600 3253 765 3321 irruerumt
789 3251 822 3319 in
846 3259 988 3322 castrum
1011 3246 1210 3342 predictum,
1238 3256 1272 3317 et

136 3346 292 3420 incendio
312 3347 520 3422 destruentes
538 3346 760 3420 veneruntad
778 3346 931 3443 palatium
948 3369 1042 3442 pape.
1094 3346 1155 3434 Qui
1183 3365 1271 3418 sen-

136 3449 225 3518 tiens
242 3444 420 3520 adventum
437 3448 640 3518 inimicorum
658 3444 759 3516 induit
778 3467 816 3520 se
834 3443 1081 3541 pontificalibus.
1131 3445 1175 3519 Et
1193 3447 1271 3538 quti-

136 3543 214 3614 dam
231 3542 275 3614 de
291 3542 436 3638 predicta
454 3547 556 3638 stirpe
578 3545 710 3614 nomine
734 3541 836 3614 Serra
864 3541 907 3614 de
927 3541 1128 3637 Columpnm
1151 3541 1270 3616 videns

136 3639 1271 3832 ttius?sstutsist„tetmftttttrtttttttz

137 3842 170 3908 in
189 3857 316 3908 canone
331 3841 444 3909 xxiii.
464 3859 493 3932 q.
512 3841 531 3908 i.
556 3837 668 3908 Omnia
685 3841 741 3926 qui
758 3839 889 3908 recedit.
916 3833 1012 3908 Unde
1029 3839 1101 3931 ipse
1114 3857 1188 3908 oum
1202 3836 1271 3908 suis

160 3933 1128 4128 tttstttnstittdsfflstititsidssttte
1150 3936 1272 4104 titi

135 4129 290 4202 undecim
309 4133 441 4204 millium
460 4135 625 4224 virginum
642 4130 719 4203 obiit
738 4124 782 4222 [ιι
799 4139 861 4202 oct.
881 4127 955 4220 11].
993 4129 1034 4202 Et
1057 4127 1098 4201 ab
1122 4151 1164 4200 eo
1181 4139 1271 4200 tern-

134 4251 219 4326 pore
237 4232 315 4302 eitra
332 4229 472 4306 Romani
488 4225 658 4326 pontifices
675 4250 742 4302 uon
759 4225 917 4302 sederunt
942 4229 977 4304 iu
1000 4227 1080 4302 urhe
1109 4227 1267 4302 Romana.
