3036 4822
339 228 522 292 sucossslo
540 227 768 288 nutscorotttttt
786 227 1088 288 nonunttttnttstttu.
1207 225 1279 306 359

148 407 362 499 Mogontinos
374 409 564 478 construxit.
582 405 673 479 Idem
685 405 950 501 archiepiscopus
962 405 1279 480 consecravitlden-

146 509 251 578 ricum
268 504 388 578 ducem
404 505 559 593 Bavarie,
583 502 901 596 Bobenburgensem
924 507 1062 599 primum
1087 504 1228 578 electum
1246 516 1280 580 et

148 614 311 692 sanctum,
334 608 368 674 in
385 607 615 697 imperatorem
639 601 725 697 apud
742 601 956 694 bloguntiam.
992 599 1059 674 lste
1077 605 1174 674 etiam
1191 601 1280 678 idem

147 701 427 795 archiepiscopus,
448 703 522 794 quia
539 699 694 772 humilem
711 703 905 794 progeniem
922 698 1045 789 habuit,
1062 710 1189 792 patrem
1207 705 1279 774 sci·

145 801 223 872 licet
247 803 301 894 qui
325 823 440 872 currus
458 808 492 868 et
513 795 609 888 bigas
633 798 746 870 lacero
773 796 912 888 solebat,
939 801 972 870 in
997 794 1139 870 thalamo
1162 809 1279 872 ornato

147 900 278 990 grossis
296 897 411 970 litteris
433 893 529 968 scribi
554 899 661 983 iussit,
685 898 777 970 cuius
804 898 875 990 ipse
900 896 1030 968 clavem
1053 890 1113 968 sub
1132 893 1279 987 diligenti

146 993 294 1068 custodia
308 1017 450 1067 servans
468 995 601 1064 introire
613 994 704 1066 solus
716 997 889 1066 consuevit
901 1003 934 1065 et
943 993 1060 1085 legere
1072 996 1278 1088 scripturam,

146 1116 210 1188 que
229 1093 302 1165 talis
321 1102 407 1164 erat:
432 1094 584 1182 thtepis,
608 1093 759 1181 tl'tllepis,
777 1095 886 1162 recole
904 1095 989 1164 unde
1007 1091 1153 1162 ueneris!
1188 1091 1280 1180 (Heu

145 1195 179 1262 in
195 1191 310 1282 lingua
327 1189 511 1262 theutonica
538 1193 656 1284 scripta
682 1193 805 1284 erant.)
840 1187 902 1262 Hic
919 1187 1072 1284 appendit
1089 1197 1122 1260 et
1138 1199 1227 1264 rotas
1244 1194 1279 1264 in

145 1293 285 1384 pariete,
304 1291 335 1359 in
354 1286 468 1382 quibus
487 1309 581 1360 suam
599 1291 785 1380 prosapiam
797 1298 831 1358 et
843 1297 979 1360 stratum
998 1309 1059 1360 sue
1077 1291 1277 1380 paupertatis

144 1390 271 1458 intente
293 1383 505 1477 agnoscebat.
542 1383 655 1478 Usque
684 1383 791 1456 adhuc
818 1383 978 1456 habentur
1000 1393 1072 1454 rote
1096 1383 1161 1456 due
1185 1389 1278 1480 quasi

145 1489 244 1554 aratri
264 1487 297 1553 in
313 1483 438 1555 uexillo
456 1482 599 1554 ecclesie
618 1493 650 1553 et
667 1485 806 1554 civitatis
826 1480 1028 1574 Mogontine.
1062 1479 1146 1570 (lste
1164 1482 1277 1554 archi-

144 1585 322 1676 episcopus
349 1585 508 1652 maiorem
532 1579 730 1670 Moguncie¹
762 1580 939 1652 ecelesiam
965 1589 999 1651 et
1026 1583 1130 1651 sancti
1157 1577 1279 1652 Albani

144 1680 324 1750 eeclesiam
342 1681 532 1750 construxit.
557 1679 658 1750 Anno
676 1677 796 1772 domini
807 1679 929 1749 mviiii.
941 1673 1119 1770 Moguneie
1133 1677 1277 1752 ecclesia
1317 1677 1322 1686 '

145 1779 250 1848 maior
273 1799 370 1870 pam
393 1775 591 1867 Willegisus
616 1779 797 1847 construxit
822 1777 958 1848 incensa
983 1778 1090 1846 estin
1114 1772 1167 1847 die
1191 1797 1278 1848 con·

145 1876 339 1946 sacrationis
359 1877 459 1966 eius.)

193 1969 287 2044 blxi.
312 1970 543 2044 Erbenboldus
561 1969 660 2058 (alias
671 1969 965 2064 Wirhenwaldus)
982 1971 1084 2046 abbas
1101 1971 1129 2042 F
1130 1972 1276 2046 uldensis

145 2072 309 2142 successit
326 2072 420 2142 annis
437 2073 482 2140 ix.
515 2070 577 2156 Qui
595 2073 777 2142 construxit
793 2071 971 2144 claustrum
989 2083 1103 2144 sancte
1120 2067 1226 2144 Mario
1243 2073 1277 2142 in

144 2171 270 2262 campis
286 2188 389 2262 prope
407 2165 622 2260 llloguntiam.

194 2263 300 2337 dlxx.
326 2262 415 2336 Eribi
433 2265 518 2336 sedit
534 2269 628 2338 annis
645 2269 690 2338 xi.
718 2266 831 2354 (Alias
847 2262 999 2360 Arribo.)

194 2361 358 2435 dlxxxii.
383 2361 492 2434 Bardo
510 2373 643 2436 sanctus
662 2365 747 2436 sedit
763 2367 856 2436 annis
876 2365 1001 2454 viginti.
1033 2363 1094 2436 llic
1110 2366 1200 2458 prius
1219 2363 1277 2440 unt

144 2459 250 2534 abhas
267 2461 485 2534 Hirleldensis
511 2471 544 2531 et
559 2460 587 2530 F
588 2459 744 2534 ultiensis.
780 2459 843 2534 Hie
865 2471 1021 2555 presente
1039 2459 1191 2534 Conrado
1208 2463 1277 2532 im-

145 2570 302 2654 peratore
332 2568 445 2652 quarto
474 2557 560 2652 pdus
588 2556 779 2632 novembris
807 2562 1016 2630 corrseeravit
1041 2561 1277 2631 monasterium

146 2661 251 2730 sancti
263 2655 405 2746 Martini,
424 2655 513 2728 sedis
527 2655 722 2750 Mogontine
740 2655 1051 2750 archiepiscopatus,
1068 2678 1181 2751 ymmo
1198 2679 1276 2730 om-

143 2758 233 2826 nium
253 2753 466 2842 Francorum,
489 2757 522 2824 in
545 2753 672 2826 honore
696 2757 799 2826 saneti
816 2753 946 2826 Martini
971 2777 1044 2826 cum
1067 2756 1176 2828 miultis
1199 2757 1276 2848 epi-

144 2856 256 2946 scopis
275 2861 335 2924 ete.
363 2851 413 2940 (ls
432 2851 473 2923 ad
490 2855 625 2924 missam
641 2849 749 2924 habito
767 2873 922 2926 sermone
940 2849 1062 2924 obitum
1079 2875 1175 2925 suum
1192 2876 1276 2948 pre-

144 2949 274 3040 dicens,
297 2952 434 3020 orationi
457 2948 603 3021 fidebam
620 2973 658 3022 se
683 2948 906 3036 commendat;
933 2949 1052 3022 eodem
1076 2973 1192 3022 mense
1210 2949 1276 3022 de-

144 3051 275 3139 cessit.)
301 3047 422 3120 Sancta
433 3046 649 3140 hunegundis
661 3050 851 3140 imperatrix
863 3045 940 3118 obiit
951 3057 984 3117 et
992 3047 1089 3140 Spire
1106 3048 1276 3142 sepelitur,

144 3145 207 3218 sed
225 3157 340 3238 postea
356 3145 553 3218 transfertur
569 3149 602 3216 in
616 3142 851 3238 Babenburgk.

195 3243 298 3314 Min.
334 3241 510 3316 Luiboldus
538 3241 742 3338 (prepositus
769 3241 829 3314 luit
852 3239 1164 3338 Babenbergensis)
1191 3242 1278 3319 sedit

142 3345 240 3413 anuis
259 3343 316 3412 viii
341 3338 508 3412 mensibus
533 3351 679 3434 quatuor.
715 3339 778 3412 Hie
800 3343 982 3413 construxit
1005 3350 1148 3413 montem
1173 3345 1276 3414 sancti

142 3437 254 3512 lacobi
279 3448 373 3510 extra
397 3459 509 3510 muros
530 3437 743 3530 Moguntinos
768 3437 819 3527 (in
842 3448 952 3512 monte
977 3441 1030 3534 qui
1054 3437 1168 3510 dicitur
1192 3463 1276 3534 spe-

144 3539 277 3628 ciosus)
294 3533 347 3607 ubi
366 3546 399 3606 et
416 3534 564 3628 sepultus
583 3545 644 3608 est.

194 3633 288 3704 tin.
325 3631 511 3724 Sigeiridus
540 3631 641 3704 abbas
666 3630 840 3708 Fuldensis
870 3632 954 3708 sedit
978 3637 1072 3708 annis
1095 3658 1178 3709 xxv.
1215 3635 1278 3710 Hic

143 3754 219 3804 eum
248 3731 319 3822 aliis
343 3733 507 3824 episeopis
533 3741 566 3801 et
588 3728 749 3802 nobilibus
774 3741 807 3801 et
830 3733 901 3804 aliis
925 3731 999 3824 plus
1024 3755 1121 3825 quam
1149 3744 1276 3828 septem

142 3827 274 3901 milibus
299 3827 340 3900 ob
364 3827 608 3920 indulgenciam
631 3825 834 3901 lherusalem
864 3839 1092 3922 perrexerunt.
1136 3829 1276 3904 Ducenti

143 3927 209 3998 dno
227 3927 316 3998 milia
333 3924 375 4020 de
394 3937 522 4020 septem
539 3925 668 3998 milibus
693 3931 826 4000 reversi
844 3936 927 3998 sunt.
964 3924 1045 3996 Item
1068 3937 1184 4022 postea
1209 3926 1276 3997 de-

143 4027 295 4096 vocionis
324 4026 436 4116 gracia
460 4026 492 4094 in
518 4021 676 4096 Galiciam
700 4022 742 4095 ad
766 4034 914 4096 sanctum
938 4022 1092 4095 Iacobum
1118 4029 1274 4118 pemexit.

144 4121 228 4192 Cum
246 4125 444 4194 revertisset
461 4123 585 4195 intrans
603 4120 781 4196 claustrum
798 4125 924 4221 respuit
942 4122 1102 4218 seculum,
1120 4145 1194 4196 oum
1211 4126 1275 4202 iam

199 4243 228 4312 l]
249 4242 418 4318 mogunciam
436 4243 477 4300 bs.
