2982 4824
290 269 469 330 macarem
488 267 679 330 monemur
698 268 803 330 cumn
823 267 1063 334 munerarent.
1169 269 1241 348 639

114 446 175 520 dus
193 457 304 519 autam
322 445 364 519 ad
381 445 533 520 Ottonem
552 469 737 523 conversus
754 451 817 522 ait:
844 451 894 520 lle
919 469 1002 538 equo
1030 451 1188 523 descende
1213 459 1246 522 et

109 550 225 636 pedem
242 550 330 636 reple
345 549 537 618 deosculare
562 569 604 618 oo
634 551 685 620 illi
711 552 876 639 meoptom
902 552 1051 638 impende
1072 568 1137 637 pro
1158 569 1243 637 pro-

109 649 262 715 mlsrtmre
279 653 346 715 tone
362 647 465 716 coblll
483 648 542 716 libi
557 645 659 730 lucto.
688 645 736 717 At
752 647 806 718 ille
824 646 866 717 de
896 668 981 742 equo
1008 645 1185 735 discutit,
1210 655 1243 717 et

110 740 196 838 quod
227 753 389 834 cognatus
415 755 568 816 suaserat
592 753 693 815 totum
720 744 804 816 iecit.
855 747 976 818 Postea
999 755 1034 816 ut
1061 767 1159 838 supra
1177 748 1242 816 iam

111 841 300 912 dictumest
323 840 365 912 ad
385 843 556 935 impen'um
580 839 791 933 sublimatus,
821 865 939 935 regem
966 842 1159 939 Phylippum
1183 863 1242 937 per

111 939 314 1031 sollempnes
332 941 469 1012 nundus
487 941 670 1034 requisivit
688 950 723 1010 ut
740 939 815 1035 quid
833 938 894 1014 sibi
920 943 1116 1037 promiserat
1132 940 1242 1012 adim-

110 1035 226 1130 pleret.
253 1036 299 1109 At
314 1036 442 1109 raxille
458 1038 587 1110 inclitus
602 1040 828 1131 promissionis
846 1039 931 1112 illius
948 1040 1071 1111 lusorie
1082 1042 1242 1110 inmemor

109 1137 230 1207 nuntiis
256 1134 426 1230 respondit
452 1133 600 1224 Ottonisq
634 1134 718 1229 quod
744 1140 910 1226 nesciret,
935 1135 1009 1232 quid
1037 1139 1241 1231 imperatoria

112 1235 230 1326 peticio
260 1235 450 1304 contineret.
496 1232 644 1326 Cumque
681 1237 712 1304 ei
740 1238 965 1328 promissionis
1001 1237 1240 1308 circumstantia

110 1329 308 1402 scilicetloci
325 1341 359 1402 et
375 1334 529 1426 temporis
548 1329 759 1417 indicassent
779 1332 864 1406 illius
881 1335 1012 1426 negocii
1023 1353 1149 1405 memor
1166 1333 1241 1404 lac-

111 1437 177 1518 tus,
193 1426 273 1500 dixit
291 1450 329 1502 se
347 1428 421 1500 iacti
440 1428 609 1519 recolereq
635 1429 696 1500 sed
721 1428 826 1502 verba
851 1429 973 1502 ludicra
1002 1431 1056 1503 illa
1082 1430 1186 1504 luisse
1209 1440 1242 1501 at

108 1535 244 1620 paratus
262 1535 334 1597 erat
350 1524 476 1600 ludicre
493 1550 553 1600 sua
571 1529 733 1621 promissa
752 1528 932 1624 complere.
982 1525 1132 1600 Habebat
1154 1532 1241 1600 enim

109 1645 174 1696 rex
190 1625 319 1698 inclitus
337 1634 404 1696 tres
422 1626 588 1698 caniculas
605 1647 729 1718 parvas
748 1625 808 1696 sed
826 1624 996 1721 placidasq
1022 1649 1086 1721 que
1113 1627 1240 1699 illarum

107 1724 205 1794 trium
222 1719 377 1793 nobilium
395 1725 561 1796 civitatum
578 1719 762 1796 nominibus
781 1721 1019 1815 censebantur,
1049 1727 1091 1796 ita
1119 1734 1153 1796 ut
1175 1746 1240 1795 una

107 1819 294 1910 Aureliani,
312 1821 374 1891 alia
393 1819 583 1911 carnotum
602 1821 664 1892 alia
683 1819 828 1897 Parisiua
846 1821 1022 1894 dicebatur.
1064 1819 1141 1894 Rex
1158 1843 1241 1914 ergo

106 1938 295 1990 conversus
314 1916 356 1989 ad
372 1923 503 1993 nuntios
521 1917 617 1992 dbdt:
653 1920 690 1990 Sl
706 1921 767 1990 ltus
787 1924 937 1992 dominns
953 1931 1056 1994 certo
1072 1924 1242 1992 cmeimrlos

105 2018 195 2104 celll,
214 2035 288 2088 ecce
303 2017 482 2088 liberaliter
500 2020 639 2088 daturus
656 2038 727 2088 rom
744 2039 801 2092 cus
817 2021 888 2090 sibl.
929 2019 976 2091 At
993 2022 1093 2092 nuntii
1110 2021 1241 2092 reversi

105 2112 150 2184 ad
167 2117 359 2209 principem,
376 2119 468 2207 regis
487 2118 517 2185 ei
542 2113 645 2188 verba
675 2115 814 2188 fideliter
838 2117 992 2188 retulere.
1027 2116 1151 2205 Quibus
1175 2140 1241 2189 au-

106 2210 184 2284 ditis
202 2214 303 2284 iratus
322 2220 375 2284 eat
391 2223 424 2284 et
440 2234 562 2304 magno
581 2216 729 2286 exercitu
750 2223 973 2307 congregem
1000 2218 1118 2288 comite
1135 2213 1242 2286 Flan-

104 2307 180 2380 drie
198 2319 231 2380 et
248 2312 365 2382 comite
383 2313 487 2383 sancti
505 2310 595 2383 Pauli
615 2335 688 2384 curn
706 2334 748 2383 eo
765 2308 1027 2406 conspirantibus
1044 2321 1156 2384 conus
1174 2311 1241 2382 do·

103 2409 231 2478 minum
259 2429 355 2479 suum
381 2429 521 2502 regemq
552 2419 664 2481 contra
690 2431 808 2502 regem
836 2409 975 2482 Francia
1005 2432 1095 2481 arma
1126 2412 1240 2497 movit,

105 2503 280 2577 conlidens
298 2503 341 2576 de
358 2505 560 2580 multitudine
576 2510 673 2578 nimia
692 2507 826 2579 militum
851 2530 947 2603 quam
972 2505 1120 2580 babebat.
1172 2505 1241 2578 Sed

101 2601 309 2675 Francorum
325 2625 389 2676 rex
405 2607 533 2678 inobtus
552 2627 624 2676 cum
639 2607 806 2678 sexcentis
817 2605 901 2677 forte
912 2605 1062 2678 militibus
1073 2605 1117 2676 illi
1131 2626 1241 2699 quen-

103 2703 213 2774 tocius
241 2700 347 2774 laetus
378 2714 430 2775 est
457 2701 595 2794 obvim,
622 2724 765 2796 regnum
792 2701 972 2776 defendere
996 2725 1079 2778 ense
1096 2713 1239 2798 paratus.

103 2797 259 2892 Cumque
275 2803 339 2872 iam
357 2804 524 2874 exercitus
541 2823 644 2896 prope
664 2811 780 2876 essent
804 2811 838 2872 et
858 2805 923 2873 iam
947 2802 1089 2897 undique
1118 2798 1240 2872 bellum

100 2899 256 2986 incurat,
273 2920 336 2972 rex
352 2920 490 2993 parvum
507 2896 651 2970 militiam
668 2921 764 2993 quam
782 2898 922 2971 babebat
931 2900 1091 2973 allocutus
1114 2909 1167 2972 ast
1181 2919 1241 2992 per

102 2993 197 3068 hunc
213 2995 368 3068 modum:
401 2999 514 3068 Sermo
532 2998 613 3067 mibi
629 3007 677 3068 est
691 3001 740 3068 od
753 3017 824 3087 occ,
841 3017 907 3068 occ
923 3003 1009 3070 maort
1029 3002 1076 3070 od
1097 2998 1241 3068 subditos

100 3097 158 3164 ael
173 3094 340 3185 sublectos,
358 3098 418 3166 sed
432 3099 518 3166 mccl
532 3098 580 3166 od
588 3099 821 3166 commilitones
831 3115 927 3184 meos,
944 3117 1014 3167 meo
1025 3099 1120 3166 cordi
1130 3099 1240 3165 corte-

100 3196 214 3262 se'mos.
255 3192 315 3262 Vos
332 3197 417 3264 enim
433 3213 552 3284 perere
567 3195 698 3282 Franci,
714 3212 770 3263 cos
782 3197 876 3283 repar·
886 3195 1026 3264 Frocor'e
1043 3193 1239 3277 defensores.

101 3291 258 3378 Plerique
273 3293 434 3378 siquidem
450 3300 588 3362 aaronem
604 3311 654 3361 me
671 3291 794 3361 virtum
808 3291 1141 3380 commesationes,
1153 3310 1240 3380 pro-

101 3389 251 3459 boticem
271 3392 433 3480 cadomo,
467 3398 500 3460 et
519 3391 590 3460 solo
619 3392 708 3479 repis
734 3393 863 3460 ccmlne
889 3410 945 3461 cos
965 3391 1121 3480 precello.
1154 3389 1240 3458 llcce

100 3505 273 3574 coronam,
291 3505 391 3576 quom
408 3491 456 3558 od
470 3489 625 3558 latorem
642 3495 781 3558 amttam
797 3492 830 3559 ln
849 3492 956 3578 capite
965 3488 1108 3579 persero,
1127 3505 1239 3558 corona

99 3585 197 3655 colem
213 3589 248 3656 ln
265 3593 388 3656 terram
405 3588 540 3676 depono,
558 3605 657 3674 quom
672 3588 702 3656 sl
724 3589 838 3675 placet
852 3589 942 3658 cobis
967 3585 1144 3670 defendere
1166 3603 1239 3654 earn

99 3701 197 3772 repo.
233 3683 304 3773 llpo
321 3689 407 3754 enlm
423 3685 477 3754 bic
493 3687 621 3754 morior
636 3687 731 3772 solur,
760 3687 858 3755 ellum
875 3687 904 3754 oi
931 3703 953 3754 o
979 3685 1069 3755 cobis
1093 3683 1239 3754 omnibus

99 3781 203 3865 fuero
220 3783 402 3854 derelictos.
434 3781 527 3853 'lrmc
537 3803 582 3852 ex
598 3780 866 3854 commilitonibus
880 3803 965 3856 unus
977 3780 1136 3875 probitate
1153 3776 1238 3852 sub-

99 3877 235 3968 timim„
262 3878 413 3952 sednon
440 3880 511 3950 aliis
535 3875 689 3950 fidelitate
714 3881 882 3973 superior,
910 3900 1077 3952 consensu
1094 3879 1238 3949 omnium

98 3995 228 4067 magna
247 3999 333 4049 voce
360 3979 525 4051 clamavit:
552 3978 724 4066 liecumlle,
750 3979 808 4066 ait,
836 3997 1007 4066 eoronam,
1035 3997 1096 4047 rec
1118 3977 1237 4064 inclite,

99 4079 188 4163 pulo
205 4095 316 4146 omnm
328 4080 444 4166 porolr'
452 4095 562 4146 summ
570 4095 636 4163 pro
645 4079 739 4165 repul
750 4073 938 4158 delcmtmtc
949 4078 1048 4146 ollone
1064 4092 1237 4164 euponere,

96 4191 168 4245 nec
185 4177 389 4245 multllrtdlrte
406 4182 565 4246 tcrremm
589 4175 726 4244 mettum
752 4176 805 4243 cel
825 4177 949 4244 cirtulo.
989 4170 1113 4245 Omnes
1138 4173 1239 4262 igitur

97 4271 239 4344 animati
257 4273 402 4367 morique
420 4274 523 4367 parati
542 4291 658 4368 regem
675 4281 799 4364 cogunt
825 4291 979 4343 coronam
1004 4291 1177 4346 resumere
1205 4279 1239 4342 et
