3036 4822
283 246 357 328 388
392 247 549 311 cuneatur
560 247 740 308 nostratui
751 245 902 304 nuscum
913 245 1113 304 FRAGMENTA
1124 243 1307 304 constent

198 439 269 498 ttts
282 426 408 500 liessen
433 425 486 496 die
502 435 571 498 von
589 423 701 496 Mento
719 423 810 494 Gora
828 443 896 494 von
912 419 1094 493 Hoebbeinr
1117 423 1413 506 ein'steuarmann,

284 522 361 596 Clas
379 523 562 596 Schneider
586 521 647 592 der
668 523 769 613 longe
794 519 860 592 und
876 520 977 593 Peter
993 540 1061 590 von
1076 517 1172 611 Eyeb
1188 514 1328 606 weber„
1352 517 1414 590 alle

280 619 407 712 bttrger
431 643 499 694 von
516 619 628 691 Mento
650 623 678 691 ir
701 617 821 690 heubte
843 622 877 688 in
901 615 961 688 der
976 613 1220 707 Ketzergrube¹
1250 613 1415 705 abbanes,

283 718 348 792 und
366 719 508 790 worden
530 717 646 788 berein
669 717 793 809 getitrt,
817 713 883 788 und
906 713 1066 806 iegliober
1088 716 1123 784 in
1146 717 1257 784 seiner
1280 712 1416 805 psarreo

282 815 434 888 birobhof
446 814 617 908 begraben
636 812 712 886 umb
728 813 828 886 Dulin
845 824 922 905 gots
940 811 1064 884 willan.
1091 811 1241 899 (Sobaob
1257 812 1374 882 Motus
1384 814 1416 897 2,

330 1013 432 1084 Anno
442 1010 654 1082 m.eoee.l.vii.
666 1008 760 1104 pueri
772 1012 876 1082 saneti
886 1007 1058 1080 Michaelis
1075 1009 1332 1101 peregrimum
1343 1029 1417 1080 euro

282 1131 405 1201 magno
423 1107 558 1180 fervore
575 1129 636 1202 per
653 1118 777 1180 mrmas
795 1117 829 1178 et
846 1109 954 1179 suurn
977 1107 1124 1178 oessavit
1140 1115 1276 1198 propter
1292 1104 1415 1178 tedium

280 1209 404 1279 itineris
422 1204 593 1277 etiamen
610 1208 799 1294 maximam,
824 1224 920 1297 quarn
938 1199 1151 1296 patiebantur.
1187 1200 1331 1289 Quidam
1348 1222 1416 1276 vo-

280 1303 361 1394 lunt,
380 1301 465 1398 qood
483 1304 615 1396 spiritus
634 1325 774 1396 nequam
791 1305 953 1392 agitasset
969 1321 1039 1372 eos.

330 1400 426 1474 Ciroa
442 1399 663 1493 beatempora
679 1410 809 1493 reperta
820 1409 873 1472 est
884 1400 1019 1472 seientia
1037 1397 1247 1472 subtilissima
1265 1401 1415 1492 impres-

280 1501 381 1572 sionis
397 1495 554 1569 librorum
564 1501 598 1568 in
615 1499 747 1568 anate
757 1495 939 1588 Magantia.
965 1493 1018 1566 De
1034 1495 1097 1567 hae
1113 1506 1184 1568 arte
1200 1499 1414 1588 impressoria

279 1595 393 1672 dootor
409 1591 626 1668 Sebastianus
642 1593 746 1666 Brant
761 1597 805 1665 ita
823 1597 956 1666 oeoinit:

377 1700 494 1796 Nuper
510 1699 550 1770 ab
568 1703 703 1794 ingenio
720 1699 882 1770 Rbenane
900 1703 1009 1792 gentis
1027 1711 1062 1771 et
1078 1711 1148 1771 arte

425 1796 595 1870 Librorum
612 1801 748 1870 emersit
764 1799 857 1890 oopia
874 1797 969 1889 larga
986 1801 1101 1885 nimis3

377 1897 419 1969 Et
435 1898 489 1990 qui
506 1893 660 1968 divitibus
678 1898 738 1967 vix
754 1897 828 1986 rogi
845 1892 1030 1966 obvenerat
1045 1896 1136 1984 oliuu

426 1991 523 2065 Nono
538 1991 622 2064 liber
637 1996 671 2063 in
689 1995 779 2062 tenui
796 1995 940 2063 cernitur
957 2014 1036 2066 esse
1054 2015 1142 2069 oasa.

379 2093 490 2170 Gratia
509 2097 572 2193 dys
590 2101 741 2194 prirnum7
759 2119 839 2170 nrox
854 2098 1109 2192 impressoribus
1127 2117 1211 2190 equa

426 2195 551 2286 Gratia,
570 2215 706 2291 quornm
723 2217 824 2290 opera
842 2195 906 2267 beo
920 2200 1023 2290 prima
1040 2205 1172 2290 reperta
1189 2193 1246 2263 via
1263 2202 1330 2277 est,

378 2292 451 2380 Qua
469 2293 583 2366 doows
600 2294 692 2365 latuit
708 2293 835 2366 Greoos
851 2291 1030 2388 latosque
1048 2303 1178 2386 reperta

425 2391 496 2463 Ars
513 2413 603 2462 nova
622 2390 788 2462 Germano
806 2394 899 2462 venit
915 2389 956 2462 ab
972 2391 1123 2483 ingenio!

325 2507 427 2579 Anno
445 2507 624 2578 moecelx.
640 2516 710 2577 orta
729 2516 806 2578 sunt
822 2507 973 2578 intestina
991 2504 1076 2577 bella
1096 2505 1311 2598 gravissima
1330 2525 1414 2600 pre-

278 2609 372 2699 eipue
395 2608 481 2675 inter
504 2603 678 2676 nonnullos
701 2605 877 2698 principes
903 2607 1038 2675 eomites
1059 2613 1092 2673 et
1114 2601 1270 2692 barones
1296 2605 1351 2696 qui
1377 2623 1415 2672 se

278 2711 502 2798 opposuerunt
519 2700 649 2772 domino
667 2698 835 2772 Friderioo
853 2703 960 2772 comiti
977 2701 1123 2772 Palatino
1139 2699 1261 2788 Rheni,
1280 2702 1415 2795 ipsum-

278 2821 342 2894 que
365 2804 398 2872 in
423 2819 538 2893 eampo
563 2801 649 2870 inter
665 2796 897 2870 Federsheim²
915 2808 948 2869 et
965 2797 1148 2870 Criesheim
1171 2795 1334 2868 hostiliter
1357 2799 1414 2868 in-

277 2907 446 2968 vaserunt.
473 2893 666 2966 Continuata
684 2916 796 2990 pugna
812 2919 830 2966 a
848 2917 946 2967 mana
964 2917 1069 2990 usque
1088 2893 1261 2964 adherant
1280 2905 1413 2967 sextam

277 2997 502 3088 vespertinam
530 2993 662 3063 tandem
685 2992 862 3066 Dietberus
891 2992 1157 3087 arehiepisoopus
1183 2991 1414 3082 nogannus,

278 3090 387 3162 deleto
424 3089 672 3161 erFriderieurn
683 3089 864 3161 Palatinum
882 3093 1029 3162 exercitu
1042 3111 1115 3178 suo,
1133 3093 1193 3161 vix
1204 3088 1244 3158 ad
1256 3087 1414 3184 oppidum

277 3113 492 3260 Federsbeim
518 3209 591 3259 oum
619 3189 731 3281 paucis
757 3189 825 3260 suis
854 3190 962 3260 evasit
986 3188 1100 3260 salvis.
1136 3187 1345 3279 Quamquam
1369 3207 1416 3257 ex

276 3290 402 3356 ratione
436 3284 610 3356 eonmrdie
638 3284 845 3378 postmodum
870 3289 948 3356 inite
974 3284 1062 3355 idern
1096 3282 1250 3378 oppidum
1279 3283 1414 3355 domino
1498 3355 1499 3362 p

276 3381 422 3454 Palatino
440 3383 590 3454 raditum
608 3393 659 3454 est
676 3393 710 3453 et
726 3385 977 3476 oppignoratam
994 3385 1122 3454 mansit.
1498 3375 1499 3422 ³

325 3479 426 3551 Anno
451 3480 661 3563 moccelxii.
681 3483 765 3572 eapti
790 3483 914 3552 suntin
935 3479 1060 3574 proelio
1084 3477 1170 3574 apud
1187 3477 1414 3550 Seokenbeim
1498 3501 1499 3512 ¹

275 3585 344 3650 tres
367 3581 531 3672 principes
558 3587 591 3648 et
615 3578 779 3668 gloriosus
804 3576 1016 3670 triumphator·
1038 3575 1223 3647 Friderieus
1243 3575 1414 3648 Palatinus
1498 3659 1499 3664 Ἰ

275 3695 336 3746 eos
354 3697 469 3748 seeum
487 3673 621 3746 abduxit
637 3673 903 3766 Heidelberganr.
930 3673 1051 3746 Actum
1069 3672 1122 3743 die
1140 3673 1251 3744 ultima
1267 3675 1361 3745 iunii.

323 3773 425 3844 Anno
448 3772 672 3844 moecatus.
690 3775 724 3842 in
748 3771 893 3866 profesto
917 3770 1004 3842 beati
1020 3769 1146 3841 Nieolai
1172 3769 1260 3861 [deo.
1280 3771 1321 3861 5]
1346 3771 1413 3843 ob-
1498 3795 1499 3880 p

275 3869 361 3944 sedit
392 3870 479 3942 idem
506 3869 693 3942 Friderieus
728 3873 893 3942 civitatem
920 3865 1187 3960 weissenburg,
1222 3867 1284 3940 sed
1312 3869 1414 3940 niebil
1498 3899 1499 3916 ÷

275 3967 420 4062 proiecit.

323 4065 424 4138 Anno
447 4067 650 4139 meoeobxx,
669 4066 722 4137 die
741 4088 774 4138 v.
794 4067 869 4137 maii
891 4064 978 4136 iden
996 4061 1182 4138 Friderieus
1201 4069 1414 4160 expugnavit

329 4185 358 4254 1)
377 4189 470 4258 vergi.
489 4205 586 4259 aegea
607 4191 687 4260 deren
713 4189 774 4260 lage
793 4188 895 4245 Sobaab
915 4205 938 4244 a.
951 4205 975 4244 a.
989 4204 1015 4245 o.
1051 4187 1083 4255 2)
1102 4187 1302 4244 Pieddersbaian
1323 4195 1413 4246 west-

272 4257 326 4320 tien
346 4273 399 4319 roo
418 4259 538 4320 Worars.
1010 4261 1011 4264 ’
