2902 4820
261 260 440 320 mnontrnn
460 259 650 320 rtonunrmv
669 262 774 320 ensrt
796 260 1034 320 vnvvnmonutt.
1137 255 1209 340 4323

67 447 124 510 est
142 460 205 532 pro
225 459 266 508 eo
284 437 387 510 irater
407 441 479 510 eins
497 461 609 511 comes
624 439 802 512 balduinus
814 438 856 510 dc
868 439 958 511 Rois.
987 438 1024 510 in
1037 438 1208 512 Antiochia
1285 441 1288 447 ’

66 558 159 608 vero
179 547 252 610 erat
269 539 421 631 princeps
442 541 604 610 institutus
621 535 853 629 Boagtnons,
874 541 1007 631 sapiens
1028 541 1099 620 vir,
1126 536 1210 610 tilius

65 633 97 704 T
97 632 239 705 ancredi
257 637 410 729 principis
428 635 612 725 Tarentinia
631 638 683 729 qui
702 638 832 707 natione
858 635 964 707 iuerat
988 634 1210 724 Normannnu

66 753 182 828 nepos
199 729 336 804 Roberti
354 731 524 806 Guisoardi
543 755 586 804 ex
604 755 729 804 sorore.
1134 793 1137 802 Δ

121 827 276 900 munus
294 834 347 924 qui
366 841 397 902 et
411 830 571 902 liuterius
582 829 650 903 dux
665 831 812 903 Saxonie
825 833 857 902 in
872 834 1100 925 imperatorem
1114 833 1211 903 elce-

70 939 125 998 tus
146 938 223 1021 post
236 926 413 1000 Henricum
430 931 587 1023 quintum,
606 933 882 1024 imperavitannis
900 983 1017 1001 .....
1023 935 1031 974 ¹
1051 951 1155 1024 usque
1179 934 1211 1001 in

69 1023 332 1096 annumdomini
346 1049 410 1098 mc
411 1081 556 1098 ......
562 1031 591 1118 ·)
610 1025 1056 1100 PraeratRomaneeoclesic
1069 1049 1110 1098 eo
1122 1038 1211 1098 tam-

70 1145 158 1216 pore
179 1120 389 1196 Innocentius
408 1124 587 1212 secundus,
604 1127 672 1196 vitu
686 1127 871 1196 etscicnoia
883 1127 1061 1219 preclarus.
1090 1123 1209 1197 Contra

69 1221 163 1292 bunc
184 1219 301 1292 Petrus
319 1219 439 1294 Leonis
460 1220 575 1296 nobilis
600 1225 682 1294 civis
706 1223 875 1295 Romanus
900 1233 1051 1317 papatum
1077 1225 1209 1314 invasit,

70 1340 183 1412 seque
201 1323 390 1390 consecrari
408 1321 547 1410 iaciens,
567 1320 747 1392 Anacictus
761 1331 897 1392 vocatus
913 1332 975 1394 cst.
1002 1319 1210 1392 innocentius

72 1439 162 1488 vero
180 1437 248 1486 non
266 1417 385 1489 valens
403 1415 588 1490 substinere
615 1422 877 1512 persecutionem
906 1419 1127 1490 Romanorum
1152 1417 1211 1490 iu-

70 1517 238 1602 rentium,
262 1525 395 1608 portans
419 1519 644 1588 innocencium
668 1537 800 1605 seonnra
826 1538 901 1586 cnm
919 1515 1057 1588 Romam
1083 1515 1212 1588 reduxit

74 1611 121 1682 de
139 1608 265 1684 Galliu²
282 1615 456 1708 ipsumque
472 1624 624 1708 potenter
640 1617 671 1684 in
690 1611 914 1684 Lateranense
932 1615 1084 1707 palatium
1103 1615 1211 1686 cotio-

73 1720 130 1780 cat
157 1709 367 1804 eundemque
396 1711 526 1782 Petrum
551 1710 691 1800 Leonis2
719 1715 770 1805 qui
800 1712 974 1784 ecclesiam
998 1715 1100 1783 sancti
1124 1713 1210 1782 Petri

72 1809 255 1897 munierat,
273 1819 454 1902 expugnat.
504 1807 572 1880 Sed
597 1831 663 1880 non
690 1808 825 1880 muitum
849 1819 923 1903 post
950 1810 1067 1881 Petrus
1091 1807 1211 1882 Leonis

72 1910 150 1978 sine
170 1909 346 2000 penitentia
369 1911 509 1978 moritur.
548 1904 757 1978 Innocentius
775 1927 859 1978 voro
876 1905 1038 1978 botarinm
1056 1906 1161 1979 Rome
1180 1911 1210 1978 in

74 2007 311 2098 imperatorem
330 2014 473 2076 coronat.
507 2002 798 2076 TuncLodovicus
827 2027 961 2077 crossus
989 2004 1150 2098 regnabat
1179 2009 1211 2076 in

71 2099 231 2190 Francia,
252 2104 343 2174 cuius
362 2101 462 2174 fliium
487 2101 679 2196 Phylippum
707 2102 879 2195 parvulum
902 2099 1112 2175 Innocentius
1139 2125 1211 2176 oum

73 2209 173 2272 esset
190 2203 223 2269 in
241 2197 344 2272 Gallia
363 2204 534 2272 coronavit
550 2199 673 2272 Remis.
717 2201 778 2287 Qui
803 2221 897 2292 puer,
921 2210 1070 2294 utsupra
1094 2198 1212 2274 dictum

74 2307 130 2369 est
148 2297 192 2368 da
216 2319 301 2392 equo
323 2297 446 2370 cadens
470 2307 603 2394 propter
626 2301 714 2394 porci
739 2295 906 2369 cuiusdam
932 2297 1209 2392 impedimentum,

74 2395 186 2468 subito
204 2406 393 2491 peremptus
412 2406 472 2468 est.
507 2393 689 2489 Imperator
705 2406 814 2466 autern
835 2393 995 2466 Lintcrius
1016 2398 1089 2466 sive
1106 2394 1210 2467 tun-

73 2498 145 2567 rius
172 2505 246 2588 post
269 2497 531 2584 coronationem,
558 2494 631 2566 zelo
655 2491 707 2564 dai
726 2515 907 2581 accensum
935 2503 1086 2586 tanquam
1105 2491 1210 2564 fidelis

75 2591 262 2664 advocatus
291 2591 434 2663 ecclesie
462 2602 612 2686 potenter
635 2613 709 2663 cnm
732 2613 815 2685 papa
839 2587 1028 2662 Innocentio
1057 2589 1210 2685 Apuliam

73 2693 212 2760 intravit
229 2701 262 2760 et
279 2690 460 2782 Rogerium
478 2692 652 2778 comitem,
679 2691 732 2782 qui
751 2699 862 2760 contra
887 2710 1003 2783 papam
1029 2711 1067 2760 se
1092 2691 1211 2777 erexit,

75 2790 108 2858 in
127 2787 273 2859 Siciliam
291 2788 419 2878 fugavit
437 2799 560 2860 etcum
577 2808 660 2883 papa
679 2785 795 2858 ducam
813 2786 995 2858 Ramoncm
1018 2807 1077 2880 pro
1095 2807 1136 2856 eo
1154 2789 1210 2856 in-

75 2889 178 2958 stitnit
195 2889 229 2956 in
248 2885 378 2978 Apulia.
414 2885 499 2960 Huic
518 2887 654 2956 victorie
671 2887 875 2977 imperatoris
894 2895 1022 2980 etpape
1039 2887 1211 2955 astiterunt

75 2983 197 3056 Pisani.
234 2983 398 3078 Tempore
416 2981 511 3055 buius
530 2982 662 3054 Henrici
681 2985 778 3074 quinti
799 2979 906 3054 valida
934 2981 1039 3054 iames
1070 2981 1209 3052 Ytaiiam

74 3083 261 3175 occupavit.
302 3079 340 3152 in
368 3079 504 3152 Francia
529 3101 612 3152 vero
638 3089 723 3150 tanta
754 3081 882 3151 siccitas
906 3079 981 3168 init7
1007 3089 1042 3150 ut
1064 3078 1209 3164 flumina„

74 3179 215 3268 lacuna,
239 3179 345 3250 fontes
374 3201 413 3250 ao
430 3181 517 3272 putei
544 3199 603 3273 pro
621 3197 741 3268 magna
759 3186 850 3269 parte
870 3179 1080 3247 siccarentur.
1118 3174 1208 3266 ignis

74 3295 220 3370 quoqne,
239 3279 292 3372 qui
311 3297 370 3369 per
387 3280 487 3348 rimas
506 3287 593 3348 terre
615 3273 868 3363 subintraverat
893 3296 955 3346 nec
972 3270 1128 3345 imbribus
1147 3293 1211 3342 neo

73 3375 202 3465 frigore
220 3372 351 3446 biennio
369 3377 517 3466 extingui
535 3375 644 3468 potuit.

125 3470 294 3544 Corradus
310 3474 431 3544 tercius
449 3481 523 3564 post
534 3469 709 3560 Laterium,
723 3482 758 3541 ut
771 3495 789 3541 a
801 3467 993 3565 quibusdam
1012 3470 1127 3541 dicitur
1142 3490 1210 3539 ne-

75 3592 136 3664 pos
155 3568 288 3642 Henrioi
307 3571 411 3663 quarti
428 3568 484 3640 vel
503 3570 600 3663 quinti
619 3591 663 3640 ex
681 3590 808 3657 sorore,
820 3573 852 3638 in
864 3571 1093 3663 imperatorem
1114 3567 1212 3637 eico-

75 3679 129 3740 tus
147 3676 208 3739 est.
245 3666 425 3762 Imperavit
442 3670 537 3738 annis
555 3663 750 3760 quindecim„
769 3686 835 3736 non
859 3675 967 3736 tamen
993 3690 1012 3736 a
1037 3688 1119 3760 papa
1145 3663 1211 3732 aii-

75 3787 140 3859 qno
157 3763 422 3836 benedictionem
439 3761 559 3853 babuit,
578 3786 641 3835 nco
658 3774 832 3835 coronatus
851 3763 1025 3857 initusquc
1037 3766 1068 3833 in
1091 3781 1212 3832 annum

77 3863 197 3935 domini
229 3863 365 3934 moni.3
401 3859 589 3933 Dominnvit
616 3860 668 3934 bio
694 3859 860 3933 Corradus
890 3871 1037 3954 tompore
1071 3858 1212 3949 Eugenii

130 3996 159 4060 i)
178 3993 250 4049 iecra
276 3993 370 4049 stciien
397 3993 422 4048 in
449 3993 496 4048 der
519 3994 559 4048 bs.
595 3993 626 4060 2)
650 3993 676 4048 in
697 3994 744 4048 der
770 3993 812 4047 ba.
833 3993 867 4047 ist
895 3991 1028 4046 awiscben
1048 4007 1137 4045 secum
1158 3987 1213 4044 nnd

77 4065 184 4122 reduxit
203 4067 264 4120 aine
285 4066 357 4120 nieht
375 4064 477 4120 wieder
498 4065 550 4120 voti
574 4065 735 4134 ausgeiitiitc
762 4080 851 4130 rasnr3
877 4081 907 4118 es
934 4063 999 4117 tebit
1022 4062 1144 4118 oiienbar
1170 4059 1215 4116 die

77 4138 244 4206 eravitbnung
263 4138 310 4190 der
330 4135 411 4190 tuctu
430 4137 477 4190 des
497 4136 604 4220 pabstes
630 4137 682 4190 und
708 4137 755 4190 des
782 4135 926 4189 antbruebs
954 4134 1073 4188 botbars.
1111 4135 1141 4200 3)
1170 4132 1215 4188 dia

78 4209 208 4265 iabrszabi
237 4207 272 4262 ist
298 4207 476 4276 naobtrttgiiotr
498 4223 522 4262 ιιι
544 4207 603 4262 cine
630 4207 706 4262 ittcke
731 4205 924 4280 gosotrieten,
949 4205 992 4261 die
1018 4205 1134 4262 dadnrcb
1162 4219 1215 4262 rtur

77 4281 135 4338 baib
156 4278 305 4352 ausgeittiit
325 4277 400 4334 wird.
