2966 4842
261 195 309 269 14
647 191 847 250 consumo
861 188 1052 248 inmunem

263 361 421 438 nensibus
444 372 676 454 recesserint,
700 385 781 458 apros
800 385 879 437 suos
897 361 1045 434 dominos
1063 361 1234 432 nominare
1250 357 1398 436 scn‘here

264 472 297 534 et
318 460 442 534 habere
459 473 717 552 consueverunt,
742 472 775 533 et
791 458 1029 550 Bonnensibus
1054 457 1207 553 ponendo
1225 481 1302 530 cum
1319 457 1397 530 Fri·-

260 558 481 653 burgeusibus
505 559 653 649 insidias,
677 571 815 655 quatuor
837 557 1035 630 occiderunt.
1059 557 1180 651 Sicque
1202 555 1396 630 Beruenses

262 656 302 730 ab
319 656 503 730 hominibus
521 656 667 729 derelicti
683 660 934 753 circumquaque
944 652 1231 749 impugnabantum
1249 677 1315 726 nec
1331 677 1396 747 po-

261 766 368 827 terant
389 754 513 826 habere
537 756 724 827 momeliam
742 759 886 849 copiam,
910 756 1053 826 maxime
1070 756 1104 824 iu
1121 755 1199 824 vino
1217 763 1252 823 et
1267 751 1397 823 lactici-

261 857 337 942 niis,
354 855 417 924 uisi
434 876 509 925 cum
526 853 659 926 vexillis
677 857 791 924 armati
809 851 905 925 simul
922 860 956 921 et
972 852 1166 942 congregati
1184 848 1227 920 de
1244 859 1355 921 castro
1366 859 1397 920 et

262 953 394 1022 civitate
411 951 453 1021 de
470 951 589 1045 Spicea
607 951 683 1022 talia
701 951 742 1021 ad
760 973 855 1023 suam
874 951 1039 1020 civitatem
1062 951 1095 1018 iu
1111 945 1221 1017 Beruo
1239 945 1396 1018 adduxe-
1465 991 1466 1008 1

261 1059 348 1140 runt,
373 1048 557 1120 huiusmodi
580 1049 674 1120 malis
699 1048 840 1142 undique
859 1067 964 1140 usquc
981 1043 1023 1116 ad
1040 1045 1161 1118 lestum
1177 1043 1304 1139 pasche
1322 1055 1396 1116 nuuc

262 1145 405 1218 futurum
422 1148 575 1216 continue
592 1149 743 1238 oppressi
761 1154 794 1217 et
810 1148 935 1218 vexati.

312 1242 355 1314 Bt
371 1253 542 1336 postquam
560 1242 694 1315 diversa
712 1251 745 1314 et
761 1243 861 1314 multa
877 1238 1024 1314 hostibus
1043 1242 1112 1312 suls
1128 1241 1324 1316 Beruenses
1342 1241 1394 1312 le-

263 1349 390 1428 ceant,
407 1343 441 1410 in
457 1337 662 1410 hebdomade
674 1326 761 1413 ‘vero
780 1349 892 1412 sancta
906 1348 980 1432 post
997 1338 1190 1410 dominicam
1214 1340 1394 1432 pulmarum

262 1437 453 1510 Beruenses
468 1446 630 1510 exeuntes
642 1441 674 1508 in
688 1441 787 1510 armis
804 1445 970 1510 venerunt
986 1434 1028 1506 ad
1040 1437 1204 1507 civitatem
1215 1441 1345 1510 comitis
1356 1435 1394 1507 de

263 1532 403 1630 llpburg
426 1557 490 1628 que
514 1544 652 1607 vocatur
668 1535 802 1608 Hutnil.
827 1535 869 1606 Et
886 1534 1044 1607 sctdletus
1062 1533 1226 1626 predictus
1244 1533 1394 1606 dominus

262 1629 426 1704 lohannes
439 1630 777 1726 deBubenbergcum
788 1633 925 1720 veuilloq
944 1641 977 1702 et
988 1633 1225 1725 ceteriequites
1236 1631 1394 1704 Beruen-

263 1733 349 1804 sium
366 1740 579 1898 properantes
598 1731 747 1804 velocius
764 1727 985 1826 precedebant
1009 1729 1090 1800 alios
1109 1732 1163 1823 qui
1179 1751 1238 1801 eos
1256 1728 1394 1823 pedibus
1466 1729 1467 1750 l

264 1850 368 1923 seque
390 1837 494 1900 antur.
512 1828 606 1900 Prius
630 1839 739 1900 autem
757 1850 854 1923 quam
870 1825 1044 1922 pedestres
1063 1829 1332 1921 supervenirent„
1355 1826 1395 1896 hii
1466 1857 1467 1896 3

263 1929 317 2020 qui
334 1929 368 1997 in
384 1927 477 2020 equis
494 1933 728 2020 precesserant
745 1929 908 2000 civitatem
931 1927 1010 2016 igne
1028 1927 1196 2019 supposito
1214 1946 1395 2018 expugua-

263 2033 396 2113 verunt
414 2032 447 2093 et
464 2023 634 2119 spoliatam
652 2046 727 2095 cam
743 2026 932 2115 totamigue
943 2019 1190 2112 desuererunt,
1202 2019 1394 2116 quibusdam

262 2123 317 2214 qui
333 2125 439 2216 ipsam
456 2124 621 2195 civitatem
638 2119 864 2193 custodiebant
886 2122 1004 2192 occisis
1023 2127 1056 2190 et
1073 2119 1145 2194 aliis
1162 2123 1301 2215 captivis
1320 2119 1394 2190 iude

264 2218 378 2291 ductis.

311 2317 408 2388 Feria
426 2315 572 2391 secunda
588 2327 664 2410 post
679 2327 832 2390 octavam
842 2315 964 2412 pasche
978 2313 1092 2407 [1340
1103 2337 1170 2410 apr.
1182 2314 1246 2406 24]
1261 2338 1396 2388 exeun·

262 2423 313 2490 tes
331 2415 522 2488 Beruenses
540 2415 602 2487 soli
619 2414 840 2486 tantummodo
861 2437 935 2485 cum
945 2414 1077 2486 vexillis
1099 2423 1131 2484 et
1142 2415 1240 2488 armis
1250 2436 1396 2509 proces-

264 2523 378 2586 serunt
394 2534 516 2584 versus
534 2515 699 2584 cititatem
716 2511 995 2604 Friburgensium.
1015 2510 1058 2582 Et
1075 2522 1237 2586 exeuntes
1255 2509 1397 2584 Fribur-

264 2631 390 2703 gauses
409 2619 520 2681 contra
539 2631 598 2682 eos
616 2609 960 2683 asaaessernensium
978 2620 1072 2700 terga
1090 2606 1259 2681 dederunt
1277 2608 1321 2681 Bt
1338 2609 1396 2681 fu·-
1467 2609 1468 2686 ζ

264 2711 394 2800 gieutes
401 2706 591 2780 Beruenses
598 2707 880 2802 persequebantur
891 2707 1028 2778 eosdem
1039 2727 1145 2800 usque
1155 2705 1196 2776 ad
1203 2717 1330 2802 portam
1343 2711 1398 2778 ci-

263 2809 385 2896 vitatis7
410 2814 443 2874 et
466 2804 655 2876 cecideruut
676 2805 730 2876 illa
754 2804 807 2876 die
831 2805 872 2876 dc
894 2801 1171 2895 Friburgeusibus
1197 2808 1398 2900 septingenti

264 2905 339 2992 viri,
365 2905 418 2997 qui
436 2906 535 2974 armis
552 2902 772 2976 Berueusium
789 2903 919 2975 fueram
934 2905 967 2972 iu
985 2902 1118 2974 flumine
1134 2900 1292 2994 fugiendo
1310 2900 1398 2976 suh-

264 3002 375 3072 mersi.
475 3001 567 3072 Tunc
580 3023 707 3097 quoque
719 3003 752 3071 in
762 3000 816 3072 illa
827 3003 963 3073 victoria
975 2998 1043 3072 dux
1063 3000 1164 3089 [erat]
1176 2999 1399 3082 Baniensium

265 3094 473 3196 fidelissimus
492 3119 605 3170 eorum
622 3099 750 3170 adiutor
767 3109 800 3169 et
816 3101 909 3194 quasi
926 3098 980 3169 leo
991 3097 1200 3186 lortisshuus,
1217 3095 1399 3170 bestiarum

265 3196 383 3268 nullius
401 3218 530 3290 pavens
546 3219 611 3267 nec
628 3200 746 3270 bueus
764 3218 977 3288 aggressum„
995 3193 1145 3266 domiuus
1157 3193 1400 3269 videlicetRu-

264 3291 371 3364 dolfirs
388 3293 431 3362 dc
447 3291 567 3366 Erlaob
584 3294 690 3366 miles.
789 3293 916 3366 Eadem
937 3296 1034 3364 etiam
1051 3290 1104 3362 die
1116 3303 1259 3366 castrum
1276 3291 1398 3366 uotum

266 3386 377 3462 Castel
394 3400 619 3484 expugnatum
637 3391 814 3486 spoliantes
832 3390 1056 3463 incenderunt.
1158 3389 1314 3465 Proxima
1332 3414 1399 3462 au-

264 3495 331 3557 tem
341 3486 423 3558 feria
434 3491 543 3581 quinta
554 3492 704 3583 sequenti
724 3492 808 3583 [apr.
820 3487 884 3579 27]
896 3486 1304 3581 redeuutesquriburgm
1315 3511 1400 3584 par-

264 3591 331 3654 tem
349 3585 486 3656 civitatis
504 3583 736 3677 Friburgensis
754 3585 983 3682 queGaltema
1001 3585 1127 3676 dicitur,
1145 3595 1179 3658 et
1195 3607 1312 3659 omnes
1330 3586 1398 3658 do-

265 3703 338 3756 mus
362 3704 467 3777 usque
491 3681 533 3753 ad
549 3693 682 3776 pontem
699 3688 838 3758 civitatis
857 3685 1082 3778 spoliaverunt
1104 3692 1138 3754 et
1154 3684 1398 3756 incenderuud.

184 3867 185 3872 Ἰ
263 3779 366 3853 Erant
383 3791 492 3852 autem
509 3779 536 3849 F
536 3779 752 3874 riburgcuses
770 3786 901 3854 mtauta
912 3784 1064 3873 angustia
1075 3780 1296 3875 positiafacie
1307 3780 1400 3852 Ber·-

262 3881 428 3968 nensimnp
446 3887 480 3948 ut
496 3878 607 3972 plures
627 3901 671 3951 ex
688 3883 737 3953 eis
755 3902 795 3950 ea
814 3901 878 3974 que
894 3877 1057 3950 habebant
1073 3900 1134 3972 per
1143 3887 1271 3974 portam
1281 3877 1323 3948 ab
1335 3880 1399 3950 alia

263 3987 356 4069 parte
367 3979 505 4048 civitatis
518 3987 694 4071 exportape
712 3988 745 4048 et
755 3979 869 4070 lingum
879 3977 920 4048 de
938 3980 1009 4071 ipsa
1020 3979 1153 4048 civitate
1170 3977 1326 4050 simulare
1339 3979 1400 4050 vi-

264 4071 428 4146 derentur.
452 4073 495 4145 Et
515 4073 707 4150 Beruenses
731 4075 826 4152 balius
851 4077 987 4150 victorie
1011 4075 1151 4168 gloriam
1174 4072 1320 4148 nonsibi
1339 4071 1402 4148 sed

301 4217 329 4292 l)
345 4227 372 4279 et
389 4220 512 4278 incendio
528 4223 568 4278 hs.
