3014 4822
261 189 335 265 488
593 191 745 255 intutus
765 191 814 252 Sil
831 187 1063 252 estimatus.

179 372 250 434 ¹²48
264 369 491 444 exhortatione
514 372 630 463 partim
657 371 909 444 comminatione
938 389 1045 442 cruce
1071 370 1228 462 compulit
1256 371 1396 461 sigrreriq

264 471 331 542 lata
348 471 508 543 sententia
526 478 637 539 contra
655 471 844 541 renitentes
871 470 977 556 Quam
990 477 1099 538 tamen
1111 475 1311 538 senteunam
1327 491 1398 540 ex·-
1487 491 1488 564 r

263 562 1397 680 communicationisadpeutimemcommociommsisarcbiemeapt

266 663 368 734 altera
393 661 445 734 die
470 663 653 754 releuauit7
686 662 863 756 quemlibet
889 663 1165 757 relinqueresne
1192 665 1399 736 canentem
1487 671 1488 752 t

264 771 376 857 preter
392 761 479 851 ilios,
498 764 550 854 qui
568 760 909 856 pergratiemdcmiut
921 757 1400 856 papebeneiiciaobtinrrmtt

266 859 324 932 vel
353 881 430 932 eam
451 857 742 953 prosequebantur.
779 859 864 932 Hine
886 860 1018 950 legatus
1046 856 1195 932 aseendit
1217 855 1262 928 ad
1284 868 1398 951 pmtcs
1487 861 1488 956 q

267 959 458 1052 superiores
474 957 582 1030 Rheni
606 979 727 1032 versus
744 956 976 1050 Argmurmn,
1000 953 1055 1030 ubi
1071 954 1258 1028 bosor-iios
1281 955 1400 1030 detur
1487 971 1488 974 ’

264 1077 344 1131 esse
360 1066 525 1150 receptus.

314 1153 445 1225 Interim
469 1174 579 1227 novus
602 1176 666 1226 rex
682 1153 880 1228 Wilbelmus
905 1177 980 1228 oum
1004 1157 1076 1228 suis
1101 1153 1284 1228 daummbns
1299 1158 1400 1229 ,rivi-

265 1263 364 1324 tatem
381 1251 578 1344 Aquensem
594 1253 638 1322 iii.
657 1252 717 1326 cal.
736 1255 810 1324 nraii
833 1255 918 1344 [apr.
936 1252 1001 1344 29]
1022 1249 1159 1324 obsedit
1196 1252 1348 1348 Cumque
1363 1258 1400 1326 in

264 1371 386 1422 occasu
404 1348 483 1422 solis
501 1347 631 1443 quddam
657 1373 702 1422 ax
724 1347 967 1440 obsidentium
992 1347 1081 1423 avidi
1104 1349 1194 1422 inme
1219 1361 1253 1422 et
1276 1351 1400 1440 landis,

264 1450 405 1543 primum
424 1447 579 1520 insultum
593 1459 821 1520 conuaunam
839 1459 964 1542 portam
978 1449 1163 1540 insegniter
1176 1447 1401 1537 edomentur,

265 1555 332 1618 tem
349 1545 468 1618 mibtes
493 1563 590 1638 quarn
616 1544 725 1639 plebei
749 1549 925 1620 interiores
949 1545 1163 1638 egredientes
1189 1549 1240 1618 eis
1257 1546 1403 1618 erdem

264 1652 487 1717 occurrerunt.
513 1641 661 1736 lnitoque
673 1646 835 1737 utrimque
849 1643 1184 1732 accmmoconfliuu,
1202 1641 1401 1737 moestam

266 1739 308 1812 de
326 1738 545 1814 exterioribus
562 1739 605 1810 ibi
621 1745 803 1834 prostratis
816 1755 852 1815 et
865 1763 910 1814 ex
925 1743 1121 1835 improviso¹
1146 1739 1342 1814 cadentibus
1361 1745 1401 1813 in

266 1837 399 1910 cellaria
417 1836 586 1911 domorum
603 1847 699 1910 extra
719 1857 830 1912 muros
847 1839 1057 1912 infracturum
1074 1857 1157 1932 nque
1168 1838 1320 1932 reptans
1333 1861 1402 1910 ce·-

264 1937 409 2028 terisque
424 1933 638 2025 largientibus,
657 1935 838 2030 Aqueuses
854 1935 898 2008 ibi
915 1936 1160 2030 prevaluerunt
1195 1935 1335 2008 lltlieet
1348 1958 1402 2009 ex

265 2030 330 2104 hoo
345 2031 495 2104 conflictu
512 2033 607 2104 imon
623 2036 786 2112 maximus
803 2043 896 2108 esset
911 2037 1066 2106 incussus
1081 2037 1139 2106 toti
1155 2036 1318 2104 exercitui
1332 2055 1400 2104 re-

149 2175 151 2181 ·
265 2132 332 2221 gis,
354 2127 534 2222 Aqueuses
553 2131 628 2204 sine
643 2131 707 2204 alio
724 2130 844 2204 damno
862 2134 1029 2204 exercitus
1046 2134 1140 2222 regis
1164 2128 1313 2204 tenebris
1333 2151 1424 2204 ens.

265 2223 451 2300 arcentibus
477 2236 555 2300 sunt
580 2231 741 2320 regressi.
777 2227 814 2300 ln
841 2229 905 2302 boo
933 2227 1083 2302 conflictu
1108 2227 1152 2300 de
1176 2225 1400 2300 eutemmibu

263 2327 360 2419 periit
376 2322 494 2400 nobilis
513 2328 564 2397 vir
580 2324 622 2396 de
639 2325 781 2420 Perwys
802 2326 982 2422 etquidem
998 2335 1063 2399 tam
1081 2327 1200 2399 nubles
1216 2347 1318 2419 quem
1334 2347 1400 2399 sa-

264 2423 405 2511 alites,
435 2443 573 2516 quorum
599 2443 737 2517 corpora
764 2427 893 2499 circiter
916 2422 1062 2497 sedenim
1084 2423 1127 2495 de
1151 2423 1296 2496 cellariis
1322 2434 1400 2496 suut

265 2530 422 2592 eubaea.
459 2521 544 2608 Quot
563 2529 672 2592 autem
688 2543 734 2594 eu
750 2525 936 2596 intrinsecis
955 2518 1197 2610 occubuerunt,
1224 2519 1266 2592 ab
1291 2531 1398 2595 exie·

264 2615 404 2690 rioribus
424 2621 613 2709 ignoratum
631 2617 693 2696 sed
710 2641 796 2692 unus
813 2619 855 2692 de
874 2615 1027 2692 franibus
1046 2619 1182 2692 fratrum
1200 2618 1398 2714 ‹te-Gyna-

266 2714 341 2786 nicb
357 2715 499 2788 letaliter
515 2717 717 2788 vulneretur.
746 2717 896 2811 Cumque
912 2718 1188 2807 exarcitusregis
1204 2716 1399 2812 frequenta

266 2816 315 2886 sio
330 2812 457 2886 faceret
472 2814 611 2888 insultus
637 2824 672 2886 et
694 2836 754 2908 per
774 2811 1104 2906 magnasmaebinns
1127 2813 1230 2886 diam
1252 2813 1397 2887 bliden

264 2909 391 3003 lapides
409 2919 672 3004 contorquerent,
690 2911 853 2986 modicum
867 2912 1096 3006 proiecerunt,
1120 2914 1195 3005 qtria
1211 2921 1396 3008 perquis-

265 3006 340 3078 dam
358 3017 469 3100 portas
486 3029 553 3080 nou
569 3005 729 3084 obsessas
746 3013 848 3105 patuit
863 3011 1012 3082 introitus
1032 3018 1066 3081 et
1081 3013 1192 3082 eninm
1204 3008 1396 3082 adamn-

266 3102 349 3178 tibus
367 3116 401 3176 et
418 3103 577 3180 obsessis.
605 3105 701 3178 Unde
719 3106 849 3200 quddam
864 3109 1028 3199 ingeniosi
1044 3106 1245 3201 inflexerunt
1259 3119 1396 3180 torren-

265 3211 344 3292 tem,
364 3206 419 3296 qui
435 3225 539 3296 prope
557 3206 721 3277 civitaten
738 3203 914 3278 lambendo
931 3199 1096 3291 currebat
1114 3216 1147 3276 et
1162 3205 1274 3278 muln‘s
1292 3226 1397 3300 pru-e-

265 3303 369 3390 grinis
385 3299 429 3370 de
442 3299 629 3390 ermanus
648 3299 689 3374 de
700 3299 852 3375 Flandria
873 3312 909 3376 et
922 3294 1121 3374 dePioardia
1138 3304 1396 3395 crucesignn&

264 3395 489 3470 indesinenter
515 3395 787 3472 collaborantibus
804 3401 910 3474 laetus
928 3409 980 3474 est
1001 3419 1116 3490 agger
1129 3399 1225 3472 sortis
1240 3409 1277 3471 et
1294 3420 1396 3490 mugr-

263 3515 328 3565 nus
351 3503 427 3566 ante
454 3495 643 3568 irderiorem
668 3506 795 3590 partem
818 3499 978 3585 ciuitatisn
1008 3499 1243 3590 immissusque
1264 3507 1394 3569 munus

264 3589 342 3662 lecit
359 3592 502 3684 emplum
520 3603 676 3684 stagnum
698 3596 785 3665 inter
801 3605 909 3668 eastra
928 3592 1201 3668 obsidentiumet
1216 3597 1393 3675 modam,

265 3685 396 3762 domino
412 3689 544 3780 legatm
562 3693 614 3783 qui
632 3688 750 3762 ibidem
768 3695 801 3764 iu
818 3690 989 3766 obsidione
1004 3691 1130 3780 marat,
1147 3693 1277 3783 largam
1294 3689 1394 3764 labo·-

264 3785 411 3860 rantibus
430 3785 667 3878 indulgentiam
679 3788 894 3861 condonante.
919 3787 1393 3884 Exuuueuancartapa·

263 3881 433 3956 dicationis
449 3907 510 3977 per
526 3885 645 3957 fratres
663 3884 810 3958 Minores
835 3885 878 3958 de
901 3885 1046 3982 partibus
1062 3885 1190 3976 Rham„
1209 3885 1325 3976 nasot
1347 3884 1391 3954 de

263 3979 436 4054 Hellaudia
454 3992 488 4053 et
506 3984 675 4077 potissime
698 3981 740 4054 de
758 3983 885 4057 Pbrisis
911 3981 1080 4058 mulititudo
1096 3988 1232 4080 eopiosa
1247 3983 1390 4070 aduenit,

265 4098 326 4169 per
337 4101 433 4172 quarn
444 4079 693 4172 multitudinem
703 4079 927 4156 Phrisionibus
938 4079 1056 4160 ibidem
1064 4079 1389 4183 sueaucagennbrs,

319 4197 349 4272 i)
368 4199 395 4262 in
414 4201 620 4282 expromens.
655 4203 687 4276 2)
706 4203 814 4282 repetis
832 4205 874 4266 bs.
