3010 4822
282 297 354 371 562
622 283 796 348 nurnarous
816 259 1071 346 aneaoaruu'sis

198 485 267 542 1350
281 467 505 562 flagellatores
516 483 591 540 curn
605 467 723 540 1111111
739 468 987 566 superstitiones
999 473 1160 535 attentare
1170 467 1416 559 presumerent

282 567 437 640 videlieet
466 569 609 638 invicem
640 589 678 638 se
706 564 884 638 absolvere
912 587 931 634 a
959 563 1117 658 peccatis
1146 570 1178 630 et
1204 557 1416 656 predicantes

281 665 476 760 apogrypba
494 675 527 736 et
544 665 677 752 similia3
702 673 836 758 propter
853 659 940 755 quod
957 662 1030 734 laici
1049 668 1125 732 sunt
1152 657 1243 729 clero
1267 660 1419 748 graviter

281 762 346 834 indi
373 765 448 834 nati.

330 785 432 933 Agnno
449 859 569 932 domini
588 860 721 932 mecei.
740 859 903 932 maximus
920 855 1087 930 bominum
1104 873 1288 928 concursus
1302 851 1364 924 fun
1380 851 1420 924 ad

282 956 397 1030 urbem
414 958 554 1031 Romam
577 967 711 1052 propter
737 956 870 1050 plenam
890 955 1123 1030 remissionem
1149 953 1245 1048 culpe
1272 962 1307 1022 et
1331 972 1419 1044 pene

280 1059 407 1128 ratione
425 1058 502 1126 anni
519 1052 626 1127 iubilei
644 1076 706 1148 per
721 1051 887 1125 dorrdnum
904 1071 1022 1146 papam
1042 1055 1087 1124 uti
1104 1073 1203 1148 supra
1221 1049 1357 1136 mulcti,
1378 1051 1419 1118 ita

283 1152 369 1247 quod
397 1155 429 1223 in
456 1152 616 1224 dominica
641 1153 805 1245 passionis
832 1149 967 1238 domini,
992 1171 1054 1244 qua
1079 1151 1205 1220 canitur
1220 1143 1336 1217 ludica
1354 1165 1420 1234 me,

305 1253 387 1322 rimo
404 1260 575 1324 ostensum
591 1249 651 1320 buit
668 1247 834 1338 sudarium
851 1244 993 1337 domini,
1011 1251 1085 1322 sive
1103 1248 1214 1338 imago
1233 1241 1346 1316 delata
1361 1265 1420 1338 per

282 1273 495 1436 beronem,
514 1357 548 1417 et
563 1357 640 1418 tunc
658 1367 703 1420 ex
719 1347 818 1418 nimia
836 1363 993 1438 pressius
1010 1344 1196 1420 inecelesia
1214 1343 1323 1415 saneti
1334 1337 1420 1412 Petri

281 1465 336 1515 me
354 1446 511 1538 presente
528 1445 618 1516 multi
638 1451 714 1517 suut
728 1441 884 1516 sulloeati.
911 1441 1012 1514 Venit
1022 1443 1121 1512 etiam
1134 1451 1211 1512 tuuc
1223 1436 1266 1508 ad
1278 1437 1419 1510 eandem

281 1539 397 1613 urbem
415 1540 564 1614 dominus
582 1537 785 1612 Hanibaldus
803 1542 978 1632 episcopus
1004 1537 1210 1611 tusculanus
1229 1532 1419 1624 cardinalis7
1488 1565 1489 1574 ¹

281 1638 413 1732 legatus
431 1661 492 1734 per
530 1660 624 1732 epam
642 1640 778 1726 missus,
797 1647 830 1708 et
849 1639 1095 1730 prenominatus
1107 1633 1213 1706 Guido
1229 1631 1418 1720 1111111111,
1488 1721 1489 1724 ¹

281 1736 412 1830 legatus
430 1739 463 1806 in
480 1659 661 1827 [daga-iam
679 1738 812 1808 missus.
844 1733 907 1820 Qui
925 1745 1055 1830 tempus
1074 1729 1258 1828 quindecim
1278 1729 1419 1819 dierum,
1488 1743 1489 1754 ¹

304 1832 398 1907 uibus
415 1835 584 1930 peregrini
600 1833 768 1922 lonenses7
786 1829 940 1906 volentes
954 1827 1234 1924 indulgentiarum
1241 1829 1417 1922 participes

280 1857 366 2021 geri,
384 1939 473 2004 stare
486 1927 650 2004 debebant
666 1927 804 2016 1111111ἦ
822 1925 1063 2002 commutabant
1079 1923 1294 2016 beandas,
1313 1946 1418 2020 prop-

281 2038 333 2099 ter
349 2049 540 2123 prassinam
557 2031 689 2100 nimiam
707 2027 829 2121 populi,
847 2036 879 2098 et
898 2028 1061 2100 caristiam
1072 2025 1276 2112 victualium
1294 2021 1418 2096 etalias
1488 2091 1489 2120 χ

203 2159 206 2164 ¹
283 2147 403 2200 causas
422 2124 584 2198 diversas.
611 2126 693 2214 Qam
707 2123 965 2196 decurtationem
982 2121 1109 2196 dierum
1126 2121 1267 2218 populus
1285 2119 1416 2192 Ronm-

282 2243 345 2298 nus
364 2245 447 2316 egre
464 2223 591 2313 ferens,
610 2222 696 2294 unde
719 2242 831 2294 rumor
855 2217 961 2294 laetus
986 2232 1038 2295 est
1061 2223 1146 2292 inter
1169 2217 1358 2290 cardinales
1389 2223 1420 2286 et
1488 2281 1489 2322 p

283 2321 439 2416 populum
467 2320 631 2412 eundem‚
656 2323 698 2392 ita
726 2316 813 2415 quod
832 2317 1016 2394 cardinales
1040 2315 1282 2394 interdixerunt
1306 2315 1416 2388 dimna

281 2421 315 2488 in
331 2415 427 2508 urbe,
445 2416 531 2513 quod
543 2417 748 2489 interdictum
763 2413 894 2488 duravit
911 2413 952 2487 ad
969 2427 1044 2490 octo
1061 2409 1142 2488 dies
1154 2411 1305 2488 Tandem
1316 2433 1417 2508 super

282 2513 467 2590 huiusmodi
483 2535 616 2587 rumore
634 2516 847 2610 compositum
865 2525 928 2604 est,
954 2525 989 2586 ut
1006 2507 1173 2588 sudarimn
1195 2513 1413 2608 prescriptum

282 2631 416 2708 semper
432 2622 507 2706 post
523 2623 597 2685 octo
612 2610 684 2686 dies
701 2610 821 2708 populo
839 2608 1191 2780 demonstramtpnia
1209 2619 1308 2682 autea
1325 2631 1416 2680 nun-

282 2731 379 2806 quam
397 2713 459 2786 arisi
478 2711 511 2782 in
529 2709 781 2804 quadragesima
809 2707 1053 2784 ostendebatur.
1135 2707 1211 2780 uido
1240 2705 1416 2782 cardinalis

282 2805 323 2878 ab
341 2805 423 2890 urbe
439 2804 564 2879 recedit
580 2829 697 2882 mense
714 2809 810 2879 maio.
845 2805 888 2879 Et
904 2803 1109 2880 Hunibaldus
1127 2827 1266 2880 manens
1283 2799 1417 2900 inurbe

282 2907 546 3000 persecutionem
564 2907 682 3000 patitur
698 2929 718 2976 a
735 2903 909 2994 Romanis,
926 2908 968 2976 ita
987 2901 1141 2976 videlicet
1166 2901 1253 2998 quod
1280 2924 1347 2974 uma
1365 2897 1416 2970 die

283 3003 448 3074 transiens
466 3024 528 3097 per
543 2999 659 3074 urbem
676 3000 759 3075 duas
783 3005 920 3095 sagittas
944 3012 1019 3098 post
1044 3023 1120 3074 eum
1143 2999 1271 3074 occulte
1296 3001 1417 3072 missas

284 3099 447 3194 suscepit3
465 3121 563 3170 unam
581 3098 622 3170 ad
640 3107 749 3194 caput
767 3100 799 3170 in
817 3121 881 3194 quo
898 3100 1073 3194 coopertus
1092 3101 1184 3172 mitra
1201 3097 1315 3170 ferrea
1334 3105 1416 3181 erat,

283 3194 372 3267 unde
389 3199 496 3292 ipsum
513 3217 580 3268 non
596 3197 754 3270 leserunt.
804 3193 872 3268 Sed
895 3207 1011 3292 postea
1035 3196 1077 3268 de
1101 3217 1218 3270 meuse
1232 3193 1305 3266 iulii
1322 3215 1417 3266 mor-

282 3304 359 3368 tuus
377 3290 593 3385 enimurbe,
611 3305 644 3365 et
666 3303 762 3388 prout
790 3291 957 3366 dicebatur
979 3296 1175 3368 intoxicatus
1200 3317 1220 3364 a
1244 3291 1415 3364 Romanis,

201 3398 268 3456 1111
333 3389 434 3462 Anno
451 3391 607 3463 mcccli.
625 3401 700 3484 post
716 3389 837 3464 festum
854 3393 1030 3465 nativitatis
1043 3387 1342 3464 dominilohannes
1355 3405 1416 3460 ren

283 3486 423 3560 Francia
439 3492 549 3563 visitat
563 3498 639 3584 post
655 3491 898 3561 coronationem
916 3511 1010 3564 suam
1028 3487 1193 3562 dominum
1209 3509 1346 3584 papam,
1362 3489 1416 3556 iu-

283 3591 374 3659 trans
397 3586 598 3659 Avinionem
627 3608 701 3657 curn
728 3609 850 3679 magno
874 3595 1040 3682 apparatu.
1091 3583 1135 3658 Et
1157 3597 1234 3658 tunc
1261 3606 1349 3682 papa
1377 3577 1416 3652 ad
1488 3607 1489 3644 1

284 3685 469 3756 instantiam
498 3685 600 3777 ipsius
631 3692 722 3755 creat
750 3681 924 3756 duodecim
952 3679 1138 3758 cardinales
1167 3703 1286 3760 novos.
1335 3679 1414 3756 Post
1488 3691 1489 3714 1

283 3801 457 3855 recessum
474 3783 565 3873 regis
584 3779 703 3852 familia
720 3785 816 3855 unius
834 3785 913 3855 novi
931 3779 1105 3854 cardinalis
1123 3803 1281 3873 guerram
1297 3781 1414 3874 incepit

284 3899 360 3950 eum
376 3877 496 3950 familia
514 3876 684 3952 cuiusdam
701 3877 808 3952 militis
826 3879 934 3952 fratris
958 3902 1054 3975 pape.
1092 3873 1140 3950 Ob
1158 3901 1256 3975 quam
1281 3899 1414 3952 causam

284 3973 372 4046 idem
389 3975 482 4048 miles
501 3975 600 4047 irater
614 3996 699 4071 pape
717 3975 853 4048 collecta
872 3985 974 4070 gente
987 3999 1088 4049 manu
1099 3983 1223 4050 armata
1234 3973 1413 4068 ingreditru

285 4075 409 4146 curiam
426 4072 612 4164 cardinatis,
630 4083 665 4144 et
681 4073 806 4167 expulit
822 4097 898 4170 eum
916 4071 958 4145 de
975 4077 1079 4166 curia,
1098 4097 1139 4145 ae
1155 4072 1288 4146 domum
1312 4077 1346 4144 in
1360 4076 1412 4166 ip-

286 4173 356 4244 sius
373 4167 487 4244 librata
504 4167 646 4242 funditus
665 4169 842 4244 demolivit.
871 4170 909 4243 ln
927 4194 990 4266 quo
1008 4173 1093 4244 lacto
1111 4169 1296 4244 cardinales
1315 4192 1413 4260 mag-

244 4293 247 4298 ·
286 4287 362 4342 narn
381 4267 440 4344 sibi
459 4271 605 4343 iniuriam
620 4270 856 4346 estimaverunt
867 4270 1000 4367 illatam
1021 4269 1081 4343 sed
1099 4293 1161 4346 rex
1181 4269 1320 4343 Francia
1333 4265 1412 4342 red·
