2904 4822
342 249 575 310 1111111111
589 249 854 309 numeniacum.
1102 254 1174 327 μη

57 515 138 582 timto
148 514 226 582 muti
236 515 498 603 puinpuapetimi
508 517 643 604 septim.
655 516 734 585 item
747 517 982 604 quodKarotus
992 517 1170 605 imperator

133 614 332 680 nativitatem
343 615 468 682 domim
478 613 572 684 Metro
584 617 721 703 percpit,
740 621 772 683 ct
787 617 877 701 quod
891 631 997 684 onnus
1013 615 1079 684 tait.
1096 633 1170 684 cum

135 709 220 777 bono
236 729 325 778 aura
341 713 469 798 incepit.

90 859 222 932 Karalus
233 862 412 956 imperator
421 883 542 933 annum
552 863 609 933 lvi.
620 859 719 934 Motis
731 863 907 955 complevit
918 873 951 934 et
968 885 1087 934 annum
1099 863 1166 935 lvii.
1186 870 1254 927 1356

50 954 149 1028 ibidem
159 961 291 1052 incepit,
303 961 543 1030 etnativitatem
551 958 670 1032 domini
681 957 800 1030 ibidem
806 963 949 1056 peregit,
959 959 1167 1054 presentibus

51 1065 160 1148 septem
170 1053 369 1130 electoribus
381 1066 415 1127 et
430 1057 501 1128 abiis
513 1057 621 1129 munitis
631 1055 839 1152 principibus.
856 1057 899 1130 Et
911 1055 1060 1130 omnibus
1071 1061 1167 1153 prin-

50 1149 155 1246 cipibus
166 1157 361 1248 computatis
375 1157 572 1226 erantxxnii
592 1177 739 1226 numero.
758 1153 800 1226 tn
816 1154 858 1226 ibi
874 1156 987 1250 plures
998 1177 1059 1227 sua
1070 1155 1166 1226 feoda

48 1247 80 1316 ab
94 1252 286 1344 imperatore
296 1261 494 1346 recepemmt
504 1262 537 1323 et
553 1255 586 1323 in
597 1274 658 1324 suo
668 1252 782 1324 ordine
795 1255 991 1326 servierunt.
1008 1251 1051 1324 Et
1061 1273 1166 1324 annus

49 1345 1167 1444 11111111111111111111111111ρ11111111111111,1111111111111111111111

49 1447 204 1518 nativitatis
223 1445 346 1518 domini
364 1449 485 1541 roperti
504 1457 591 1546 sunt,
607 1469 672 1518 noo
688 1447 813 1538 glacies
831 1445 1020 1544 apparebat,
1037 1450 1169 1519 necnix

49 1549 151 1613 terram
162 1555 343 1638 operuerat
355 1566 459 1638 usque
471 1544 598 1615 admon.
611 1541 691 1617 febr.
710 1543 752 1617 Et
769 1547 1064 1618 tuncnixrnaxima
1077 1545 1170 1616 venit

48 1637 163 1728 Agatho
180 1643 337 1732 virginis,
356 1651 389 1712 et
401 1641 532 1713 duravit
542 1663 647 1736 usque
658 1645 702 1713 vi.
715 1641 778 1714 kal.
790 1645 914 1732 marcii,
932 1640 1051 1713 etindo
1063 1663 1168 1735 usque

48 1733 81 1804 ad
95 1735 161 1810 idus
172 1740 289 1810 marcii
300 1749 353 1812 est
363 1749 565 1834 consumpta.
582 1737 739 1811 Attamen
750 1750 837 1810 tarra
848 1751 955 1812 motus
966 1738 1169 1812 adbucsan-

47 1831 185 1924 actuum
196 1857 277 1906 nam
288 1835 381 1906 indie
391 1835 882 1908 InnocentumBasiloedomum
889 1859 954 1932 qua
962 1845 1170 1910 remanserat

46 1951 106 2001 cum
122 1933 229 2004 multis
248 1935 352 2005 muris
371 1957 435 2028 que
460 1943 619 2007 steterant
641 1933 768 2006 deiecit.
792 1934 834 2006 Et
852 1938 900 2007 sio
915 1957 977 2028 per
993 1933 1088 2028 dyoo.
1107 1933 1170 2004 Bi-

48 2032 193 2101 suntinam
209 2029 462 2104 Lausanensam
481 2041 577 2125 atrpra
595 2030 883 2104 constantiensem
905 2032 1033 2104 lxxxiiii
1061 2041 1169 2104 castra

47 2137 165 2198 morunt
180 2149 249 2199 una
269 2149 343 2199 oum
361 2132 489 2224 utrique
504 2128 636 2200 Basilea
654 2151 718 2222 quo
735 2131 831 2202 nimis
849 2138 925 2201 sunt
941 2127 1119 2218 decumae,
1137 2137 1171 2200 et

45 2241 94 2310 per
107 2234 320 2298 terremotum
345 2229 458 2318 ignem
476 2235 511 2298 et
527 2245 644 2321 aquam
661 2229 693 2297 in
711 2225 764 2297 die
782 2228 885 2299 sancti
902 2225 990 2298 Luce
1007 2228 1084 2296 anni
1101 2226 1172 2314 lvi,

45 2327 188 2417 utsupra.

43 2523 109 2595 item
131 2531 222 2614 quod
248 2531 431 2616 itapcrotor
453 2529 595 2600 Korada
618 2531 787 2618 predictam
810 2530 898 2598 omit
918 2529 1119 2617 [immorant
1141 2537 1175 2598 ct

130 2627 254 2696 ibidem
271 2629 307 2695 in
322 2630 399 2697 seda
416 2629 625 2715 inperatoris
642 2627 761 2697 Korott
776 2629 889 2715 mapnt
904 2629 1043 2696 todmot.

85 2775 165 2854 item
175 2797 298 2848 mense
316 2777 453 2848 ianuarii
470 2779 547 2848 anni
564 2775 633 2850 lvii.
651 2775 793 2849 Karolus
816 2777 993 2870 imperator
1008 2774 1171 2851 recedens

43 2869 175 2948 testem
186 2896 257 2945 una
275 2896 350 2944 oum
366 2875 574 2968 imperatrice
591 2877 650 2946 ivit
666 2895 789 2948 vorsus
800 2872 987 2966 Lucalburg
997 2871 1039 2945 ad
1049 2885 1170 2946 terram

43 2968 136 3042 babis
153 2976 206 3045 sui
222 2969 381 3044 Iohannis
399 2974 453 3066 qui
469 2970 538 3046 dux
554 2993 615 3067 per
632 2975 862 3065 imperatorem
873 2970 1029 3043 Karolum
1046 2971 1170 3044 Luceb-

42 3062 203 3159 burgensis
211 3070 320 3141 extitit
329 3068 620 3166 factusquiantea
629 3069 737 3141 fuerat
747 3067 1007 3156 connitatus3sed
1017 3068 1169 3139 ducatum

41 3161 208 3238 Brabancie
226 3164 270 3237 ab
288 3188 393 3238 uxore
410 3163 532 3256 babuib
551 3189 614 3262 que
632 3165 697 3238 filia
718 3165 776 3238 fuit
801 3165 892 3238 ducis
908 3163 1090 3237 Brabancie
1107 3187 1171 3236 nac

40 3257 245 3353 biiosbabuit,
264 3261 325 3336 sed
342 3261 439 3353 filiasa
456 3262 544 3335 unde
562 3263 626 3336 filia
645 3267 676 3335 oi
694 3267 856 3336 successit
872 3265 906 3334 in
923 3261 1051 3334 ducatu.
1069 3261 1171 3333 Venit

41 3361 130 3447 primo
146 3362 309 3433 Treveris
327 3359 381 3432 ubi
399 3371 495 3432 antea
506 3361 614 3433 fuerat
625 3363 755 3434 infesto
767 3363 870 3434 sanati
883 3357 1023 3432 Martini.
1041 3357 1084 3431 Et
1093 3358 1169 3432 inde

40 3455 86 3524 init
102 3457 309 3554 aquisgrani
327 3468 361 3529 et
376 3457 419 3530 ibi
434 3461 527 3534 xviii.
545 3458 609 3530 kal.
628 3455 710 3530 febr.
732 3461 811 3551 [ian.
825 3455 887 3551 15]
907 3461 940 3530 in
958 3457 1040 3532 sede
1057 3460 1169 3554 impe-

40 3559 141 3625 ratoris
158 3553 275 3626 Karoli
300 3557 413 3647 magni
437 3555 573 3646 sedens,
597 3555 728 3628 indutus
753 3553 972 3650 imperialibus
995 3558 1112 3648 signis,
1137 3563 1170 3626 ot

39 3653 303 3724 mmnamKaroli
314 3657 427 3745 magni
437 3652 563 3726 habens
574 3657 607 3725 in
615 3656 733 3748 capite,
744 3651 830 3746 quod
841 3674 907 3724 non
917 3655 981 3724 nisi
991 3655 1169 3748 imperator

40 3745 111 3817 solet
126 3749 260 3838 tumre„
285 3748 410 3822 audivit
433 3750 553 3822 divina.
578 3751 706 3824 Volens
730 3748 806 3821 inde
823 3752 872 3820 ire
890 3749 932 3820 ad
949 3748 1166 3844 placitandum

39 3865 101 3914 oum
116 3851 237 3918 comite
247 3845 414 3936 nmine,
432 3849 485 3941 qui
503 3847 689 3920 cumfratre
707 3851 913 3942 imperatoris
925 3843 1167 3920 dissensionem

40 3961 70 4008 su
108 3967 126 4014 r
142 3944 298 4016 ducatum
315 3943 498 4017 Brabancie
516 3943 657 4016 babebat
672 3949 806 4018 racione
824 3944 960 4016 ducatus
971 3941 1166 4032 Brabancie

40 4031 72 4106 ba
91 4061 148 4112 eas
172 4063 275 4113 unam
299 4041 341 4113 de
365 4041 492 4116 filiabus
517 4041 609 4116 ducis
625 4042 828 4132 Brabanoio‚
852 4044 978 4113 ratione
996 4042 1088 4114 ouius
1106 4037 1167 4114 sibi

41 4137 130 4242 edam
140 4137 296 4212 ducamm
309 4139 516 4232 vendicabat,
533 4141 610 4214 licet
626 4151 720 4218 essct
735 4141 842 4212 iunior
852 4161 947 4238 marn
965 4160 1050 4212 uxor
1060 4138 1169 4216 fratris

40 4239 241 4326 tmperatoris.
