3010 4822
268 233 341 306 540
613 231 1059 291 uauuousuauooruauau.

183 417 254 474 1352
269 408 335 501 dio,
367 411 438 503 ipse
465 407 534 479 dux
560 405 769 502 apprehenso
797 412 967 503 pugione,
994 431 1092 504 quem
1126 411 1215 503 prius
1243 431 1331 480 uuus
1358 407 1398 479 dc

268 507 389 579 familia
416 505 584 598 Sweigeri
612 509 708 576 etiarn
736 507 900 578 transfixit
927 511 960 579 in
987 511 1094 601 ipsum
1121 507 1259 592 ducemq
1287 516 1398 578 contro

267 607 373 697 ipsum
391 603 547 676 irenderrs
566 616 599 676 et
625 603 771 674 fremens
788 627 849 698 per
865 605 1009 694 gladium
1036 616 1088 676 est
1112 604 1154 676 ad
1176 603 1312 676 modum
1331 607 1398 697 apri

267 723 474 793 aggressusq
502 705 544 772 ita
574 701 659 796 quod
686 700 832 792 gladium
856 702 975 774 diurisit
997 705 1030 775 iu
1053 705 1125 796 ipso
1147 701 1345 774 transfixum
1367 711 1400 773 ct

267 799 367 892 iugit3
384 799 471 871 uude
490 801 596 872 statim
614 807 666 870 eat
683 808 840 872 mortuus.
872 800 935 872 Hic
951 799 1149 892 Swoigcrus
1168 810 1284 892 postea
1302 802 1399 870 iucu-

268 907 359 968 satur
376 896 418 969 dc
435 897 526 992 lepra
545 907 579 968 et
595 899 701 987 gratie
719 895 915 969 marchionis
933 908 987 972 est
1001 900 1180 970 restitutus.

183 992 253 1050 1353
316 993 417 1066 Anno
435 995 553 1066 domiui
571 994 750 1064 mccoiiii.
768 993 810 1064 dc
828 1017 945 1068 mense
963 997 1094 1086 augusti
1118 1017 1181 1068 rex
1197 995 1342 1068 Karalus
1359 994 1399 1066 de

267 1091 423 1166 Bohcuria
441 1095 534 1166 vonit
550 1095 581 1163 in
599 1090 820 1181 Aramaooa
838 1104 872 1164 et
888 1091 1047 1165 inducens
1075 1093 1225 1166 dominos
1254 1103 1346 1164 terre
1369 1103 1401 1164 et

267 1194 417 1263 civitatee
436 1188 548 1262 verbis
566 1192 746 1262 mansuetis
764 1199 798 1260 et
815 1193 1006 1280 minatoriis„
1023 1188 1142 1263 bouum
1162 1200 1195 1262 et
1205 1191 1399 1282 generalem

290 1311 384 1359 acem
402 1289 487 1360 iecit

268 1309 288 1382 Ρ
315 1385 441 1457 Eodem
460 1407 546 1458 anuo
563 1387 605 1458 de
625 1409 741 1460 mense
769 1383 946 1481 septembri
962 1383 1040 1457 obiit
1056 1384 1218 1459 Rudolfirs
1242 1383 1315 1460 dux
1328 1387 1399 1458 Bo-

266 1488 385 1574 warie7
404 1505 500 1556 socer
517 1507 611 1572 saus„
628 1489 756 1556 ratione
774 1488 866 1556 cuius
885 1493 919 1554 ct
935 1505 996 1576 per
1006 1493 1161 1556 tractatus
1178 1481 1309 1558 habitos
1327 1507 1399 1556 urm

266 1581 418 1654 iratribus
436 1583 585 1656 eiusdem
602 1581 733 1654 Rudolfi
750 1605 813 1654 rex
829 1579 940 1654 habuit
956 1582 1055 1654 multa
1084 1591 1192 1654 castra
1219 1593 1254 1653 et
1279 1581 1399 1678 oppida

266 1689 342 1752 ante
360 1700 477 1752 nemus
494 1679 724 1752 Bohamorum.
751 1679 879 1751 Ducem
898 1681 995 1748 etiam
1011 1679 1193 1774 Rupertum
1217 1682 1399 1772 capturmiu

266 1775 408 1848 marchia
419 1775 733 1868 Brandcnburgeusi
751 1799 813 1872 per
829 1775 946 1846 ducem
956 1773 1103 1849 Saxouie
1114 1775 1259 1848 absolvit
1275 1799 1296 1847 a
1315 1799 1400 1870 cap·

266 1877 390 1946 tivitate
411 1897 485 1945 cum
502 1875 601 1947 multa
619 1877 767 1969 pecunia.

314 1970 440 2043 Eodem
468 1995 554 2044 anno
581 1971 623 2043 de
650 1991 767 2045 mense
793 1970 960 2043 decembri
987 1971 1075 2044 idern
1101 1995 1165 2044 rex
1191 1969 1399 2062 Mogontiaur

265 2073 366 2144 veuit.
403 2067 462 2141 Cui
492 2071 630 2165 populus
654 2080 689 2140 ct
717 2071 826 2142 clerus
853 2067 973 2142 ibidem
1000 2092 1073 2140 cum
1097 2069 1222 2142 vexilio
1250 2069 1400 2142 auctori

265 2165 492 2256 occurrebant
509 2177 660 2262 utentes
679 2167 855 2240 vindictam
871 2165 912 2238 de
930 2167 1084 2240 Heinrico
1102 2165 1266 2262 quondam
1282 2165 1399 2238 ardri-

266 2271 420 2360 cpiscopo
448 2263 642 2356 Mogontino
669 2263 838 2358 deposito,
866 2275 900 2336 et
928 2263 1012 2336 dioto
1039 2263 1171 2336 domino
1198 2262 1342 2334 Conone
1358 2263 1399 2334 dc

265 2363 477 2436 Falkcusteiu
501 2366 604 2458 ipsius
625 2372 850 2456 procuratore,
876 2365 930 2457 qui
954 2362 1063 2435 moitis
1087 2359 1341 2453 gravaminibus
1367 2365 1398 2434 iu

265 2463 416 2554 personis
445 2471 478 2531 et
494 2459 594 2533 rebus
613 2464 704 2553 ipsos
722 2459 943 2551 flagellabant.
985 2459 1028 2532 Et
1051 2463 1098 2532 sic
1120 2480 1205 2550 rege
1228 2482 1295 2532 una
1326 2483 1398 2532 carru

265 2559 407 2630 Gerlaoo
424 2557 669 2651 archiepiscopo
686 2556 881 2648 Moguntiuo
905 2582 923 2628 a
952 2557 1034 2630 sede
1058 2557 1237 2651 apostolica
1261 2562 1399 2650 proviso

266 2660 429 2746 cogitante
447 2655 489 2728 de
515 2666 600 2728 statu
625 2656 769 2727 ecclesie
792 2666 826 2726 et
848 2655 990 2728 diocesia
1015 2653 1303 2746 Magantiuensis„
1328 2659 1399 2749 ipse

265 2755 439 2824 Heinricus
458 2753 622 2846 predictus
641 2775 686 2825 ex
702 2757 882 2846 improviso
900 2757 932 2823 in
950 2753 1063 2843 vigilia
1080 2754 1260 2824 nativitatis
1277 2752 1399 2824 domiai

267 2850 353 2942 [dec.
373 2849 437 2939 24]
458 2854 600 2922 moritur.
627 2849 670 2921 Et
686 2849 832 2943 prefatus
856 2849 897 2920 de
921 2850 1132 2924 Falkensteiu
1156 2871 1230 2920 cum
1256 2847 1399 2922 Gerlaco

265 2952 433 3040 episcopo,
453 2957 671 3042 parturiente
696 2947 758 3020 hoc
781 2969 885 3038 regoq
909 2947 1143 3034 auerterat,
1168 2958 1201 3019 et
1227 2946 1398 3018 uariantur

264 3067 381 3118 ornnes
408 3048 605 3119 munitiones
633 3055 667 3115 et
696 3054 803 3118 castra
829 3045 1127 3138 archiepiscopatus
1154 3047 1216 3138 ipsi
1241 3043 1397 3126 Gerlaoo,

264 3145 412 3237 exceptis
430 3141 622 3237 quibusdam
640 3163 704 3236 que
720 3145 782 3235 ipsi
800 3142 842 3212 dc
858 3141 1071 3214 Falkensteiu
1082 3163 1141 3235 pru
1152 3151 1243 3214 certa
1257 3145 1396 3236 pecunia

263 3250 436 3312 remanent
451 3239 604 3332 obligata.

181 3351 250 3407 1354
317 3339 413 3409 Anco
431 3336 550 3408 domici
568 3338 756 3410 mcccliiii.
774 3337 817 3408 de
836 3359 952 3411 meuse
969 3340 1105 3408 ianuarii
1131 3340 1211 3427 [iau.
1230 3338 1297 3428 21]
1325 3336 1396 3410 obiit

264 3433 635 3508 dominusBaldewiuus
644 3433 908 3529 archiepiscopus
919 3436 1139 3510 treverensis
1151 3434 1194 3506 de
1205 3457 1272 3529 quo
1283 3457 1392 3529 supra

264 3544 398 3626 patruus
416 3535 516 3626 patris
534 3531 649 3626 prefati
667 3531 787 3604 domiui
804 3536 908 3622 regia
926 3536 979 3626 qui
1003 3530 1285 3626 quadragintaeex
1303 3535 1395 3604 anuis

264 3630 321 3702 vel
341 3634 427 3701 circa
445 3629 603 3723 prefatam
622 3630 798 3704 ecclesiam
815 3630 1060 3704 treverensem
1077 3639 1113 3700 ut
1128 3628 1394 3724 archiepiscopus

263 3726 412 3820 regebat.
447 3726 507 3798 Cui
524 3730 688 3802 successit
704 3725 917 3800 Boemuudus
935 3726 1182 3800 archidiaconus
1199 3728 1396 3800 Trevereu-

265 3829 324 3914 sis,
342 3828 394 3918 qui
413 3827 525 3918 paucis
543 3828 637 3899 anuis
656 3824 893 3897 rexiteandenr
905 3825 1094 3914 ecclesiam,
1111 3837 1145 3898 et
1159 3846 1205 3898 ex
1216 3830 1314 3898 senio
1330 3823 1395 3894 dc-

209 4007 212 4012 *
265 3922 378 3996 ticieus
397 3925 590 4013 resignavit.
625 3922 668 3994 Et
683 3933 762 3996 tuuc
784 3925 1024 4016 suprascriptus
1049 3922 1091 3994 de
1115 3923 1328 3996 Falkeustein
1350 3943 1396 3992 ex

265 4023 455 4114 provisione
484 4017 573 4090 sedis
605 4020 782 4114 apostolico
807 4019 913 4092 factus
942 4030 994 4091 cst
1016 4020 1283 4114 archiepiscopus
1308 4020 1396 4090 Tre—

264 4139 431 4190 verensis.

313 4213 440 4287 Eodem
457 4236 544 4289 armo
559 4218 594 4290 in
611 4215 664 4288 die
681 4214 767 4292 beati
784 4215 936 4312 Gregorii
962 4219 1069 4308 [mara
1093 4216 1156 4307 12]
1180 4219 1215 4290 iu
1237 4223 1331 4288 uoote
1357 4215 1393 4284 iu
