3014 4822
285 247 358 324 402
676 247 1021 310 roumnssmrouos

284 432 423 518 qnenor
434 419 634 506 habitavitet
645 423 825 514 singularia
842 420 1002 496 benolioia
1014 423 1089 496 loeo
1105 424 1272 517 praestitit
1297 419 1414 498 Smibit

282 519 426 593 loannes
443 518 632 592 Aventinus
655 518 737 591 libro
763 530 878 615 quarto
900 520 1056 593 historiae
1077 521 1275 612 Bovarioam
1301 520 1414 594 Ludo-

284 620 395 690 visum
405 616 660 700 Franooiordiae
677 639 791 692 saeuas
808 617 911 691 aedes
924 639 1019 692 muno
1035 616 1414 710 haerentespmosnibus

283 715 356 789 solo
380 717 541 808 aequatis
562 715 742 808 ampliasse
765 718 902 808 aurique
924 715 1099 790 thesaurum
1121 719 1414 810 muenissspauos

282 811 694 908 pauperibussitlorgitm.
722 811 893 907 Templum
910 811 974 890 hoo
989 815 1126 884 eoniioio
1143 813 1247 889 fuisse
1264 823 1412 895 nostrum

283 912 388 982 saneti
398 908 595 998 salvatoris,
613 912 705 980 ouius
717 930 780 981 sex
797 909 969 982 columnae
979 908 1132 982 inmedio
1148 910 1256 984 adhue
1271 919 1414 999 exstars,

282 1027 432 1102 namque
446 1006 594 1105 reliquae
615 1015 727 1102 partes
749 1027 873 1093 uersus
895 1004 1064 1078 meridiem
1086 1017 1119 1078 et
1143 1011 1413 1102 septentrionem

282 1107 359 1174 item
377 1098 499 1199 diores
516 1125 556 1174 ao
569 1102 667 1176 turris
683 1105 767 1176 intra
784 1101 980 1184 ann0s250
995 1113 1071 1178 sunt
1086 1116 1262 1178 exstrueus.
1297 1101 1416 1176 Habui

283 1211 395 1289 auteur
409 1199 494 1275 haeo
510 1198 652 1272 ecelesia
664 1199 746 1270 duas
757 1222 881 1293 parvas
898 1201 1070 1272 trurieulas
1083 1222 1129 1271 ex
1143 1212 1283 1296 unoque
1300 1201 1413 1274 latere.

282 1292 415 1370 Moenia
432 1299 531 1368 etiam
548 1299 686 1372 civitatis
704 1295 745 1368 ab
769 1314 810 1368 eo
827 1307 981 1391 tanquam
1002 1298 1065 1368 looi
1083 1295 1214 1372 domino
1230 1299 1331 1372 latius
1350 1321 1416 1370 en-

281 1403 378 1466 tensa
403 1393 467 1480 boe¹
489 1404 540 1466 est
557 1415 627 1466 von
642 1392 717 1465 dem
735 1395 823 1466 alten
846 1390 1049 1486 stattgraben
1066 1418 1106 1466 zu
1123 1394 1183 1468 der
1197 1393 1415 1468 Bomlrsimsr

282 1489 349 1563 und
365 1487 520 1563 Catberin
535 1489 665 1584 piorten
683 1501 767 1564 sunt.
794 1490 956 1585 Superest
970 1495 1042 1567 eius
1060 1489 1298 1586 diploma‚·quo
1312 1515 1416 1587 prae·

282 1587 389 1660 dietae
400 1589 567 1682 'ecelesiae
577 1587 747 1660 oonfirmat
759 1609 816 1660 res
830 1587 987 1682 quasdam
1001 1599 1077 1660 tuno
1090 1587 1195 1662 diotae
1209 1587 1251 1660 ad
1267 1601 1416 1662 sanotam

282 1683 422 1757 Mariam
439 1687 525 1757 anno
541 1683 600 1756 37.
616 1687 712 1776 regni
731 1687 936 1758 serenissimi
950 1689 1043 1778 regis
1061 1688 1094 1758 in
1110 1687 1259 1760 orientali
1276 1685 1416 1760 Franaia

279 1785 472 1873 regnantis5
504 1780 678 1852 indictione
705 1779 738 1853 7.
761 1782 848 1877 apud
868 1781 1059 1856 tributas!
1107 1782 1416 1856 Luoulentissimum

283 1899 413 1973 quoque
437 1875 559 1952 de'illo
583 1881 803 1951 testimonium
824 1876 984 1952 habemns
1000 1883 1044 1974 *in
1069 1881 1180 1952 litania
1197 1880 1417 1954 venerandae

282 1977 491 2070 annuntius„
514 1979 548 2048 in
572 1996 635 2072 qua
659 1976 699 2048 ad
724 1978 892 2070 quingenti
917 1989 949 2048 et
972 1981 1203 2074 quinquaginta
1225 1981 1334 2051 saneti
1356 1999 1417 2047 re-

284 2081 465 2144 oensentur
482 2083 516 2143 et
530 2084 596 2168 'pro
611 2067 787 2144 Ludovico‘
800 2095 884 2166 rege
901 2085 935 2145 et
950 2065 1092 2146 Hemina
1115 2079 1187 2146 eius
1215 2078 1362 2170 ooniuge
1381 2095 1419 2144 ao

282 2165 484 2242 nobilissima
503 2172 574 2242 eius
589 2171 682 2266 prole
698 2169 889 2264 supplicatio
907 2169 1016 2260 tiebat
1035 2171 1088 2244 ubi
1106 2173 1204 2242 etiam
1222 2173 1328 2244 saneti
1342 2169 1418 2241 Na-

282 2269 363 2338 uarii
385 2288 506 2339 nomen
528 2261 719 2339 maiusculis
733 2270 841 2362 iisque
864 2271 974 2339 aureis
995 2271 1110 2342 litteris
1135 2281 1188 2340 est
1205 2267 1418 2362 descriptum.

281 2364 476 2532 lgiturpost
490 2360 590 2435 multa
607 2360 766 2436 beneficia
782 2367 815 2434 in
831 2363 1064 2461 rempublicam
1081 2367 1120 2436 et'
1139 2365 1315 2438 ecelesiam
1331 2357 1418 2436 'col-
1490 2373 1491 2400 i

282 2461 391 2534 latas
435 2483 558 2534 annum
578 2460 660 2530 874.
676 2459 763 2551 [876
787 2465 863 2554 aug'.
885 2459 950 2553 28]
977 2485 1022 2536 ex
1045 2463 1165 2536 solario
1189 2460 1274 2535 sorte
1300 2483 1419 2535 casum
1490 2493 1491 2550 }

282 2557 409 2632 indens
425 2558 552 2654 dirupta
574 2569 664 2632 oosta
680 2579 704 2628 e
720 2561 808 2630 vivis
827 2564 982 2634 exeessit.
1014 2561 1209 2633 lbanslatus
1224 2558 1420 2634 taunssam

283 2654 326 2726 ad
341 2660 577 2728 monasterium
599 2658 703 2728 saneti
719 2655 852 2728 Nauarii
865 2657 975 2752 ibique
993 2659 1157 2751 sepelitur
1195 2657 1282 2728 ilino
1303 2659 1417 2728 aureis

281 2751 398 2824 litteris
421 2755 595 2846 insignitur
618 2756 722 2826 saneti
747 2759 900 2848 martyris
923 2775 1045 2826 nomen
1066 2766 1232 2850 tamquam
1259 2753 1419 2850 speetatts

281 2852 410 2944 patruni
436 2871 564 2942 regum.
600 2850 761 2924 Tumulati
787 2849 906 2924 ibidem
934 2852 987 2922 alii
1014 2875 1143 2947 quoque
1168 2861 1350 2944 magnates
1375 2872 1419 2920 en

283 2944 393 3019 caroli
408 2946 495 3017 linea
514 2951 634 3042 etipse
651 2946 839 3021 Ludovious
855 2952 961 3020 iunior
977 2971 1064 3021 anno
1081 2947 1154 3022 883
1173 2947 1416 3039 [sosianus]

281 3039 487 3116 Frunoofirrti
512 3043 695 3118 defunctus.
730 3043 870 3120 Hemma
894 3045 980 3140 apud
996 3047 1210 3141 Ratispouam
1233 3050 1269 3121 iu
1290 3067 1420 3121 mona-

282 3143 383 3214 sterio
400 3141 568 3234 virginum
592 3147 777 3236 superiore²
803 3147 949 3236 quiescit.
985 3143 1090 3216 Huius
1114 3148 1223 3238 itaque
1246 3144 1419 3216 eeclesiae

281 3248 418 3312 nostrae
427 3240 696 3310 instaurationem
706 3241 966 3334 qualemomrque
979 3241 1118 3334 perfecit
1127 3243 1263 3317 strunt
1274 3239 1419 3312 Cassius
1490 3269 1491 3298 2

282 3333 428 3408 Crassus
451 3346 612 3426 augustus
629 3334 787 3422 ludovici
803 3335 991 3426 Germanioi
1007 3336 1093 3411 lilius
1117 3348 1213 3434 atque
1230 3341 1265 3408 in
1282 3338 1419 3427 eollegii

280 3429 421 3523 formam
441 3429 586 3526 redegit
612 3429 792 3528 redditibus
818 3435 964 3528 plurinus
988 3437 1022 3506 in
1044 3433 1132 3506 huno
1152 3435 1271 3506 loonm.
1287 3435 1419 3520 oollads
1490 3439 1491 3512 t

282 3531 426 3602 maxime
445 3552 486 3602 ea
503 3533 678 3604 occasione
695 3529 865 3622 induetns0
879 3531 976 3625 {quod
994 3535 1231 3616 asaenssimo
1248 3531 1420 3611 daemone
1490 3533 1491 3558 ¹

281 3636 465 3721 eorreptus,
489 3636 524 3697 ut
546 3650 565 3696 a
589 3649 654 3700 sex
667 3625 817 3705 ‚robustis
844 3633 934 3708 viris.
948 3631 1008 3704 uix
1031 3631 1329 3720 oonstningeremr,
1360 3647 1421 3722 per

280 3721 461 3818 liopertum
488 3721 718 3815 Mogumtiuum
744 3729 920 3797 antistitem
949 3735 1161 3799 sacrosancto
1191 3725 1359 3800 saorifioio
1387 3732 1420 3795 et
1490 3741 1491 3744 ’

281 3823 470 3894 exorcisma
494 3824 585 3893 sitin
607 3819 1242 3916 hao2eaclesia·liltarptus‚.·prpessnts
1267 3833 1369 3916 putre
1389 3831 1421 3891 et
1490 3843 1491 3920 p

280 3915 399 3991 multis·
406 3915 608 4011 proceribus.
647 3917 790 4002 Causam
807 3919 1165 4013 adlernntsoriptorss,
1190 3919 1278 4014 quod
1294 3923 1420 4014 inpa—
1490 3931 1491 3980 i

280 4024 409 4088 rentem
429 4013 527 4085 tuerit
548 4015 751 4109 praelraotus
770 4024 803 4087 et
818 4019 963 4090 iniurius.
999 4015 1085 4104 Quid
1100 4037 1184 4108 itero
1201 4019 1420 4110 posteribu-
1490 3983 1491 4072 b

280 4121 452 4209 peratores
477 4121 512 4182 et
528 4134 633 4206 reges
656 4117 773 4186 tamin
795 4113 1155 4209 rempublieampuspn
1174 4113 1419 4202 maodesiam

336 4230 365 4300 i)
384 4231 499 4290 iitilrmer
517 4233 546 4290 G.
566 4233 591 4292 d,
610 4234 863 4294 ttoenotranootut
882 4253 908 4306 p.
927 4235 952 4292 3.
988 4234 1020 4304 2)
1037 4232 1239 4296 obsatule-
1258 4267 1261 4277 ·
