2882 4818
252 209 324 284 114
562 199 1072 268 mmmousceomssermovm.

252 457 416 544 Incipiunt
432 463 524 546 peste
541 459 622 526 cant
639 459 695 526 lin.
726 455 875 545 Qualiter
898 460 1077 546 imperator
1099 457 1227 525 mtsemt
1248 457 1391 526 litteram

351 557 496 644 capitulo
515 555 759 624 &mandensi
774 574 873 643 super
888 563 975 626 statu
993 558 1150 625 cementi.

170 710 239 770 1358
301 693 461 789 Incipiunt
477 705 573 787 gesta
592 698 667 764 anni
685 695 848 768 millesimi
866 696 1002 767 ccclix.
1014 695 1102 790 Papa
1119 693 1337 768 Innocentius
1351 697 1395 767 vi.

254 793 432 888 apostolice
450 792 522 866 sedi
538 791 685 887 presedit
696 803 729 863 et
739 791 880 866 Karalus
891 797 944 864 iiii.
956 792 1107 865 Romano
1124 796 1276 888 imperio,
1296 803 1396 864 uter-

254 913 317 988 que
327 889 483 986 pacilicus
496 889 556 963 sed
566 889 867 984 pecunieoupidus3
880 914 964 986 papa
976 889 1060 961 bona
1073 890 1162 964 sedis
1174 913 1397 984 recuperans

254 992 429 1083 imperator
454 985 541 1060 bona
568 989 694 1082 imperii
722 986 954 1082 occupantibus
982 989 1187 1083 relinquens:
1216 991 1290 1082 quis
1319 987 1398 1058 finis

254 1097 411 1182 sequatur
420 1089 580 1157 incertum
591 1087 710 1157 existit.
728 1083 802 1156 Fuit
812 1097 921 1156 autem
932 1089 1108 1179 imperator
1118 1084 1204 1158 festo
1214 1087 1399 1156 nativitatis

254 1181 375 1254 domini
392 1186 426 1254 in
442 1181 606 1254 Moravia¹
625 1186 758 1253 civitate
776 1182 1023 1254 Pretislaniensi
1046 1205 1151 1276 usquc
1175 1192 1250 1277 post
1273 1181 1400 1274 purifi-

254 1283 416 1352 oationem
434 1290 549 1352 sancte
566 1278 682 1351 Marie.
706 1278 749 1350 Et
764 1301 924 1354 reversus
942 1281 1084 1372 Pragam
1101 1284 1194 1352 venit
1215 1289 1336 1374 postea
1358 1279 1401 1350 ad

253 1377 470 1471 partesRent
482 1378 648 1450 scilicetin
659 1381 783 1449 martio.
801 1375 844 1450 m
855 1376 930 1448 inde
942 1376 1088 1470 dirigens
1099 1378 1239 1449 litteram
1250 1377 1401 1471 capiunto

254 1475 397 1550 ecclesie
411 1474 672 1548 Constantiensis
692 1497 793 1572 super
809 1475 1076 1548 reformationem
1095 1485 1198 1547 status
1216 1475 1402 1562 clericalis,

254 1575 346 1645 cuius
363 1583 459 1645 tenor
475 1571 517 1643 de
536 1569 641 1644 verbo
659 1572 700 1643 ad
718 1568 858 1644 verbum
875 1570 928 1644 hic
945 1583 997 1645 est
1013 1576 1173 1644 insertus:

302 1722 542 1817 superscriptio
553 1723 660 1794 littere
668 1720 807 1812 firithec,
816 1745 911 1816 quam
922 1726 1100 1817 imperator
1107 1725 1207 1794 arisit:
1222 1721 1402 1812 „Kurolus

253 1831 412 1915 „quartus
443 1819 554 1890 divina
581 1819 718 1891 favente
748 1819 921 1890 clementia
949 1819 1173 1891 Romanomm
1196 1823 1401 1912 imperator,

254 1939 410 2011 „semper
420 1927 582 2008 augustus
594 1927 626 1987 ot
635 1916 877 1988 Boemierex.“
884 1915 1002 1988 Littera
1014 1917 1057 1986 de
1069 1914 1223 1988 verboad
1231 1915 1401 1989 verbum:

253 2012 534 2108 „Devotidilectii
553 2013 860 2087 Consideravitiam
871 2013 990 2085 dudum
1003 2017 1289 2107 sicutinpresenti
1306 2037 1405 2088 con-

253 2112 401 2205 „siderat
417 2122 529 2184 nostra
542 2115 717 2200 serenitas,
735 2109 821 2205 qnod
835 2113 956 2206 antiqui
972 2122 1083 2206 patres
1094 2133 1258 2182 canonum
1271 2113 1403 2184 condi-

253 2220 386 2303 „torem
411 2213 463 2304 qui
481 2209 632 2302 regulam
656 2207 852 2302 modumque
878 2207 1013 2288 vivendi
1037 2208 1164 2280 clericis
1181 2218 1215 2278 et
1237 2215 1404 2302 personis

252 2307 511 2400 „ecclesiasticis
523 2305 891 2400 piopropositotradero
902 2309 1107 2395 suntconatt
1118 2309 1403 2382 circanonnullos

252 2404 421 2500 „prelatos
439 2415 473 2476 et
490 2406 628 2475 clericos
647 2403 816 2476 seculares
828 2414 862 2474 et
878 2405 1054 2496 religiosos
1067 2404 1215 2498 anusque
1225 2424 1404 2497 personas

252 2503 521 2595 „ecclesiasticas
533 2504 699 2595 utriusque
712 2499 991 2574 sexusConstant.
1004 2499 1099 2595 dyoc.
1114 2502 1288 2572 iuvenum
1298 2506 1404 2594 vigi-

253 2601 367 2691 „lasse
375 2598 540 2688 videntum
551 2601 614 2671 nisi
625 2595 825 2670 venerabilis
837 2601 1026 2692 episcopus,
1036 2601 1189 2691 princeps
1201 2607 1235 2668 et
1246 2597 1404 2672 devotus

253 2706 392 2789 „noster
403 2695 553 2786 dilectus,
571 2706 681 2768 custos
694 2693 874 2766 eorundem
885 2717 1047 2768 canonum
1058 2717 1159 2790 super
1171 2715 1323 2786 gregem
1340 2697 1405 2768 sihi

253 2795 507 2885 „cometissam
532 2796 691 2866 attencius
710 2813 806 2888 quam
826 2791 996 2888 hucusque
1020 2796 1061 2866 sit
1083 2792 1204 2864 factum
1222 2796 1317 2867 circa
1338 2793 1407 2866 hee

253 2889 409 2984 „studeat
424 2891 576 2982 vigilare.
601 2891 681 2978 Quis
700 2893 787 2962 enim
804 2912 909 2962 canon
927 2913 1002 2962 cum
1019 2890 1147 2962 clericis
1169 2887 1219 2962 tis
1268 2896 1407 2981 nsauit.¹

253 2999 312 3082 „ut
322 2988 445 3062 fructus
454 2987 710 3061 eeclesiarumet
720 2985 961 3081 prebendarum
968 2989 1160 3082 percipiant,
1171 2996 1205 3056 et
1237 2987 1407 3062 eChristi

253 3089 469 3182 „patrimonio
491 3085 587 3158 ludos
604 3084 777 3158 hastiludia
794 3095 828 3156 et
844 3095 1069 3157 torneamenta
1087 3095 1285 3176 exerceant,
1305 3089 1408 3160 mili-

252 3195 383 3276 „tarem
400 3187 552 3256 amictum
565 3206 639 3255 cum
649 3185 808 3278 protentis
826 3184 935 3254 aureis
954 3193 987 3254 et
1003 3184 1172 3274 argenteis
1190 3191 1353 3276 gestem„
1374 3196 1410 3256 et

252 3281 589 3374 „calceosmilitarea
607 3302 735 3352 comam
752 3290 786 3350 et
801 3278 936 3352 barbam
949 3281 1103 3370 nutriant,
1121 3288 1154 3349 et
1170 3277 1272 3351 nichil
1291 3284 1332 3353 in
1353 3305 1409 3372 seq

253 3376 364 3473 „quod
375 3374 416 3450 ad
427 3377 841 3452 ordinemecclesiasticnm
849 3387 986 3472 spectat,
997 3375 1184 3465 ostendant
1196 3375 1409 3452 militaribus

253 3499 316 3570 „se
335 3473 503 3548 dumtaxat
519 3487 552 3547 et
569 3473 771 3549 secularibus
789 3471 927 3566 acibus,
951 3479 1018 3548 vita
1037 3483 1069 3545 et
1092 3471 1252 3564 mannua
1280 3479 1320 3548 in
1341 3501 1410 3550 sue

253 3573 391 3666 „sunus
403 3571 609 3668 dispendium
619 3583 653 3644 et
665 3572 826 3666 generale
858 3569 1411 3667 opultsoandatummmiscenda.

253 3673 361 3764 „sicut
383 3669 595 3762 hecsingula
618 3670 814 3765 permultos
832 3595 916 3744 ‹llcte
935 3667 1046 3742 Const
1072 3668 1167 3762 dyoc.
1192 3669 1357 3763 prelatos
1379 3687 1412 3745 et

253 3770 415 3860 „clericos
427 3791 493 3846 non
504 3778 556 3844 est
567 3765 699 3840 dubium
710 3769 875 3858 exerceri,
893 3777 926 3838 et
941 3767 1044 3859 longo
1060 3768 1126 3838 inm
1143 3775 1300 3860 tempore
1315 3793 1412 3865 pre-

252 3870 370 3958 „teritc
382 3889 460 3940 esse
471 3865 569 3956 lactat
587 3889 627 3937 nc
637 3867 667 3938 si
677 3875 788 3937 contm
800 3867 902 3938 vitam
911 3865 1103 3956 religiosam
1114 3873 1146 3934 et
1158 3861 1268 3936 honos
1281 3889 1413 3943 mores

252 3965 441 4056 „voluerint
457 3987 517 4061 per
534 3966 619 4038 vicia
637 3984 769 4035 errores
793 3973 826 4033 et
848 3963 1066 4056 penitenciam
1104 3965 1355 4056 rescripsisse3
1384 3971 1413 4039 si

252 4060 498 4155 „proscribendi
516 4064 549 4131 in
567 4063 693 4134 malicia
711 4070 823 4132 cornua
841 4064 980 4134 virtutes
997 4061 1068 4132 iura
1082 3985 1195 4130 locum
1213 4061 1364 4136 malicie
1380 4075 1415 4138 et

289 4207 318 4274 1)
333 4225 365 4264 so
380 4209 423 4264 die
437 4208 478 4264 irs.
493 4215 557 4265 stntt
569 4207 687 4280 Paionia,
701 4207 753 4265 urie
769 4205 869 4264 demnis
884 4205 1020 4266 Sdrleuien
1035 4205 1119 4264 hiess.
