2904 4822
267 264 316 343 36
596 266 771 325 numerous
785 265 830 322 DE
845 262 1108 323 nmssnttttovntt.

183 457 253 514 1341
268 441 336 514 mul
353 441 492 514 siuissent
513 441 708 516 eoncordati
732 440 827 514 Missi
844 451 954 512 autem
970 438 1102 510 fuerunt
1118 438 1159 510 ad
1176 461 1311 530 regem:
1328 439 1399 510 Al-

267 537 380 612 hertue
404 561 517 612 eomes
541 539 582 610 do
605 536 809 629 Hohenherg
831 541 1007 621 mnonious
1032 536 1400 626 consopiendam

267 636 414 709 Saxonie
432 647 465 707 et
481 638 546 726 alii
564 637 687 708 seilicet
702 634 920 730 Marquardus
933 639 1116 730 prepositus
1131 631 1399 726 Bahenburgen-

268 739 315 806 sis
339 745 372 805 et
389 738 549 826 magister
571 733 701 806 [illinus
719 732 822 804 dietus
840 732 1041 804 Hefmaister
1059 729 1398 822 civis-Augustensis.

266 833 327 919 Qui
345 836 477 904 reversi
493 853 610 904 mense
627 829 780 902 februarii
797 829 861 900 hoe
876 839 1044 924 reportant
1060 853 1079 900 a
1095 851 1196 919 rege:
1222 832 1313 916 qaod
1329 833 1399 918 ipse

265 932 361 1014 uellet
369 931 524 999 laborare
534 933 626 1017 opud
630 949 757 1018 popum
763 947 828 1016 pro
839 931 1019 997 concordio
1029 927 1195 1010 socienda.
1297 925 1400 998 Anno

266 1030 371 1097 eniam
386 1027 443 1098 xii.
462 1049 578 1098 mense
594 1023 785 1096 novembris
806 1027 899 1115 [nov.
911 1024 950 1114 2]
971 1024 1035 1094 iilia
1053 1022 1145 1094 ducis
1161 1023 1306 1094 Heinriei
1329 1023 1401 1094 Ca-

265 1122 382 1194 rinthie
400 1127 475 1195 sive
493 1126 617 1194 comitis
634 1123 778 1216 tyrone„
796 1144 860 1214 que
877 1131 1034 1214 nupserat
1042 1118 1178 1192 Iohanni
1188 1119 1254 1191 filio
1270 1119 1401 1192 Iohan-

265 1223 317 1292 nis
334 1224 425 1312 regis
441 1219 599 1291 Bohemie
617 1230 650 1289 et
667 1241 742 1290 curn
758 1223 829 1312 ipso
847 1221 1020 1290 sexennis
1039 1228 1072 1288 et
1091 1217 1229 1311 amplius
1251 1229 1403 1304 steterat

266 1316 399 1387 tandem
415 1321 522 1410 ipsum
540 1314 724 1412 repudiavit
740 1314 865 1410 absque
882 1315 998 1386 iudicio
1016 1315 1171 1403 ecclesiea
1195 1325 1229 1385 et
1251 1319 1403 1386 auetori-

265 1423 333 1484 tate
355 1417 485 1509 propria
510 1436 586 1486 eum
602 1416 728 1503 reiecit,
754 1413 868 1485 dieens
884 1415 992 1506 ipsum
1008 1415 1221 1505 inpotentem,
1239 1422 1273 1483 et
1290 1416 1404 1506 nupsit

266 1509 443 1582 marchioni
460 1509 774 1602 Brandenburgensi
797 1532 883 1580 anno
899 1509 978 1581 xiii.
1002 1513 1035 1579 in
1053 1509 1105 1578 die
1124 1519 1237 1580 saneto
1254 1509 1404 1580 Schola·

267 1611 348 1679 stioe
365 1606 407 1678 de
424 1629 541 1680 mense
559 1606 712 1679 februarii
732 1603 828 1697 [febr.
849 1607 923 1697 10].
941 1605 1022 1677 Erat
1034 1616 1143 1677 autem
1153 1605 1298 1678 marchio
1317 1629 1404 1700 pre-

267 1703 370 1778 dictus
388 1705 474 1778 filius
490 1704 659 1776 Ludewiei
677 1708 730 1799 qui
748 1726 786 1776 se
800 1703 938 1796 gerebat
948 1725 1007 1798 pro
1017 1707 1226 1797 imperatoreff
1238 1707 1290 1774 eui
1302 1707 1403 1776 etiam
1446 1727 1447 1730 ¹

266 1812 359 1895 pater
377 1813 475 1874 antea
497 1801 539 1873 de
556 1800 778 1873 marchionatu
795 1801 993 1895 providerat.
1016 1797 1060 1872 Et
1076 1803 1124 1872 sio
1140 1799 1403 1872 marchionatum
1446 1797 1447 1804 ’

266 1919 327 1991 per
349 1910 475 1993 patrem
492 1910 525 1971 et
541 1902 726 1971 montetum
748 1899 878 1992 Tyrolis
901 1921 963 1994 per
984 1919 1124 1972 uxorem
1142 1908 1194 1970 est
1211 1909 1402 1972 assecutus.

269 2172 438 2261 Quomodo
460 2171 622 2242 rotantes
643 2175 731 2254 silius
753 2176 840 2262 repis
863 2173 1017 2243 Bononio
1040 2174 1190 2261 repolivit
1211 2193 1351 2243 oaorem
1376 2183 1408 2244 ot
1446 2223 1447 2228 ,

360 2291 423 2360 por
439 2289 533 2357 quem
549 2273 688 2356 modum,
706 2274 867 2358 puontodo
884 2272 1073 2340 Ludoeteus
1090 2290 1163 2339 oum
1178 2290 1238 2340 ouo
1247 2273 1321 2354 filio
1340 2293 1405 2341 oo-

362 2373 509 2440 mttotum
529 2369 646 2439 Tirolts
662 2371 803 2457 introvit,
821 2376 854 2438 et
868 2371 909 2438 de
926 2369 1015 2438 obitu
1032 2370 1199 2438 Benedicti
1215 2389 1317 2456 pape.

1228 2469 1310 2554 Cup.
1327 2471 1405 2536 etii.

315 2599 415 2669 Anno
438 2606 547 2668 autern
563 2596 1004 2692 xt.ii.10hannespredieus
1031 2597 1220 2693 repudiatus
1243 2619 1306 2692 per
1334 2597 1408 2669 fili·
1446 2645 1447 2654 κ

244 2717 320 2766 nm
343 2694 434 2767 duois
452 2693 616 2766 Cerinthie
637 2699 902 2768 oomnissionem
926 2719 945 2766 a
966 2697 1047 2768 sede
1065 2699 1250 2790 impetrauit
1272 2717 1293 2766 a
1315 2717 1406 2790 papa
1446 2697 1447 2732 ³

265 2791 444 2864 Benedieto
455 2795 510 2864 xii.
529 2792 571 2864 ad
587 2792 802 2886 patriarcham
809 2794 1096 2886 Aquilegiensemp
1113 2790 1298 2886 repetendo
1309 2815 1408 2864 uxo-
1446 2833 1447 2836 π

265 2911 338 2961 rem
356 2912 449 2962 suam
467 2900 501 2959 et
516 2900 647 2960 terram.
665 2889 851 2962 Patriaroha
869 2912 953 2963 vero
970 2890 1035 2961 iilie
1052 2889 1143 2962 dueis
1155 2892 1304 2983 precepit
1316 2899 1357 2960 ut
1369 2912 1409 2960 se

267 2997 301 3058 et
317 2998 437 3059 terram
455 2997 562 3059 sunm¹
583 2991 768 3059 eomitatum
785 2988 915 3080 Tyrolis
933 2987 999 3058 iiiio
1016 2991 1108 3078 regis
1124 2987 1284 3058 Bohemie
1302 3009 1410 3080 quem

266 3082 431 3156 abiecerat
452 3086 658 3172 restituerem
688 3085 828 3178 alioquin
852 3088 1037 3156 eomitatum
1059 3083 1239 3179 predictum
1262 3081 1411 3155 subiecit
1446 3175 1447 3178 Ἴ

265 3181 434 3253 interdicto
457 3181 690 3254 ecclesiastico.
713 3181 783 3253 Sed
805 3182 859 3252 iiie
883 3185 1044 3254 sententia
1068 3179 1309 3252 nonobstante
1338 3183 1410 3253 filia

266 3279 358 3351 ducis
375 3277 512 3373 predicti
527 3277 705 3349 marchioni
722 3278 866 3372 predicto
883 3283 993 3372 nupsit
1010 3288 1043 3349 et
1059 3283 1244 3350 comitatum
1255 3275 1320 3350 sihi
1341 3301 1409 3350 as·

267 3380 421 3467 signavit.
521 3376 621 3446 Anno
639 3386 749 3446 autern
767 3375 886 3446 domini
904 3377 1109 3464 meennlii¹5
1132 3397 1166 3450 x.
1186 3375 1238 3445 die
1255 3377 1410 3448 intrante
1446 3443 1447 3458 ς

266 3471 430 3543 februario
439 3471 639 3544 Ludewious
656 3483 716 3542 ete.
729 3495 803 3544 enm
815 3473 880 3543 iilio
894 3494 953 3544 suo
964 3476 1194 3567 primogenito,
1206 3478 1410 3563 margravio

267 3569 392 3640 scilieet
406 3568 732 3660 Branuenhurgenst„
750 3569 931 3662 ingreditur
948 3574 1133 3640 comitatum
1142 3569 1287 3662 Tyrants,
1307 3581 1345 3642 et
1366 3569 1411 3640 ihi

265 3665 331 3738 filio
350 3690 410 3739 suo
427 3666 572 3761 predicto
589 3665 688 3737 filiam
706 3666 797 3737 dunis
814 3669 891 3738 olim
909 3665 1073 3738 Corinthio
1090 3667 1185 3738 tradit
1201 3670 1234 3736 in
1244 3689 1412 3756 unorem¹⁵

265 3764 342 3835 lieet
358 3789 377 3835 a
395 3769 468 3835 viro
487 3786 547 3836 suo
563 3762 709 3834 Iohanne
727 3763 792 3835 filio
808 3763 961 3836 Iohannis
978 3768 1070 3855 regis
1081 3762 1238 3835 Bohemie
1256 3785 1328 3835 non
1342 3789 1414 3839 es-

265 3872 318 3933 set
333 3884 394 3955 per
410 3860 563 3933 iudicium
575 3861 716 3932 eoelesie
728 3871 879 3956 separata
890 3871 925 3931 ut
936 3884 1035 3955 supra
1046 3860 1297 3954 estpredietum.
1311 3861 1414 3933 Tra-

263 3962 313 4030 xit
329 3970 439 4030 autem
456 3980 581 4029 moram
599 3981 673 4028 oum
685 3958 749 4030 [ilio
762 3982 822 4031 suo
833 3957 952 4030 ibidem
963 3981 1068 4054 usque
1080 3958 1120 4028 ad
1132 3957 1295 4029 modicum
1308 3967 1414 4031 tenr-

265 4078 336 4149 pus.
354 4055 417 4126 Die
441 4067 550 4126 autern
573 4055 718 4149 predicto
742 4059 862 4150 inoepit
883 4055 988 4147 frigus
1008 4065 1040 4126 et
1056 4058 1198 4144 caristia
1217 4065 1251 4125 et
1268 4054 1415 4131 duravit
1446 4097 1447 4108 ἢ

263 4153 369 4244 frigus
387 4175 492 4248 usque
510 4151 550 4224 ad
568 4151 710 4224 medium
721 4157 842 4224 marcii.
943 4153 1044 4225 Anno
1055 4155 1158 4225 eeiam
1167 4151 1332 4247 predicto,
1347 4160 1415 4226 vi-

301 4280 331 4353 1)
349 4299 398 4338 sue
416 4282 457 4338 hs.
