2982 4824
263 264 336 340 630
437 265 616 326 montane
636 267 825 326 ttonnstrttl
845 267 954 326 GBSTA
973 261 1211 324 llPEllA'lOllllH.

264 441 395 516 territus
413 449 447 512 et
463 441 611 532 miratus,
631 439 717 536 quod
734 451 812 514 tune
827 461 894 513 non
911 439 1029 514 firnset
1047 439 1231 532 admissus,
1257 463 1278 512 a
1305 463 1392 536 quo-

262 541 338 612 dam
356 561 402 610 ex
417 536 607 630 eumenus,
625 537 686 613 sibi
702 539 852 610 familiari
868 539 1041 634 plurimum
1059 547 1093 610 at
1108 541 1231 628 amieo,
1249 541 1311 612 vix
1327 537 1392 612 oh-

263 641 369 712 tinere
386 635 539 732 precibus
555 641 669 732 potnit,
686 648 721 710 ut
738 636 799 709 sibi
811 636 970 733 panderet
980 637 1106 710 oonsilii
1116 639 1260 732 suspecti
1272 659 1393 710 secre-

263 747 341 810 tum.
380 733 528 830 Cumque
551 736 607 808 ille
629 747 818 828 narrasset,
853 735 939 830 quod
963 758 1038 807 ourn
1060 733 1233 808 lombardi
1258 733 1302 806 de
1325 739 1393 808 suis

264 835 414 908 fortilitiis
431 833 634 908 oonfidentes
652 837 765 928 iugum
783 832 927 908 sibinen
944 844 1132 930 paterenter
1147 836 1291 929 imponi,
1315 857 1393 908 essa

265 943 431 1022 emturum,
449 943 485 1003 ut
501 935 650 1006 avinus
674 954 790 1006 ornnes
815 931 1048 1025 redigerentur
1071 937 1105 1005 in
1127 929 1273 1024 burgos,
1293 936 1393 1004 muris

263 1028 471 1126 turribusque
489 1030 677 1122 destruetis,
694 1030 781 1126 quod
799 1031 874 1104 dum
893 1034 1027 1126 sapiens
1044 1030 1282 1104 Cremonensis
1295 1029 1394 1104 audi-

263 1133 323 1218 vit,
343 1151 381 1204 ee
395 1127 437 1200 de
450 1127 591 1202 hoenon
604 1152 722 1202 eurare
738 1128 823 1202 laeie
835 1129 1013 1219 simulavit,
1023 1127 1084 1204 sed
1095 1133 1207 1224 paneis
1218 1126 1395 1203 admodum

265 1225 381 1302 diebus
397 1226 519 1321 elapsis
538 1249 577 1300 se
595 1226 757 1299 infirmum
767 1249 847 1302 esse
859 1237 891 1300 et
900 1226 1023 1310 latrum
1037 1239 1133 1301 eante
1144 1226 1239 1300 finxit
1249 1238 1286 1298 et
1297 1235 1394 1302 utens

267 1325 407 1422 quadam
425 1347 530 1397 canna
548 1321 588 1395 ab
606 1347 672 1397 uno
685 1328 790 1420 eapite
808 1347 914 1421 nsque
931 1326 973 1397 nd
989 1326 1128 1398 alterum
1138 1325 1318 1421 perforare,
1336 1349 1395 1421 per

264 1427 414 1498 eivitates
432 1423 582 1516 singulas
599 1422 804 1498 discurrebat
820 1435 854 1496 et
870 1424 912 1497 ud
929 1426 1096 1497 civitatum
1113 1427 1295 1519 sapientes,
1312 1445 1394 1519 quos

263 1521 349 1594 bene
367 1518 537 1612 noscebat,¹
555 1543 694 1594 cannam
710 1521 842 1596 auribus
860 1519 1057 1618 apponebat,
1081 1521 1157 1618 quid
1174 1532 1266 1595 esset
1284 1532 1395 1596 statu-

263 1631 330 1694 tum
347 1619 538 1713 significans
556 1617 708 1714 diemque
726 1619 968 1712 determinem,
995 1643 1059 1716 quo
1083 1620 1216 1713 singule
1242 1623 1395 1692 oivinree

263 1717 404 1793 bailivos
434 1740 551 1791 omnes
581 1721 785 1814 imperatoris
819 1718 1017 1793 oeeiderent.
1073 1718 1186 1812 ltaque
1216 1717 1282 1790 boo
1308 1717 1395 1790 laeto

263 1818 426 1914 eompleto
442 1816 640 1889 Cremonam
658 1814 700 1886 nd
717 1816 954 1911 parlamentum
976 1839 1093 1891 ornnes
1116 1814 1291 1888 lombardi
1308 1839 1395 1888 eon-

264 1919 403 1988 veniunt
431 1925 464 1988 et
493 1923 655 2004 statuunt,
685 1925 720 1986 ut
747 1924 823 1986 ante
850 1918 959 1988 omnia
988 1913 1246 1988 Mediolanensia
1278 1916 1395 1987 aivins

263 2025 445 2108 reparetur.
482 2011 628 2084 Fuerunt
644 2023 753 2086 autern
767 2014 860 2107 primi
874 2015 907 2084 in
917 2016 1124 2108 reparatione
1135 2009 1394 2085 Cremonenses.

263 2110 376 2207 ltaque
393 2111 517 2188 fossata
536 2113 675 2186 civitatis
693 2114 857 2184 eommuni
872 2111 993 2184 auxilio
1003 2107 1176 2184 lombardi
1193 2120 1396 2198 restaurant,

263 2219 298 2281 et
326 2232 371 2286 ex
397 2222 490 2306 parte
518 2211 672 2282 exteriori
701 2231 830 2282 murum
862 2231 967 2304 usque
996 2209 1038 2282 ad
1068 2207 1277 2303 superficiem
1306 2219 1395 2282 terre
1473 2213 1474 2234 ¹

265 2317 405 2400 anuum,
429 2311 596 2382 civitatem
620 2317 748 2398 autem,
766 2313 875 2402 quam*
896 2313 929 2380 in
947 2312 1137 2404 episcopatu
1152 2305 1394 2380 Mediolanensi

263 2417 506 2499 oonenuxerat,
526 2427 631 2500 usque
649 2405 690 2478 ad
708 2406 813 2478 solum
832 2405 1007 2480 eliminant

312 2505 350 2578 ln
369 2515 516 2601 tempore
533 2515 643 2598 autern
663 2506 719 2579 illo
736 2503 1006 2580 Mediolanenses
1030 2516 1064 2578 et
1079 2505 1257 2579 Placentini
1276 2503 1395 2600 aliique

263 2601 435 2676 lombardi
463 2599 655 2700 quibusdam
686 2603 774 2679 villis
800 2613 835 2676 et
858 2607 996 2693 matris,
1020 2607 1074 2700 qui
1100 2606 1134 2675 in
1159 2613 1247 2674 terra
1266 2601 1396 2674 luerunt

264 2699 499 2793 marchionum,
517 2699 670 2794 suadent,
688 2713 724 2773 ut
738 2699 781 2772 de
800 2725 838 2774 se
856 2704 1021 2776 amnem
1037 2709 1282 2790 eonstruerent,
1298 2723 1394 2795 quam

262 2799 388 2873 fossato
406 2801 471 2872 alto
488 2798 713 2896 profundoque
732 2801 917 2892 oinxerunt,
928 2821 1067 2895 eamque
1085 2798 1127 2870 ad
1138 2798 1298 2870 honorem
1309 2821 1393 2894 pape

262 2896 447 2970 Alexandri
463 2897 703 2974 Alexandriam
722 2912 937 2973 vooaverumt.
963 2899 1058 2972 Hane
1073 2908 1183 2970 autem
1200 2919 1276 2968 eum
1291 2897 1393 2992 Papi-

263 2993 397 3068 ensibue
413 2998 590 3091 imperator
606 2994 743 3072 obsedit
795 2996 838 3070 Et
855 3021 928 3070 eum
945 2995 1024 3069 nihil
1042 2995 1229 3092 profieeret,
1246 2997 1392 3088 exangi-
1471 3049 1472 3052 ,

261 3103 328 3165 tato
345 3093 481 3167 oonsilio
499 3097 667 3170 eunieuloa
686 3093 920 3170 subterraneos
930 3095 997 3169 lodi
1007 3094 1096 3186 leoli,
1112 3115 1175 3190 per
1184 3115 1267 3189 quos
1281 3102 1393 3187 posset

261 3190 390 3284 ingredi
408 3196 584 3266 civitatem.
635 3196 682 3267 At
698 3197 792 3267 eires
809 3192 873 3266 hoe
888 3197 1106 3289 prescientes,
1135 3191 1196 3266 sed
1219 3190 1330 3266 looum
1352 3191 1391 3262 ad

261 3311 359 3386 quem
376 3293 595 3387 irrumperent
604 3295 809 3385 ignorantes,
820 3315 938 3387 aquam
949 3293 1147 3380 ferventem,
1165 3290 1275 3362 oleum
1291 3311 1390 3384 para-

261 3398 383 3462 verunt
409 3401 442 3462 et
469 3394 597 3484 pieem„
625 3402 658 3462 et
685 3399 809 3463 stantes
837 3394 949 3463 intenti
977 3387 1194 3485 expectabant
1222 3390 1388 3462 intrantes.

261 3485 456 3559 Veientibus
474 3489 536 3560 illis
554 3491 749 3583 irrumpere5
765 3491 859 3561 eives
878 3487 1061 3560 effuderunt
1080 3483 1266 3583 supradiota
1285 3487 1389 3559 omnia

261 3605 363 3678 super
380 3606 439 3657 eos
453 3597 486 3658 et
503 3587 621 3658 multos
643 3582 769 3660 nobiles
787 3585 1019 3676 'l'beotonieoa
1038 3593 1265 3680 exeoquentes
1284 3584 1384 3678 pluri-

261 3705 352 3772 mae,
383 3695 594 3778 peremerunt
622 3705 666 3757 ex
694 3687 753 3758 eis.
804 3683 846 3756 Et
880 3688 953 3779 quin
981 3682 1188 3770 Theotonieis
1215 3684 1387 3776 imperator

260 3785 439 3871 iuraverat,
458 3781 587 3876 quando
605 3803 719 3854 seeum
737 3782 873 3877 profecti
891 3793 979 3872 sunt,
998 3781 1082 3876 qnod
1102 3802 1161 3854 eos
1179 3789 1385 3854 autmortuos

259 3890 315 3952 aut
333 3882 430 3952 vivos
450 3883 480 3950 in
499 3883 662 3976 propriam
680 3890 801 3952 terram
819 3879 1006 3970 reduceret,
1022 3876 1063 3950 ab
1073 3876 1312 3952 Alexandrinis
1323 3898 1384 3948 ex-

259 3981 349 4073 petiit
366 3989 565 4050 mortuorum
583 3976 748 4050 eadavera
768 3977 826 4050 sibi
845 3977 926 4069 dari
943 3981 1136 4072 promittens
1164 3999 1203 4052 aa
1231 3973 1272 4048 ab
1296 3972 1382 4046 obsi-

259 4077 356 4150 dione
374 4099 520 4150 eeseare.
557 4075 652 4165 Quod
670 4087 703 4149 et
720 4076 839 4150 laetum
857 4088 918 4152 est

307 4172 434 4248 Videna
453 4177 552 4267 igitur
568 4177 757 4270 imperator,
775 4174 859 4272 quod
879 4175 1103 4252 christianitas
1121 4186 1186 4250 tota
1204 4169 1380 4248 oonlunde-

313 4295 342 4371 ί)
359 4295 501 4372 imperator
520 4296 608 4357 dtirlte
627 4297 685 4356 bier
703 4315 735 4358 au
755 4303 889 4371 ergiunon
908 4298 974 4358 sein.
