2900 4820
294 241 369 318 240
598 236 763 298 namnids
781 231 1121 298 uuawsueoaouusls.

211 431 282 488 1346
296 421 504 514 septuaginta
520 418 643 490 milium
660 421 803 514 equitmn
814 417 1025 514 Aquilegiam
1043 425 1096 488 est
1112 417 1294 507 ingressus,
1308 411 1387 506 patri·

295 515 427 589 archam
443 515 638 607 cohercens„
655 516 860 608 ingrediendi
876 515 1044 610 Apulliam
1066 517 1156 586 viam
1174 531 1316 606 quereus.
1343 508 1387 578 ln-

296 619 433 688 tromisit
452 626 562 686 autem
586 638 624 687 se
648 615 690 686 de
714 615 909 688 defensione
926 612 1066 684 Zaders¹
1086 614 1227 684 civitatis
1251 611 1387 680 malitium.

297 736 393 807 quam
409 713 486 785 olim
503 713 643 786 Venetis
663 711 836 802 subditam,
853 722 930 783 tunc
946 708 1117 799 rebellam.
1135 709 1254 780 Veneti
1271 705 1387 778 obsede-

295 821 379 900 rant,
398 813 534 904 cupiens
552 809 595 882 ibi
611 822 740 906 portum
757 814 856 883 maris
881 806 1014 880 babere.
1064 807 1107 879 Et
1130 829 1205 878 cum
1229 805 1280 876 diu
1298 825 1348 875 rer
1365 803 1388 870 in

295 919 395 997 terra.
413 909 535 980 Veneti
552 930 636 980 vero
653 912 740 980 circa
758 913 863 1003 ipsam
880 908 1045 978 civitatem
1069 908 1248 978 iacuissem
1271 905 1301 974 in
1319 903 1388 972 muri.

295 1006 500 1078 Venetorum
518 1010 684 1079 exercitus
701 1007 842 1078 latenter
853 1005 895 1076 de
905 1003 1046 1077 navibus
1058 1002 1250 1094 egrediens.
1267 1019 1387 1090 magnam

294 1104 411 1176 occidit
436 1103 673 1176 multitudinem
701 1105 911 1196 Ungurorum
939 1103 1009 1192 [iul.
1029 1101 1078 1192 ¹l·
1129 1097 1389 1192 Triumpbaveraut

295 1204 383 1272 enim
399 1224 486 1274 anno
504 1204 658 1296 preterito
670 1202 791 1274 Veneti
808 1223 883 1274 cum
900 1199 1031 1272 domino
1044 1199 1282 1271 Mediolanensi
1296 1193 1388 1267 inlc-

293 1297 504 1388 ronensibus.
528 1303 571 1371 ita
588 1299 674 1394 quod
691 1310 843 1394 potentes
860 1298 1001 1370 luerunt.
1053 1297 1174 1391 Sicque
1192 1297 1335 1386 Uagams
1349 1295 1388 1360 iu·

294 1401 391 1470 venis
410 1407 443 1468 et
461 1398 563 1470 litium
585 1401 791 1494 inexpertus.
816 1418 878 1471 suo
900 1396 1074 1468 frustratus
1098 1396 1275 1489 proposito,
1298 1389 1388 1462 inlecto

293 1497 434 1586 negocio
460 1494 640 1587 Ungariam
666 1505 719 1570 est
744 1499 930 1588 ingressus.
974 1495 1094 1566 Veneti
1121 1502 1233 1566 autem
1257 1493 1387 1561 cirinen

293 1595 452 1664 vicerumt.
488 1594 576 1688 Papa
594 1596 681 1666 enim
698 1597 821 1682 sciens.
840 1592 900 1665 sibi
918 1592 1090 1665 adversari
1101 1587 1387 1679 Ludovvicumpriu·

293 1693 399 1783 cipem
424 1700 457 1761 et
480 1691 670 1783 Ungarum
694 1715 769 1763 cum
791 1689 1033 1764 Mediolanensi
1056 1692 1187 1782 antiquo
1211 1685 1302 1760 hoste
1322 1679 1387 1754 sedis

293 1790 471 1882 apostolice
489 1792 635 1860 amicicie
651 1791 754 1881 ligem
770 1789 921 1862 firmavit.

293 1923 342 1991 lle
358 1926 505 2014 inpressu
526 1927 697 1994 comitatos
717 1923 834 1994 Ttrolc's
855 1943 918 2012 per
934 1925 1133 1995 dodocicum
1147 1925 1323 2013 principem
1337 1937 1387 1988 mn

391 2017 566 2092 dodonico
587 2030 620 2092 ct
637 2023 802 2112 Stcpltcnc
821 2023 902 2106 filiis
922 2025 1000 2094 aco.

341 2135 468 2210 Eodem
486 2161 603 2210 mense
621 2138 687 2208 iulii
708 2139 805 2228 [iuni]
826 2137 1024 2212 Ludowicus
1042 2141 1197 2234 princeps
1215 2161 1287 2210 cum
1302 2131 1387 2206 ludo·

293 2239 379 2310 wico
399 2246 431 2306 et
446 2233 614 2332 Stephano
639 2235 712 2308 filiis
732 2239 800 2308 suis
819 2239 1004 2308 comitatum
1021 2237 1152 2332 Tprolis
1178 2233 1386 2328 ingressuum

291 2334 465 2425 undeno.
493 2333 579 2430 quod
603 2331 663 2406 sibi
687 2343 720 2405 et
746 2333 812 2406 filio
836 2338 968 2407 racione
993 2337 1095 2430 ipsius
1120 2329 1261 2408 subesse
1283 2325 1407 2404 eredidit

293 2435 377 2505 sicut
392 2442 481 2522 ante.
506 2455 579 2505 cum
597 2429 734 2524 Unguro
752 2441 785 2503 et
802 2431 943 2504 blastino
960 2433 1149 2505 Veronensi
1173 2430 1293 2503 habore
1307 2427 1387 2499 collo·

292 2533 401 2623 quium
425 2529 596 2602 nitebatur.
646 2529 830 2626 Episcopus
855 2539 964 2602 aulem
988 2530 1210 2622 Tridentinus,
1238 2527 1278 2600 ad
1298 2541 1386 2621 preces

292 2630 383 2719 regis
400 2625 559 2701 Bohemie
578 2627 667 2700 sedis
685 2632 853 2724 provisus.
872 2637 1039 2722 assumpta
1059 2627 1119 2700 sibi
1136 2637 1238 2721 genle
1254 2621 1386 2698 llediolu-

291 2727 419 2816 nensis‚
437 2725 643 2798 Tridentinos
662 2750 681 2797 a
698 2725 834 2821 predicti
846 2723 1004 2798 Ludovici
1021 2725 1217 2798 marchionis
1236 2721 1386 2794 devociom¹
1405 2805 1406 2824 ἶ

290 2826 428 2894 retraxit
443 2833 476 2893 et
485 2824 651 2898 custoditis
670 2826 831 2896 montanis
849 2847 892 2896 ne
909 2824 953 2895 illi
972 2827 1153 2898 convenire
1170 2830 1312 2920 possent,
1327 2837 1386 2911 pre·
1405 2825 1406 2833 ’

291 2922 389 2992 cavit.
547 2923 550 2932 '

289 3045 340 3116 Dc
360 3047 515 3118 clccticnc
531 3049 648 3120 dcccli
668 3051 756 3138 repis
772 3066 835 3137 par
854 3050 1013 3136 quosdam
1028 3050 1199 3137 principes
1219 3050 1385 3136 imperatore

389 3148 521 3216 cicentc.
723 3151 725 3154 ’

340 3258 439 3332 licet
461 3271 572 3333 autem
596 3260 795 3334 scriberetur
818 3263 953 3356 principi
976 3260 1019 3332 de
1042 3259 1197 3355 predictis
1221 3252 1386 3356 principibus

291 3355 500 3448 electoribus.
522 3358 609 3454 quod
624 3359 667 3430 ad
684 3357 874 3452 eligendum
890 3380 1008 3451 regem
1024 3361 1198 3431 terminum
1216 3357 1385 3432 sordescat

291 3455 429 3527 credere
456 3458 570 3546 noluit,
598 3461 771 3550 presertim
800 3455 842 3526 de
864 3455 1067 3546 Trevereasi
1096 3467 1130 3528 et
1153 3455 1237 3528 duce
1258 3450 1384 3554 Saxona

291 3574 460 3647 quousque
485 3557 659 3626 veritatem
681 3557 837 3648 percepit.
887 3553 930 3626 Et
954 3557 1095 3626 veniens
1123 3556 1157 3626 in
1173 3553 1322 3628 Suevium
1342 3539 1385 3654 sib

291 3654 427 3724 comites
445 3662 479 3722 et
494 3650 638 3723 barones
663 3656 802 3725 utuuxit.
853 3649 1034 3722 Marchioni
1057 3673 1186 3746 quoque
1204 3649 1384 3722 Misseneno.
1403 3705 1404 3749 p

291 3747 425 3821 filiastro
443 3769 516 3838 suo.
542 3752 634 3822 cuius
651 3771 737 3821 amor
752 3749 874 3820 relictis
898 3745 1044 3842 pluribus
1068 3747 1180 3823 liberis
1197 3747 1308 3820 eodem
1323 3755 1384 3810 anno

289 3843 378 3936 obdu,
407 3849 459 3940 qui
484 3847 621 3919 filiaster
644 3851 675 3917 in
699 3848 767 3934 lite.
795 3867 893 3941 quam
916 3867 992 3917 cum
1008 3843 1202 3937 moganum
1225 3841 1334 3927 habuit
1355 3833 1384 3901 dt

289 3947 435 4038 principe
453 3942 661 4037 querebatur.
680 3967 836 4036 magnam
852 3953 1017 4015 utcontra
1035 3965 1112 4014 eum
1128 3967 1194 4016 non
1208 3949 1383 4031 essetpeut·

288 4043 375 4112 niam
394 4046 588 4133 assignavit.
625 4041 824 4114 Convocatis
842 4063 971 4136 quoque
989 4040 1172 4116 civitatibus
1182 4042 1275 4135 Spire
1293 4027 1381 4126 [sept]

289 4140 378 4232 ipsas
397 4138 602 4212 concorditer
617 4143 740 4234 reperit
756 4142 789 4210 in
801 4161 861 4212 sua
873 4139 1058 4214 devocione
1075 4139 1257 4228 ferventes.
1273 4139 1310 4206 tu
1320 4121 1382 4224 qnod
1402 4179 1403 4209 r

346 4251 374 4320 l)
392 4251 457 4308 Zara
477 4253 503 4308 in
523 4252 676 4310 Dalmatica.
