2862 4820
219 263 396 324 MIMOIIIIAII
414 256 604 322 motorum
622 262 732 322 GES'IA
751 263 991 324 IMPERATORUM.
1097 263 1168 343 645

183 437 315 513 Cosanis
333 461 423 511 armo
445 441 542 528 tima,
558 437 648 512 iubat
663 438 727 512 heo
747 437 895 512 oaroohia
912 440 1029 516 Roma.

57 543 168 614 Vemm
185 548 259 634 post
275 537 359 610 hano
376 535 625 610 debellationem
643 547 708 609 tam
729 535 888 631 grandem
900 536 1168 613 Mediolanenses

57 639 211 712 eonsilium
229 634 433 726 hahuerunt.
458 634 532 731 and
551 639 600 710 eis
628 647 721 708 esset
743 646 818 731 post
839 645 962 708 tuntum
987 639 1168 731 perieulum

56 735 234 808 laciendum.
272 732 435 805 Miserunt
451 737 549 826 igitur
566 733 699 805 fratrem
716 733 860 806 Leonem
889 734 930 805 de
954 734 1069 806 ordine
1094 735 1169 807 lra-

56 845 127 904 imm
144 831 317 922 Minorem,
335 835 388 926 qni
407 842 522 927 postea
540 830 599 903 fuit
616 830 880 926 archiepiscopus
898 831 1169 924 mediolanense.

57 932 91 1002 ad
105 933 276 1026 prinoipem
294 951 411 1024 paoem
429 927 468 1000 ab
487 951 528 1001 eo
546 953 619 1001 oum
638 927 860 1002 miserieordio
877 930 1098 1024 postulantes:
1125 932 1170 1006 At

56 1032 216 1124 inperator
232 1050 294 1122 par
310 1028 443 1100 Petrum
467 1027 509 1099 de
527 1027 634 1100 Vinea
659 1050 755 1102 suum
779 1028 958 1119 logotetam
984 1029 1169 1124 respondit:

57 1131 133 1216 prod
142 1134 283 1216 perator
298 1133 374 1198 arat
387 1147 443 1197 ees
458 1129 606 1215 racipere
621 1131 691 1197 sine
703 1130 832 1216 poetro,
850 1135 887 1196 at
901 1146 1027 1198 metm
1049 1132 1169 1199 volon-

56 1234 139 1296 tatem
154 1243 247 1296 aonm
264 1227 306 1295 de
322 1228 452 1296 statmo
464 1233 576 1315 posset
590 1224 703 1312 faeere
720 1234 753 1295 et
768 1229 938 1314 paruerim
961 1245 1096 1314 sperma
1113 1233 1170 1297 ta-

56 1343 117 1392 nen
132 1324 284 1394 dederont
298 1327 388 1411 quod
402 1342 468 1393 noe
485 1327 586 1414 aliod,
605 1343 704 1412 quom
721 1327 753 1394 ei
774 1331 858 1394 earet
870 1322 1074 1414 laetandum,
1092 1321 1170 1409 epli-

56 1430 135 1491 oeret.
183 1419 278 1492 Tune
306 1420 407 1493 irater
433 1421 501 1492 Lao
537 1419 759 1492 Mediolanum
791 1418 886 1493 rediit
911 1420 1106 1494 festinanter
1138 1435 1171 1495 et

56 1521 294 1613 responsionem
311 1519 414 1590 noluit
430 1517 559 1592 relerre
576 1541 687 1592 ooram
704 1521 830 1613 paucis.
849 1517 909 1590 sed
927 1539 1001 1590 eam
1022 1521 1054 1590 in
1073 1541 1170 1592 oom-

56 1619 279 1688 mnniomnium
291 1620 449 1690 oonoione
461 1621 628 1713 proposuit
641 1627 686 1704 et
698 1614 783 1710 quod
794 1617 960 1708 eligerent
971 1616 1012 1688 de
1022 1637 1170 1713 respou-

57 1716 105 1804 sis,
120 1717 150 1785 in
167 1735 283 1786 eornm
309 1713 439 1786 arbitrio
456 1716 593 1810 reliquit.
623 1715 706 1784 Mitt
730 1723 837 1786 mmor
854 1717 988 1806 uideor,
1007 1717 1061 1806 ait.
1083 1720 1173 1804 quod

55 1833 166 1901 temper
184 1817 233 1883 od
251 1813 313 1883 Aee
334 1822 438 1903 poeto
464 1818 574 1885 uenire
596 1815 754 1902 poteritis.
805 1812 917 1908 Itaque
945 1812 1075 1885 firmant
1105 1835 1171 1886 uno

57 1931 220 2000 consensu,
239 1931 280 1982 se
296 1912 362 1984 tale
379 1921 507 2006 paetum
525 1911 712 1984 nullatenus
729 1921 940 2006 recepturos.
968 1911 1045 1983 dom
1069 1933 1169 1984 neon

56 2019 145 2079 morte
170 2029 334 2103 persone.
362 2029 426 2080 neo
449 2013 565 2082 oivitas
593 2033 611 2080 a
637 2007 858 2082 destructione
883 2013 1044 2082 eximitur.
1078 2011 1171 2084 llrno

58 2109 153 2177 statuit
167 2110 357 2201 imperator,
375 2115 410 2178 ut
427 2111 546 2201 captivi
570 2106 671 2179 multo
694 2109 834 2202 paenula
858 2110 1034 2201 quantitate
1059 2109 1170 2181 mulo-

56 2211 161 2294 tantnu
178 2204 234 2276 vel
250 2208 285 2275 in
302 2203 457 2278 membris
474 2208 501 2278 si
519 2227 585 2278 non
603 2203 764 2278 solverint
780 2205 975 2276 mutilentur.
1002 2203 1069 2276 Sed
1089 2205 1169 2278 Me-

58 2298 254 2376 diolanenses
281 2323 360 2375 mox
387 2312 532 2376 statuunt
556 2301 621 2375 hoo
646 2312 832 2398 eomparto‚
865 2311 902 2373 ut
926 2301 1004 2374 nihil
1031 2307 1169 2398 captivis

57 2401 174 2471 omnino
191 2405 344 2490 mittatur,
357 2399 652 2473 nisitantummodo
669 2401 736 2491 illa.
755 2421 818 2496 pre
839 2402 888 2472 eis
900 2398 941 2471 ad
953 2403 1075 2472 vietum
1094 2400 1170 2472 sni-

58 2493 151 2568 iciant
161 2509 193 2570 et
203 2501 372 2588 vestitum,
383 2497 550 2571 firmantes
563 2498 648 2593 quod
656 2502 839 2594 quicunqne
852 2500 1049 2570 eontrarium
1059 2497 1180 2571 Iaoere'

58 2592 252 2687 probaretur.
278 2607 312 2668 et
334 2599 401 2668 vita
425 2601 624 2692 privaretur¹
651 2595 817 2669 etratus.
858 2593 1049 2688 Indignatus
1073 2598 1172 2689 igitur

58 2693 216 2785 imperator
241 2691 370 2767 nobiles
396 2716 512 2768 omnes
539 2705 572 2766 et
601 2694 721 2768 divites
744 2698 777 2766 in
801 2695 935 2766 exilium
959 2696 994 2766 iu
1016 2695 1172 2789 Apuliam

58 2785 119 2860 dod
134 2789 228 2866 iubet.
279 2791 353 2864 Non
380 2794 479 2865 multo
502 2803 611 2865 autem
635 2803 709 2889 post
732 2803 879 2887 tempore
906 2793 1082 2888 imperator
1097 2815 1172 2864 oum

59 2884 258 2980 Papiensibns
288 2890 425 2985 aliisque
446 2889 636 2965 lombardis
660 2913 722 2964 sne
747 2893 829 2987 parti
851 2889 1039 2964 faventibus
1064 2893 1172 2963 eomi-

59 2991 144 3057 tatum
160 2985 457 3062 Mediolanensium
476 2999 528 3062 est
544 2992 732 3082 ingressus.
758 2987 899 3062 oradens
924 2991 1089 3062 eitdtatom
1106 2987 1172 3060 oh-

60 3080 154 3154 sIdere
171 3107 208 3158 sa
226 3107 338 3182 posse.
381 3087 428 3160 At
453 3086 723 3160 Mediolanenses
747 3083 878 3158 obviam
906 3086 951 3159 illi
973 3096 1116 3180 pergunt
1139 3097 1173 3158 at

61 3190 156 3254 eontm
173 3187 245 3258 eins
263 3188 445 3258 exereitum
461 3195 568 3258 eastra
585 3196 710 3280 ponunt
727 3194 823 3279 atqua
841 3194 952 3256 eontra
965 3205 1040 3255 enm
1050 3183 1173 3255 tamdiu

62 3283 219 3372 soterum.
247 3281 355 3354 doneo
370 3283 445 3374 illa,
473 3305 533 3355 sua
554 3305 615 3452 spe
631 3283 819 3355 frustratum
833 3303 872 3355 se
888 3281 1021 3372 videns.
1039 3282 1171 3376 Papiam

62 3375 121 3446 sine
141 3375 263 3454 honore
287 3402 447 3454 reversus
472 3391 532 3454 est.
591 3392 687 3477 taque
714 3380 824 3475 alique
851 3383 1018 3471 einans,
1045 3403 1108 3476 que
1126 3384 1172 3451 ti-

62 3484 172 3548 mentes
199 3477 349 3550 mandata
368 3483 439 3552 eius
457 3479 568 3550 faeere
587 3476 790 3571 oogitabant.
819 3501 863 3551 ex
887 3477 950 3550 hoo
964 3478 1051 3551 laeto
1067 3477 1173 3550 roho-

62 3579 120 3639 rate
139 3571 404 3650 Mediolanenses
432 3580 564 3648 minimo
588 3577 807 3672 reliquemnt.
826 3576 886 3649 sed
905 3580 953 3650 eis
971 3575 1172 3650 adheserunt

63 3675 92 3735 nt
105 3673 197 3764 prinsa
215 3677 298 3747 aiom
310 3673 471 3765 Bononia,
482 3676 592 3748 Brixia
611 3685 645 3746 ot
654 3675 832 3764 Plaeentia.
844 3673 977 3746 Mantua
990 3685 1023 3746 et
1032 3673 1172 3746 Faven-

64 3763 110 3852 lia.
125 3789 160 3840 ao
174 3773 285 3867 pluras
303 3773 367 3846 alie
384 3777 543 3846 divitates.

104 3861 274 3962 Imperator
296 3881 405 3944 autem
427 3881 502 3967 post
530 3871 692 3944 modicum
716 3874 775 3943 ivit
800 3872 833 3942 in
859 3869 1035 3942 marchiam
1058 3870 1174 3944 Trivi-

66 3961 165 4055 sinan.
182 3979 213 4040 et
223 3974 315 4064 quasi
326 3969 499 4064 paoiiieara
509 3971 629 4042 volens
641 3971 805 4065 principes
817 3967 1057 4059 disperdentes.
1068 3992 1172 4042 aoce-

67 4059 104 4147 pit
118 4059 153 4130 ab
175 4069 221 4142 eis
244 4066 304 4142 sub
323 4065 384 4140 lrao
401 4071 513 4163 speoie
524 4066 670 4160 obsides.
691 4071 774 4142 siout
790 4067 892 4139 lilium
908 4067 1122 4141 marchionis²
1140 4081 1173 4142 et

69 4152 151 4232 filiam
165 4163 306 4238 Albaniai
323 4165 432 4240 fratris
450 4166 618 4258 Ileoelini,
635 4189 699 4239 neo
715 4188 781 4238 non
799 4175 833 4238 et
848 4166 929 4239 alios
946 4168 1069 4265 plures.
1102 4167 1172 4242 Sed

113 4279 137 4352 ¹)
152 4287 303 4360 probaretur
320 4289 361 4346 ts.
397 4288 429 4359 2)
447 4289 496 4346 dos
516 4289 684 4364 marlrgmlen
703 4306 757 4349 von
775 4289 847 4349 Esto.
