<?xml version="1.0" encoding="UTF-8"?>
<!DOCTYPE html PUBLIC "-//W3C//DTD XHTML 1.0 Transitional//EN"
    "http://www.w3.org/TR/xhtml1/DTD/xhtml1-transitional.dtd">
<html xmlns="http://www.w3.org/1999/xhtml" xml:lang="en" lang="en">
 <head>
  <title>
</title>
<meta http-equiv="Content-Type" content="text/html;charset=utf-8" />
  <meta name='ocr-system' content='tesseract 3.04.00' />
  <meta name='ocr-capabilities' content='ocr_page ocr_carea ocr_par ocr_line ocrx_word'/>
</head>
<body>
  <div class='ocr_page' id='page_1' title='image "./fontesrerumgerm01hubegoog_0373.png"; bbox 0 0 2900 4820; ppageno 0'>
   <div class='ocr_carea' id='block_1_1' title="bbox 211 164 1150 244">
    <p class='ocr_par' dir='ltr' id='par_1_1' title="bbox 211 164 1150 244">
     <span class='ocr_line' id='line_1_1' title="bbox 211 164 1150 244; baseline -0.002 -16"><span class='ocrx_word' id='word_1_1' title='bbox 211 169 283 244; x_wconf 81' lang='lat'><strong>296</strong></span> <span class='ocrx_word' id='word_1_2' title='bbox 390 164 608 226; x_wconf 72' lang='lat' dir='ltr'><strong>communito</strong></span> <span class='ocrx_word' id='word_1_3' title='bbox 628 167 793 226; x_wconf 80' lang='grc' dir='ltr'>ΜΑΠΗΙΑΕ</span> <span class='ocrx_word' id='word_1_4' title='bbox 811 167 1150 226; x_wconf 78' lang='lat' dir='ltr'><strong>Nuuwuttuttuuuusts.</strong></span> 
     </span>
    </p>
   </div>
   <div class='ocr_carea' id='block_1_2' title="bbox 127 344 1339 636">
    <p class='ocr_par' dir='ltr' id='par_1_2' title="bbox 127 344 1339 636">
     <span class='ocr_line' id='line_1_2' title="bbox 127 344 1338 440; baseline 0.008 -33"><span class='ocrx_word' id='word_1_5' title='bbox 127 351 197 410; x_wconf 82' lang='grc'>1071</span> <span class='ocrx_word' id='word_1_6' title='bbox 210 355 320 437; x_wconf 73' lang='lat' dir='ltr'><strong>gasto,</strong></span> <span class='ocrx_word' id='word_1_7' title='bbox 344 347 526 418; x_wconf 84' lang='lat' dir='ltr'><strong>construxit</strong></span> <span class='ocrx_word' id='word_1_8' title='bbox 550 344 615 416; x_wconf 93' lang='lat' dir='ltr'><strong>duo</strong></span> <span class='ocrx_word' id='word_1_9' title='bbox 638 344 788 436; x_wconf 59' lang='lat' dir='ltr'><strong>cenobia„</strong></span> <span class='ocrx_word' id='word_1_10' title='bbox 811 367 912 418; x_wconf 92' lang='lat' dir='ltr'><strong>unum</strong></span> <span class='ocrx_word' id='word_1_11' title='bbox 936 367 1037 440; x_wconf 88' lang='lat' dir='ltr'><strong>super</strong></span> <span class='ocrx_word' id='word_1_12' title='bbox 1059 345 1177 418; x_wconf 84' lang='lat' dir='ltr'><strong>Alsum</strong></span> <span class='ocrx_word' id='word_1_13' title='bbox 1200 345 1338 418; x_wconf 77' lang='lat' dir='ltr'><strong>durium</strong></span> 
     </span>
     <span class='ocr_line' id='line_1_3' title="bbox 210 441 1339 538; baseline 0 -24"><span class='ocrx_word' id='word_1_14' title='bbox 210 465 312 538; x_wconf 84' lang='lat' dir='ltr'>prope</span> <span class='ocrx_word' id='word_1_15' title='bbox 329 442 561 535; x_wconf 61' lang='lat' dir='ltr'><strong>Argentioam,</strong></span> <span class='ocrx_word' id='word_1_16' title='bbox 585 454 618 514; x_wconf 86' lang='lat' dir='ltr'><strong>et</strong></span> <span class='ocrx_word' id='word_1_17' title='bbox 635 443 722 515; x_wconf 91' lang='lat' dir='ltr'><strong>aliud</strong></span> <span class='ocrx_word' id='word_1_18' title='bbox 744 446 778 516; x_wconf 90' lang='lat' dir='ltr'><strong>iu</strong></span> <span class='ocrx_word' id='word_1_19' title='bbox 794 441 956 534; x_wconf 60' lang='lat' dir='ltr'><strong>Sarburg,</strong></span> <span class='ocrx_word' id='word_1_20' title='bbox 979 465 1043 537; x_wconf 90' lang='lat' dir='ltr'><strong>que</strong></span> <span class='ocrx_word' id='word_1_21' title='bbox 1060 443 1249 534; x_wconf 86' lang='lat' dir='ltr'><strong>largissime</strong></span> <span class='ocrx_word' id='word_1_22' title='bbox 1272 442 1339 514; x_wconf 89' lang='lat' dir='ltr'><strong>do·</strong></span> 
     </span>
     <span class='ocr_line' id='line_1_4' title="bbox 211 537 1339 636; baseline 0 -24"><span class='ocrx_word' id='word_1_23' title='bbox 211 543 303 630; x_wconf 64' lang='lat' dir='ltr'><strong>tavit,</strong></span> <span class='ocrx_word' id='word_1_24' title='bbox 320 543 353 611; x_wconf 93' lang='lat' dir='ltr'><strong>io</strong></span> <span class='ocrx_word' id='word_1_25' title='bbox 371 537 486 634; x_wconf 87' lang='lat' dir='ltr'><strong>quihus</strong></span> <span class='ocrx_word' id='word_1_26' title='bbox 505 551 539 613; x_wconf 94' lang='lat' dir='ltr'><strong>et</strong></span> <span class='ocrx_word' id='word_1_27' title='bbox 555 563 674 634; x_wconf 91' lang='lat' dir='ltr'><strong>corpus</strong></span> <span class='ocrx_word' id='word_1_28' title='bbox 692 544 796 615; x_wconf 89' lang='lat' dir='ltr'><strong>saneti</strong></span> <span class='ocrx_word' id='word_1_29' title='bbox 814 542 955 636; x_wconf 90' lang='lat' dir='ltr'><strong>presulis</strong></span> <span class='ocrx_word' id='word_1_30' title='bbox 973 543 1158 634; x_wconf 82' lang='lat' dir='ltr'><strong>requiescit.</strong></span> <span class='ocrx_word' id='word_1_31' title='bbox 1190 539 1339 614; x_wconf 86' lang='lat' dir='ltr'><strong>Patibulo</strong></span> 
     </span>
    </p>
   </div>
   <div class='ocr_carea' id='block_1_3' title="bbox 206 636 1340 2493">
    <p class='ocr_par' dir='ltr' id='par_1_3' title="bbox 206 636 1340 2493">
     <span class='ocr_line' id='line_1_5' title="bbox 210 636 1339 732; baseline 0.002 -23"><span class='ocrx_word' id='word_1_32' title='bbox 210 648 332 729; x_wconf 75' lang='lat' dir='ltr'><strong>eutem</strong></span> <span class='ocrx_word' id='word_1_33' title='bbox 362 649 397 709; x_wconf 91' lang='lat' dir='ltr'><strong>ut</strong></span> <span class='ocrx_word' id='word_1_34' title='bbox 423 642 628 731; x_wconf 71' lang='lat' dir='ltr'><strong>premittitur,</strong></span> <span class='ocrx_word' id='word_1_35' title='bbox 658 639 828 727; x_wconf 48' lang='grc' dir='ltr'><strong>1001101010ἦ</strong></span> <span class='ocrx_word' id='word_1_36' title='bbox 856 636 976 710; x_wconf 91' lang='lat' dir='ltr'><strong>deinde</strong></span> <span class='ocrx_word' id='word_1_37' title='bbox 1002 639 1090 710; x_wconf 88' lang='lat' dir='ltr'><strong>idem</strong></span> <span class='ocrx_word' id='word_1_38' title='bbox 1116 639 1208 711; x_wconf 92' lang='lat' dir='ltr'><strong>loeus</strong></span> <span class='ocrx_word' id='word_1_39' title='bbox 1237 643 1339 732; x_wconf 87' lang='lat' dir='ltr'><strong>pratis</strong></span> 
     </span>
     <span class='ocr_line' id='line_1_6' title="bbox 210 733 1339 831; baseline 0 -22"><span class='ocrx_word' id='word_1_40' title='bbox 210 759 362 826; x_wconf 61' lang='lat' dir='ltr'><strong>amenus</strong></span> <span class='ocrx_word' id='word_1_41' title='bbox 379 733 521 808; x_wconf 85' lang='lat' dir='ltr'><strong>sontibus</strong></span> <span class='ocrx_word' id='word_1_42' title='bbox 538 740 682 828; x_wconf 85' lang='lat' dir='ltr'><strong>irriguus</strong></span> <span class='ocrx_word' id='word_1_43' title='bbox 693 748 726 809; x_wconf 91' lang='lat' dir='ltr'><strong>et</strong></span> <span class='ocrx_word' id='word_1_44' title='bbox 736 741 838 810; x_wconf 83' lang='lat' dir='ltr'><strong>variis</strong></span> <span class='ocrx_word' id='word_1_45' title='bbox 857 735 1001 810; x_wconf 86' lang='lat' dir='ltr'><strong>comodis</strong></span> <span class='ocrx_word' id='word_1_46' title='bbox 1016 736 1100 810; x_wconf 89' lang='lat' dir='ltr'><strong>utilis</strong></span> <span class='ocrx_word' id='word_1_47' title='bbox 1112 746 1146 807; x_wconf 91' lang='lat' dir='ltr'><strong>et</strong></span> <span class='ocrx_word' id='word_1_48' title='bbox 1157 747 1339 831; x_wconf 85' lang='lat' dir='ltr'><strong>oportunus</strong></span> 
     </span>
     <span class='ocr_line' id='line_1_7' title="bbox 210 831 1339 928; baseline -0.001 -21"><span class='ocrx_word' id='word_1_49' title='bbox 210 859 230 907; x_wconf 93' lang='lat' dir='ltr'><strong>a</strong></span> <span class='ocrx_word' id='word_1_50' title='bbox 247 833 355 905; x_wconf 89' lang='lat' dir='ltr'><strong>multis</strong></span> <span class='ocrx_word' id='word_1_51' title='bbox 372 831 555 906; x_wconf 90' lang='lat' dir='ltr'><strong>hominibus</strong></span> <span class='ocrx_word' id='word_1_52' title='bbox 574 838 659 928; x_wconf 87' lang='lat' dir='ltr'><strong>cepit</strong></span> <span class='ocrx_word' id='word_1_53' title='bbox 676 833 854 906; x_wconf 88' lang='lat' dir='ltr'><strong>inhabitari.</strong></span> <span class='ocrx_word' id='word_1_54' title='bbox 880 832 1048 927; x_wconf 82' lang='lat' dir='ltr'><strong>Igiturque</strong></span> <span class='ocrx_word' id='word_1_55' title='bbox 1066 837 1182 906; x_wconf 76' lang='lat' dir='ltr'><strong>duitas</strong></span> <span class='ocrx_word' id='word_1_56' title='bbox 1193 834 1339 925; x_wconf 83' lang='lat' dir='ltr'><strong>Argen-</strong></span> 
     </span>
     <span class='ocr_line' id='line_1_8' title="bbox 209 930 1339 1026; baseline 0 -22"><span class='ocrx_word' id='word_1_57' title='bbox 209 933 345 1004; x_wconf 86' lang='lat' dir='ltr'><strong>tinensls</strong></span> <span class='ocrx_word' id='word_1_58' title='bbox 363 934 466 1024; x_wconf 88' lang='lat' dir='ltr'><strong>primu</strong></span> <span class='ocrx_word' id='word_1_59' title='bbox 479 934 553 1003; x_wconf 85' lang='lat' dir='ltr'><strong>vice</strong></span> <span class='ocrx_word' id='word_1_60' title='bbox 571 932 786 1025; x_wconf 80' lang='lat' dir='ltr'><strong>ampliaturet</strong></span> <span class='ocrx_word' id='word_1_61' title='bbox 795 931 991 1026; x_wconf 90' lang='lat' dir='ltr'><strong>protrahitur</strong></span> <span class='ocrx_word' id='word_1_62' title='bbox 1007 953 1113 1024; x_wconf 87' lang='lat' dir='ltr'><strong>usque</strong></span> <span class='ocrx_word' id='word_1_63' title='bbox 1130 930 1172 1002; x_wconf 87' lang='lat' dir='ltr'><strong>ad</strong></span> <span class='ocrx_word' id='word_1_64' title='bbox 1189 943 1339 1004; x_wconf 85' lang='lat' dir='ltr'><strong>sanctum</strong></span> 
     </span>
     <span class='ocr_line' id='line_1_9' title="bbox 208 1028 1338 1104; baseline -0.002 -1"><span class='ocrx_word' id='word_1_65' title='bbox 208 1031 340 1103; x_wconf 89' lang='lat' dir='ltr'><strong>Petrum</strong></span> <span class='ocrx_word' id='word_1_66' title='bbox 358 1031 525 1101; x_wconf 80' lang='lat' dir='ltr'><strong>seniorem</strong></span> <span class='ocrx_word' id='word_1_67' title='bbox 543 1033 629 1100; x_wconf 87' lang='lat' dir='ltr'><strong>circa</strong></span> <span class='ocrx_word' id='word_1_68' title='bbox 646 1051 751 1104; x_wconf 89' lang='lat' dir='ltr'><strong>annos</strong></span> <span class='ocrx_word' id='word_1_69' title='bbox 766 1029 886 1102; x_wconf 91' lang='lat' dir='ltr'><strong>domini</strong></span> <span class='ocrx_word' id='word_1_70' title='bbox 902 1029 1017 1102; x_wconf 80' lang='lat' dir='ltr'><strong>moal.</strong></span> <span class='ocrx_word' id='word_1_71' title='bbox 1043 1028 1174 1100; x_wconf 82' lang='lat' dir='ltr'><strong>Deinde</strong></span> <span class='ocrx_word' id='word_1_72' title='bbox 1191 1030 1338 1102; x_wconf 87' lang='lat' dir='ltr'><strong>secundo</strong></span> 
     </span>
     <span class='ocr_line' id='line_1_10' title="bbox 209 1127 1340 1222; baseline 0.001 -24"><span class='ocrx_word' id='word_1_73' title='bbox 209 1131 298 1217; x_wconf 47' lang='lat' dir='ltr'><strong>viee³</strong></span> <span class='ocrx_word' id='word_1_74' title='bbox 325 1147 484 1220; x_wconf 87' lang='lat' dir='ltr'><strong>processo</strong></span> <span class='ocrx_word' id='word_1_75' title='bbox 512 1127 744 1220; x_wconf 88' lang='lat' dir='ltr'><strong>aliquantulum</strong></span> <span class='ocrx_word' id='word_1_76' title='bbox 771 1131 927 1222; x_wconf 83' lang='lat' dir='ltr'><strong>temporis</strong></span> <span class='ocrx_word' id='word_1_77' title='bbox 956 1130 1080 1222; x_wconf 59' lang='lat' dir='ltr'><strong>spacio,</strong></span> <span class='ocrx_word' id='word_1_78' title='bbox 1109 1127 1283 1221; x_wconf 86' lang='lat' dir='ltr'><strong>ampliatur</strong></span> <span class='ocrx_word' id='word_1_79' title='bbox 1306 1138 1340 1214; x_wconf 90' lang='lat' dir='ltr'><strong>et</strong></span> 
     </span>
     <span class='ocr_line' id='line_1_11' title="bbox 209 1223 1340 1320; baseline 0 -24"><span class='ocrx_word' id='word_1_80' title='bbox 209 1223 404 1320; x_wconf 83' lang='lat' dir='ltr'><strong>protrahitur</strong></span> <span class='ocrx_word' id='word_1_81' title='bbox 428 1247 446 1294; x_wconf 89' lang='lat' dir='ltr'><strong>a</strong></span> <span class='ocrx_word' id='word_1_82' title='bbox 472 1235 586 1297; x_wconf 82' lang='lat' dir='ltr'><strong>sancto</strong></span> <span class='ocrx_word' id='word_1_83' title='bbox 608 1227 706 1298; x_wconf 90' lang='lat' dir='ltr'><strong>Petro</strong></span> <span class='ocrx_word' id='word_1_84' title='bbox 731 1229 863 1298; x_wconf 87' lang='lat' dir='ltr'><strong>seniore</strong></span> <span class='ocrx_word' id='word_1_85' title='bbox 887 1247 1009 1298; x_wconf 87' lang='lat' dir='ltr'><strong>versus</strong></span> <span class='ocrx_word' id='word_1_86' title='bbox 1033 1235 1183 1298; x_wconf 90' lang='lat' dir='ltr'><strong>sanctum</strong></span> <span class='ocrx_word' id='word_1_87' title='bbox 1205 1225 1340 1296; x_wconf 88' lang='lat' dir='ltr'><strong>Petrum</strong></span> 
     </span>
     <span class='ocr_line' id='line_1_12' title="bbox 207 1322 1339 1418; baseline 0.001 -25"><span class='ocrx_word' id='word_1_88' title='bbox 207 1325 381 1411; x_wconf 47' lang='lat' dir='ltr'><strong>iuniorema</strong></span> <span class='ocrx_word' id='word_1_89' title='bbox 399 1343 504 1415; x_wconf 88' lang='lat' dir='ltr'><strong>usque</strong></span> <span class='ocrx_word' id='word_1_90' title='bbox 522 1322 563 1393; x_wconf 91' lang='lat' dir='ltr'><strong>ad</strong></span> <span class='ocrx_word' id='word_1_91' title='bbox 579 1325 693 1395; x_wconf 92' lang='lat' dir='ltr'><strong>turrim</strong></span> <span class='ocrx_word' id='word_1_92' title='bbox 703 1346 825 1396; x_wconf 87' lang='lat' dir='ltr'><strong>versus</strong></span> <span class='ocrx_word' id='word_1_93' title='bbox 843 1327 1027 1418; x_wconf 81' lang='lat' dir='ltr'><strong>penitentes</strong></span> <span class='ocrx_word' id='word_1_94' title='bbox 1045 1326 1131 1394; x_wconf 88' lang='lat' dir='ltr'><strong>circa</strong></span> <span class='ocrx_word' id='word_1_95' title='bbox 1149 1344 1255 1396; x_wconf 89' lang='lat' dir='ltr'><strong>annos</strong></span> <span class='ocrx_word' id='word_1_96' title='bbox 1273 1323 1339 1394; x_wconf 92' lang='lat' dir='ltr'><strong>do-</strong></span> 
     </span>
     <span class='ocr_line' id='line_1_13' title="bbox 207 1417 1337 1513; baseline 0.002 -22"><span class='ocrx_word' id='word_1_97' title='bbox 207 1423 286 1492; x_wconf 90' lang='lat' dir='ltr'><strong>mini</strong></span> <span class='ocrx_word' id='word_1_98' title='bbox 297 1441 408 1491; x_wconf 88' lang='lat' dir='ltr'><strong>mccc.</strong></span> <span class='ocrx_word' id='word_1_99' title='bbox 434 1419 563 1491; x_wconf 88' lang='lat' dir='ltr'><strong>Deinde</strong></span> <span class='ocrx_word' id='word_1_100' title='bbox 574 1444 648 1492; x_wconf 90' lang='lat' dir='ltr'><strong>cum</strong></span> <span class='ocrx_word' id='word_1_101' title='bbox 662 1424 778 1494; x_wconf 84' lang='lat' dir='ltr'><strong>civitas</strong></span> <span class='ocrx_word' id='word_1_102' title='bbox 791 1422 1050 1513; x_wconf 82' lang='lat' dir='ltr'><strong>Argentinensis</strong></span> <span class='ocrx_word' id='word_1_103' title='bbox 1067 1417 1204 1492; x_wconf 89' lang='lat' dir='ltr'><strong>haberet</strong></span> <span class='ocrx_word' id='word_1_104' title='bbox 1214 1443 1337 1494; x_wconf 90' lang='lat' dir='ltr'><strong>versus</strong></span> 
     </span>
     <span class='ocr_line' id='line_1_14' title="bbox 207 1517 1340 1607; baseline -0.001 -17"><span class='ocrx_word' id='word_1_105' title='bbox 207 1519 339 1590; x_wconf 89' lang='lat' dir='ltr'><strong>Renum</strong></span> <span class='ocrx_word' id='word_1_106' title='bbox 361 1519 425 1591; x_wconf 90' lang='lat' dir='ltr'><strong>nisi</strong></span> <span class='ocrx_word' id='word_1_107' title='bbox 443 1539 543 1588; x_wconf 88' lang='lat' dir='ltr'><strong>unum</strong></span> <span class='ocrx_word' id='word_1_108' title='bbox 560 1517 684 1590; x_wconf 89' lang='lat' dir='ltr'><strong>vallum</strong></span> <span class='ocrx_word' id='word_1_109' title='bbox 703 1531 736 1589; x_wconf 92' lang='lat' dir='ltr'><strong>et</strong></span> <span class='ocrx_word' id='word_1_110' title='bbox 752 1542 853 1590; x_wconf 91' lang='lat' dir='ltr'><strong>uuum</strong></span> <span class='ocrx_word' id='word_1_111' title='bbox 877 1541 1018 1607; x_wconf 64' lang='lat' dir='ltr'><strong>murum,</strong></span> <span class='ocrx_word' id='word_1_112' title='bbox 1042 1529 1120 1590; x_wconf 88' lang='lat' dir='ltr'><strong>tuuc</strong></span> <span class='ocrx_word' id='word_1_113' title='bbox 1142 1523 1340 1590; x_wconf 86' lang='lat' dir='ltr'><strong>construitur</strong></span> 
     </span>
     <span class='ocr_line' id='line_1_15' title="bbox 208 1614 1339 1706; baseline 0.002 -20"><span class='ocrx_word' id='word_1_114' title='bbox 208 1614 447 1706; x_wconf 84' lang='lat' dir='ltr'><strong>Metuigerturn</strong></span> <span class='ocrx_word' id='word_1_115' title='bbox 475 1619 620 1688; x_wconf 81' lang='lat' dir='ltr'><strong>exterior</strong></span> <span class='ocrx_word' id='word_1_116' title='bbox 647 1639 722 1687; x_wconf 90' lang='lat' dir='ltr'><strong>oum</strong></span> <span class='ocrx_word' id='word_1_117' title='bbox 749 1639 810 1689; x_wconf 90' lang='lat' dir='ltr'><strong>suo</strong></span> <span class='ocrx_word' id='word_1_118' title='bbox 838 1637 931 1687; x_wconf 91' lang='lat' dir='ltr'><strong>muro</strong></span> <span class='ocrx_word' id='word_1_119' title='bbox 958 1627 992 1686; x_wconf 88' lang='lat' dir='ltr'><strong>et</strong></span> <span class='ocrx_word' id='word_1_120' title='bbox 1018 1616 1108 1688; x_wconf 89' lang='lat' dir='ltr'><strong>vallo</strong></span> <span class='ocrx_word' id='word_1_121' title='bbox 1135 1616 1293 1687; x_wconf 89' lang='lat' dir='ltr'><strong>tendente</strong></span> <span class='ocrx_word' id='word_1_122' title='bbox 1320 1639 1339 1688; x_wconf 86' lang='lat' dir='ltr'><strong>a</strong></span> 
     </span>
     <span class='ocr_line' id='line_1_16' title="bbox 209 1712 1338 1807; baseline -0.002 -21"><span class='ocrx_word' id='word_1_123' title='bbox 209 1724 322 1786; x_wconf 88' lang='lat' dir='ltr'><strong>saneta</strong></span> <span class='ocrx_word' id='word_1_124' title='bbox 340 1714 477 1804; x_wconf 84' lang='lat' dir='ltr'><strong>Agnete</strong></span> <span class='ocrx_word' id='word_1_125' title='bbox 495 1736 600 1807; x_wconf 89' lang='lat' dir='ltr'><strong>usque</strong></span> <span class='ocrx_word' id='word_1_126' title='bbox 618 1713 660 1784; x_wconf 90' lang='lat' dir='ltr'><strong>ud</strong></span> <span class='ocrx_word' id='word_1_127' title='bbox 677 1712 869 1806; x_wconf 85' lang='lat' dir='ltr'><strong>Utengasse</strong></span> <span class='ocrx_word' id='word_1_128' title='bbox 887 1735 973 1785; x_wconf 90' lang='lat' dir='ltr'><strong>auno</strong></span> <span class='ocrx_word' id='word_1_129' title='bbox 991 1713 1111 1784; x_wconf 86' lang='lat' dir='ltr'><strong>domini</strong></span> <span class='ocrx_word' id='word_1_130' title='bbox 1127 1716 1338 1786; x_wconf 80' lang='lat' dir='ltr'><strong>moecxxiv.</strong></span> 
     </span>
     <span class='ocr_line' id='line_1_17' title="bbox 207 1810 1339 1905; baseline 0 -23"><span class='ocrx_word' id='word_1_131' title='bbox 207 1810 345 1904; x_wconf 82' lang='lat' dir='ltr'><strong>Reliqua</strong></span> <span class='ocrx_word' id='word_1_132' title='bbox 357 1833 442 1882; x_wconf 90' lang='lat' dir='ltr'><strong>vero</strong></span> <span class='ocrx_word' id='word_1_133' title='bbox 459 1832 536 1905; x_wconf 87' lang='lat' dir='ltr'><strong>pars</strong></span> <span class='ocrx_word' id='word_1_134' title='bbox 554 1810 703 1884; x_wconf 89' lang='lat' dir='ltr'><strong>eiusdem</strong></span> <span class='ocrx_word' id='word_1_135' title='bbox 715 1815 796 1884; x_wconf 91' lang='lat' dir='ltr'><strong>muri</strong></span> <span class='ocrx_word' id='word_1_136' title='bbox 815 1833 919 1905; x_wconf 90' lang='lat' dir='ltr'><strong>usque</strong></span> <span class='ocrx_word' id='word_1_137' title='bbox 931 1810 1095 1882; x_wconf 90' lang='lat' dir='ltr'><strong>adturrim</strong></span> <span class='ocrx_word' id='word_1_138' title='bbox 1113 1832 1215 1905; x_wconf 92' lang='lat' dir='ltr'><strong>prope</strong></span> <span class='ocrx_word' id='word_1_139' title='bbox 1234 1833 1339 1884; x_wconf 89' lang='lat' dir='ltr'><strong>sano-</strong></span> 
     </span>
     <span class='ocr_line' id='line_1_18' title="bbox 208 1906 1339 2002; baseline 0.001 -24"><span class='ocrx_word' id='word_1_140' title='bbox 208 1918 274 1979; x_wconf 89' lang='lat' dir='ltr'><strong>tam</strong></span> <span class='ocrx_word' id='word_1_141' title='bbox 291 1906 501 1979; x_wconf 88' lang='lat' dir='ltr'><strong>Katharinam</strong></span> <span class='ocrx_word' id='word_1_142' title='bbox 519 1930 592 1980; x_wconf 93' lang='lat' dir='ltr'><strong>cum</strong></span> <span class='ocrx_word' id='word_1_143' title='bbox 610 1912 681 2002; x_wconf 89' lang='lat' dir='ltr'><strong>ipsa</strong></span> <span class='ocrx_word' id='word_1_144' title='bbox 700 1911 790 1998; x_wconf 53' lang='lat' dir='ltr'><strong>turm}</strong></span> <span class='ocrx_word' id='word_1_145' title='bbox 815 1931 878 2002; x_wconf 86' lang='lat' dir='ltr'><strong>que</strong></span> <span class='ocrx_word' id='word_1_146' title='bbox 897 1907 999 1981; x_wconf 91' lang='lat' dir='ltr'><strong>tendit</strong></span> <span class='ocrx_word' id='word_1_147' title='bbox 1021 1929 1127 2002; x_wconf 85' lang='lat' dir='ltr'><strong>usque</strong></span> <span class='ocrx_word' id='word_1_148' title='bbox 1144 1907 1186 1978; x_wconf 86' lang='lat' dir='ltr'><strong>ad</strong></span> <span class='ocrx_word' id='word_1_149' title='bbox 1203 1918 1339 1979; x_wconf 89' lang='lat' dir='ltr'><strong>torren-</strong></span> 
     </span>
     <span class='ocr_line' id='line_1_19' title="bbox 207 2005 1339 2095; baseline 0.001 -20"><span class='ocrx_word' id='word_1_150' title='bbox 207 2014 275 2075; x_wconf 88' lang='lat' dir='ltr'><strong>tem</strong></span> <span class='ocrx_word' id='word_1_151' title='bbox 302 2005 459 2078; x_wconf 89' lang='lat' dir='ltr'><strong>lluentem</strong></span> <span class='ocrx_word' id='word_1_152' title='bbox 485 2005 527 2076; x_wconf 93' lang='lat' dir='ltr'><strong>de</strong></span> <span class='ocrx_word' id='word_1_153' title='bbox 556 2005 852 2095; x_wconf 48' lang='grc' dir='ltr'><strong>0011010101100710ἦ</strong></span> <span class='ocrx_word' id='word_1_154' title='bbox 880 2010 1077 2078; x_wconf 77' lang='lat' dir='ltr'><strong>construitur</strong></span> <span class='ocrx_word' id='word_1_155' title='bbox 1103 2026 1190 2078; x_wconf 89' lang='lat' dir='ltr'><strong>anno</strong></span> <span class='ocrx_word' id='word_1_156' title='bbox 1218 2005 1339 2077; x_wconf 89' lang='lat' dir='ltr'><strong>domiui</strong></span> 
     </span>
     <span class='ocr_line' id='line_1_20' title="bbox 208 2101 1339 2198; baseline 0.003 -26"><span class='ocrx_word' id='word_1_157' title='bbox 208 2103 410 2174; x_wconf 80' lang='lat' dir='ltr'><strong>mocoxliii.</strong></span> <span class='ocrx_word' id='word_1_158' title='bbox 437 2101 566 2174; x_wconf 91' lang='lat' dir='ltr'><strong>Deinde</strong></span> <span class='ocrx_word' id='word_1_159' title='bbox 584 2107 691 2174; x_wconf 91' lang='lat' dir='ltr'><strong>menia</strong></span> <span class='ocrx_word' id='word_1_160' title='bbox 709 2107 793 2174; x_wconf 90' lang='lat' dir='ltr'><strong>muri</strong></span> <span class='ocrx_word' id='word_1_161' title='bbox 811 2106 931 2198; x_wconf 86' lang='lat' dir='ltr'><strong>antiqui</strong></span> <span class='ocrx_word' id='word_1_162' title='bbox 949 2105 1088 2176; x_wconf 84' lang='lat' dir='ltr'><strong>civitatis</strong></span> <span class='ocrx_word' id='word_1_163' title='bbox 1105 2103 1253 2198; x_wconf 79' lang='lat' dir='ltr'><strong>predicte</strong></span> <span class='ocrx_word' id='word_1_164' title='bbox 1270 2125 1339 2175; x_wconf 88' lang='lat' dir='ltr'><strong>ex-</strong></span> 
     </span>
     <span class='ocr_line' id='line_1_21' title="bbox 208 2199 1337 2296; baseline 0 -26"><span class='ocrx_word' id='word_1_165' title='bbox 208 2199 307 2271; x_wconf 83' lang='lat' dir='ltr'><strong>ultata</strong></span> <span class='ocrx_word' id='word_1_166' title='bbox 323 2211 401 2272; x_wconf 93' lang='lat' dir='ltr'><strong>sunt</strong></span> <span class='ocrx_word' id='word_1_167' title='bbox 416 2223 490 2272; x_wconf 91' lang='lat' dir='ltr'><strong>cum</strong></span> <span class='ocrx_word' id='word_1_168' title='bbox 512 2199 660 2296; x_wconf 92' lang='lat' dir='ltr'><strong>peribolo</strong></span> <span class='ocrx_word' id='word_1_169' title='bbox 678 2223 740 2274; x_wconf 91' lang='lat' dir='ltr'><strong>seu</strong></span> <span class='ocrx_word' id='word_1_170' title='bbox 764 2199 1022 2273; x_wconf 89' lang='lat' dir='ltr'><strong>deambulatorio</strong></span> <span class='ocrx_word' id='word_1_171' title='bbox 1038 2222 1128 2273; x_wconf 90' lang='lat' dir='ltr'><strong>novo</strong></span> <span class='ocrx_word' id='word_1_172' title='bbox 1145 2223 1234 2273; x_wconf 89' lang='lat' dir='ltr'><strong>anne</strong></span> <span class='ocrx_word' id='word_1_173' title='bbox 1252 2199 1337 2272; x_wconf 91' lang='lat' dir='ltr'><strong>dom.</strong></span> 
     </span>
     <span class='ocr_line' id='line_1_22' title="bbox 208 2298 1339 2371; baseline -0.001 -2"><span class='ocrx_word' id='word_1_174' title='bbox 208 2299 390 2370; x_wconf 82' lang='lat' dir='ltr'><strong>mccclxx.</strong></span> <span class='ocrx_word' id='word_1_175' title='bbox 416 2298 537 2370; x_wconf 89' lang='lat' dir='ltr'><strong>Postea</strong></span> <span class='ocrx_word' id='word_1_176' title='bbox 548 2321 631 2371; x_wconf 78' lang='lat' dir='ltr'><strong>vero</strong></span> <span class='ocrx_word' id='word_1_177' title='bbox 645 2321 731 2370; x_wconf 91' lang='lat' dir='ltr'><strong>anno</strong></span> <span class='ocrx_word' id='word_1_178' title='bbox 750 2298 870 2370; x_wconf 91' lang='lat' dir='ltr'><strong>domini</strong></span> <span class='ocrx_word' id='word_1_179' title='bbox 886 2298 1117 2371; x_wconf 79' lang='lat' dir='ltr'><strong>mucelxxiv.</strong></span> <span class='ocrx_word' id='word_1_180' title='bbox 1129 2302 1247 2370; x_wconf 85' lang='lat' dir='ltr'><strong>civitas</strong></span> <span class='ocrx_word' id='word_1_181' title='bbox 1261 2320 1339 2368; x_wconf 91' lang='lat' dir='ltr'><strong>am-</strong></span> 
     </span>
     <span class='ocr_line' id='line_1_23' title="bbox 206 2395 1336 2493; baseline 0.003 -28"><span class='ocrx_word' id='word_1_182' title='bbox 206 2395 325 2490; x_wconf 90' lang='lat' dir='ltr'><strong>pliatur</strong></span> <span class='ocrx_word' id='word_1_183' title='bbox 341 2399 444 2468; x_wconf 88' lang='lat' dir='ltr'><strong>tercio</strong></span> <span class='ocrx_word' id='word_1_184' title='bbox 461 2407 495 2468; x_wconf 92' lang='lat' dir='ltr'><strong>et</strong></span> <span class='ocrx_word' id='word_1_185' title='bbox 511 2399 660 2493; x_wconf 91' lang='lat' dir='ltr'><strong>incipitur</strong></span> <span class='ocrx_word' id='word_1_186' title='bbox 677 2420 720 2468; x_wconf 88' lang='lat' dir='ltr'><strong>au</strong></span> <span class='ocrx_word' id='word_1_187' title='bbox 730 2395 790 2467; x_wconf 92' lang='lat' dir='ltr'><strong>der</strong></span> <span class='ocrx_word' id='word_1_188' title='bbox 799 2395 1033 2485; x_wconf 59' lang='lat' dir='ltr'><strong>Steinstrossm</strong></span> <span class='ocrx_word' id='word_1_189' title='bbox 1050 2405 1087 2466; x_wconf 94' lang='lat' dir='ltr'><strong>ut</strong></span> <span class='ocrx_word' id='word_1_190' title='bbox 1101 2406 1192 2490; x_wconf 87' lang='lat' dir='ltr'><strong>patet</strong></span> <span class='ocrx_word' id='word_1_191' title='bbox 1209 2399 1336 2491; x_wconf 85' lang='lat' dir='ltr'><strong>supra.¹</strong></span> 
     </span>
    </p>
   </div>
   <div class='ocr_carea' id='block_1_4' title="bbox 119 2688 1340 4155">
    <p class='ocr_par' dir='ltr' id='par_1_4' title="bbox 123 2688 1340 3268">
     <span class='ocr_line' id='line_1_24' title="bbox 123 2688 1339 2780; baseline 0.006 -23"><span class='ocrx_word' id='word_1_192' title='bbox 123 2699 194 2758; x_wconf 84' lang='grc'>13711</span> <span class='ocrx_word' id='word_1_193' title='bbox 255 2691 356 2763; x_wconf 90' lang='lat' dir='ltr'><strong>Anno</strong></span> <span class='ocrx_word' id='word_1_194' title='bbox 373 2691 494 2766; x_wconf 89' lang='lat' dir='ltr'><strong>domini</strong></span> <span class='ocrx_word' id='word_1_195' title='bbox 510 2694 756 2780; x_wconf 72' lang='lat' dir='ltr'><strong>m.cce.lxx.vi.,</strong></span> <span class='ocrx_word' id='word_1_196' title='bbox 779 2692 862 2764; x_wconf 89' lang='lat' dir='ltr'><strong>leria</strong></span> <span class='ocrx_word' id='word_1_197' title='bbox 880 2695 973 2763; x_wconf 89' lang='lat' dir='ltr'><strong>tertia</strong></span> <span class='ocrx_word' id='word_1_198' title='bbox 997 2691 1080 2762; x_wconf 88' lang='lat' dir='ltr'><strong>infra</strong></span> <span class='ocrx_word' id='word_1_199' title='bbox 1097 2688 1339 2764; x_wconf 81' lang='lat' dir='ltr'><strong>hebdomadam</strong></span> 
     </span>
     <span class='ocr_line' id='line_1_25' title="bbox 206 2787 1337 2882; baseline 0.003 -22"><span class='ocrx_word' id='word_1_200' title='bbox 206 2789 282 2861; x_wconf 90' lang='lat' dir='ltr'><strong>lesti</strong></span> <span class='ocrx_word' id='word_1_201' title='bbox 309 2799 519 2882; x_wconf 84' lang='lat' dir='ltr'><strong>pentecostes</strong></span> <span class='ocrx_word' id='word_1_202' title='bbox 550 2793 630 2882; x_wconf 88' lang='lat' dir='ltr'><strong>[iun.</strong></span> <span class='ocrx_word' id='word_1_203' title='bbox 652 2791 713 2882; x_wconf 89' lang='grc'><strong>10]</strong></span> <span class='ocrx_word' id='word_1_204' title='bbox 743 2791 869 2862; x_wconf 88' lang='lat' dir='ltr'><strong>electus</strong></span> <span class='ocrx_word' id='word_1_205' title='bbox 898 2801 951 2861; x_wconf 90' lang='lat' dir='ltr'><strong>est</strong></span> <span class='ocrx_word' id='word_1_206' title='bbox 977 2787 1221 2878; x_wconf 64' lang='lat' dir='ltr'><strong>Wenoestaus„</strong></span> <span class='ocrx_word' id='word_1_207' title='bbox 1250 2789 1337 2863; x_wconf 89' lang='lat' dir='ltr'><strong>lilius</strong></span> 
     </span>
     <span class='ocr_line' id='line_1_26' title="bbox 208 2883 1339 2982; baseline 0.004 -26"><span class='ocrx_word' id='word_1_208' title='bbox 208 2883 317 2957; x_wconf 85' lang='lat' dir='ltr'><strong>Caroli</strong></span> <span class='ocrx_word' id='word_1_209' title='bbox 332 2885 470 2958; x_wconf 91' lang='lat' dir='ltr'><strong>Bohemi</strong></span> <span class='ocrx_word' id='word_1_210' title='bbox 487 2891 705 2982; x_wconf 68' lang='lat' dir='ltr'><strong>imperatoris,</strong></span> <span class='ocrx_word' id='word_1_211' title='bbox 725 2892 758 2958; x_wconf 93' lang='lat' dir='ltr'><strong>iu</strong></span> <span class='ocrx_word' id='word_1_212' title='bbox 775 2887 999 2959; x_wconf 90' lang='lat' dir='ltr'><strong>Romanorum</strong></span> <span class='ocrx_word' id='word_1_213' title='bbox 1016 2908 1146 2977; x_wconf 47' lang='lat' dir='ltr'><strong>regema</strong></span> <span class='ocrx_word' id='word_1_214' title='bbox 1165 2897 1258 2980; x_wconf 88' lang='lat' dir='ltr'><strong>patre</strong></span> <span class='ocrx_word' id='word_1_215' title='bbox 1277 2909 1339 2960; x_wconf 89' lang='lat' dir='ltr'><strong>suo</strong></span> 
     </span>
     <span class='ocr_line' id='line_1_27' title="bbox 206 2981 1340 3079; baseline 0.001 -25"><span class='ocrx_word' id='word_1_216' title='bbox 206 2981 313 3054; x_wconf 90' lang='lat' dir='ltr'><strong>adhuc</strong></span> <span class='ocrx_word' id='word_1_217' title='bbox 335 2987 473 3057; x_wconf 89' lang='lat' dir='ltr'><strong>vivente</strong></span> <span class='ocrx_word' id='word_1_218' title='bbox 497 2997 531 3056; x_wconf 92' lang='lat' dir='ltr'><strong>et</strong></span> <span class='ocrx_word' id='word_1_219' title='bbox 554 2987 694 3058; x_wconf 86' lang='lat' dir='ltr'><strong>eandem</strong></span> <span class='ocrx_word' id='word_1_220' title='bbox 719 2987 916 3057; x_wconf 89' lang='lat' dir='ltr'><strong>electionem</strong></span> <span class='ocrx_word' id='word_1_221' title='bbox 939 2983 1011 3055; x_wconf 89' lang='lat' dir='ltr'><strong>fieri</strong></span> <span class='ocrx_word' id='word_1_222' title='bbox 1034 2995 1251 3077; x_wconf 74' lang='lat' dir='ltr'><strong>procruaute,</strong></span> <span class='ocrx_word' id='word_1_223' title='bbox 1278 3007 1340 3079; x_wconf 91' lang='lat' dir='ltr'><strong>per</strong></span> 
     </span>
     <span class='ocr_line' id='line_1_28' title="bbox 205 3081 1335 3177; baseline 0 -24"><span class='ocrx_word' id='word_1_224' title='bbox 205 3103 322 3154; x_wconf 89' lang='lat' dir='ltr'><strong>omnes</strong></span> <span class='ocrx_word' id='word_1_225' title='bbox 336 3085 463 3177; x_wconf 91' lang='lat' dir='ltr'><strong>imperii</strong></span> <span class='ocrx_word' id='word_1_226' title='bbox 476 3084 638 3156; x_wconf 88' lang='lat' dir='ltr'><strong>electores</strong></span> <span class='ocrx_word' id='word_1_227' title='bbox 652 3081 868 3170; x_wconf 60' lang='lat' dir='ltr'><strong>concordium</strong></span> <span class='ocrx_word' id='word_1_228' title='bbox 885 3103 951 3153; x_wconf 90' lang='lat' dir='ltr'><strong>non</strong></span> <span class='ocrx_word' id='word_1_229' title='bbox 963 3085 1036 3154; x_wconf 89' lang='lat' dir='ltr'><strong>sine</strong></span> <span class='ocrx_word' id='word_1_230' title='bbox 1046 3102 1167 3172; x_wconf 81' lang='lat' dir='ltr'><strong>magna</strong></span> <span class='ocrx_word' id='word_1_231' title='bbox 1184 3086 1335 3175; x_wconf 86' lang='lat' dir='ltr'><strong>pecunia.</strong></span> 
     </span>
     <span class='ocr_line' id='line_1_29' title="bbox 204 3179 1338 3268; baseline 0.002 -19"><span class='ocrx_word' id='word_1_232' title='bbox 204 3179 277 3268; x_wconf 81' lang='lat' dir='ltr'><strong>Que</strong></span> <span class='ocrx_word' id='word_1_233' title='bbox 293 3179 378 3251; x_wconf 87' lang='lat' dir='ltr'><strong>fucta</strong></span> <span class='ocrx_word' id='word_1_234' title='bbox 397 3191 430 3252; x_wconf 91' lang='lat' dir='ltr'><strong>et</strong></span> <span class='ocrx_word' id='word_1_235' title='bbox 447 3179 611 3253; x_wconf 87' lang='lat' dir='ltr'><strong>celebrata</strong></span> <span class='ocrx_word' id='word_1_236' title='bbox 630 3184 723 3254; x_wconf 91' lang='lat' dir='ltr'><strong>estin</strong></span> <span class='ocrx_word' id='word_1_237' title='bbox 734 3179 910 3252; x_wconf 86' lang='lat' dir='ltr'><strong>Franklort</strong></span> <span class='ocrx_word' id='word_1_238' title='bbox 921 3183 954 3250; x_wconf 92' lang='lat' dir='ltr'><strong>in</strong></span> <span class='ocrx_word' id='word_1_239' title='bbox 972 3179 1114 3252; x_wconf 88' lang='lat' dir='ltr'><strong>eeclesia</strong></span> <span class='ocrx_word' id='word_1_240' title='bbox 1133 3179 1338 3251; x_wconf 76' lang='grc' dir='ltr'>0011011Βο0-</span> 
     </span>
    </p>

    <p class='ocr_par' dir='ltr' id='par_1_5' title="bbox 185 3275 1338 3958">
     <span class='ocr_line' id='line_1_30' title="bbox 185 3275 717 3372; baseline 0.004 -25"><span class='ocrx_word' id='word_1_241' title='bbox 185 3355 187 3358; x_wconf 56' lang='grc'><strong>,</strong></span> <span class='ocrx_word' id='word_1_242' title='bbox 205 3275 361 3348; x_wconf 90' lang='lat' dir='ltr'><strong>tholomei</strong></span> <span class='ocrx_word' id='word_1_243' title='bbox 379 3281 516 3372; x_wconf 89' lang='lat' dir='ltr'><strong>apostoli</strong></span> <span class='ocrx_word' id='word_1_244' title='bbox 536 3278 717 3372; x_wconf 56' lang='grc'>[000241</span> 
     </span>
     <span class='ocr_line' id='line_1_31' title="bbox 253 3373 1338 3468; baseline 0.001 -23"><span class='ocrx_word' id='word_1_245' title='bbox 253 3373 335 3446; x_wconf 89' lang='lat' dir='ltr'><strong>Item</strong></span> <span class='ocrx_word' id='word_1_246' title='bbox 360 3374 479 3447; x_wconf 92' lang='lat' dir='ltr'><strong>eodem</strong></span> <span class='ocrx_word' id='word_1_247' title='bbox 501 3400 601 3467; x_wconf 44' lang='lat' dir='ltr'><strong>annoa</strong></span> <span class='ocrx_word' id='word_1_248' title='bbox 625 3399 713 3448; x_wconf 90' lang='lat' dir='ltr'><strong>nono</strong></span> <span class='ocrx_word' id='word_1_249' title='bbox 731 3377 791 3448; x_wconf 86' lang='lat' dir='ltr'><strong>cul.</strong></span> <span class='ocrx_word' id='word_1_250' title='bbox 810 3379 941 3468; x_wconf 86' lang='lat' dir='ltr'><strong>augusti</strong></span> <span class='ocrx_word' id='word_1_251' title='bbox 962 3374 1110 3468; x_wconf 77' lang='grc'>[10124]</span> <span class='ocrx_word' id='word_1_252' title='bbox 1130 3373 1209 3447; x_wconf 79' lang='lat' dir='ltr'><strong>obiit</strong></span> <span class='ocrx_word' id='word_1_253' title='bbox 1225 3375 1338 3448; x_wconf 85' lang='lat' dir='ltr'><strong>dorni-</strong></span> 
     </span>
     <span class='ocr_line' id='line_1_32' title="bbox 205 3471 1337 3568; baseline 0.004 -26"><span class='ocrx_word' id='word_1_254' title='bbox 205 3471 310 3544; x_wconf 89' lang='lat' dir='ltr'><strong>cellus</strong></span> <span class='ocrx_word' id='word_1_255' title='bbox 320 3472 463 3546; x_wconf 88' lang='lat' dir='ltr'><strong>loannes</strong></span> <span class='ocrx_word' id='word_1_256' title='bbox 481 3475 687 3565; x_wconf 87' lang='lat' dir='ltr'><strong>lantgravius</strong></span> <span class='ocrx_word' id='word_1_257' title='bbox 699 3475 848 3564; x_wconf 68' lang='lat' dir='ltr'><strong>Aleuae,</strong></span> <span class='ocrx_word' id='word_1_258' title='bbox 865 3475 899 3544; x_wconf 91' lang='lat' dir='ltr'><strong>in</strong></span> <span class='ocrx_word' id='word_1_259' title='bbox 910 3496 973 3568; x_wconf 89' lang='lat' dir='ltr'><strong>quo</strong></span> <span class='ocrx_word' id='word_1_260' title='bbox 991 3477 1139 3545; x_wconf 81' lang='lat' dir='ltr'><strong>cessavit</strong></span> <span class='ocrx_word' id='word_1_261' title='bbox 1155 3478 1337 3567; x_wconf 81' lang='lat' dir='ltr'><strong>progenies</strong></span> 
     </span>
     <span class='ocr_line' id='line_1_33' title="bbox 204 3568 1337 3664; baseline 0.003 -24"><span class='ocrx_word' id='word_1_262' title='bbox 204 3568 486 3661; x_wconf 82' lang='lat' dir='ltr'><strong>landtgraviomm</strong></span> <span class='ocrx_word' id='word_1_263' title='bbox 498 3573 636 3645; x_wconf 89' lang='lat' dir='ltr'><strong>Alsatie.</strong></span> <span class='ocrx_word' id='word_1_264' title='bbox 663 3571 754 3642; x_wconf 93' lang='lat' dir='ltr'><strong>Licet</strong></span> <span class='ocrx_word' id='word_1_265' title='bbox 770 3571 857 3642; x_wconf 92' lang='lat' dir='ltr'><strong>idem</strong></span> <span class='ocrx_word' id='word_1_266' title='bbox 874 3570 1016 3643; x_wconf 90' lang='lat' dir='ltr'><strong>loannes</strong></span> <span class='ocrx_word' id='word_1_267' title='bbox 1033 3573 1141 3664; x_wconf 89' lang='lat' dir='ltr'><strong>ipsum</strong></span> <span class='ocrx_word' id='word_1_268' title='bbox 1159 3570 1337 3643; x_wconf 89' lang='lat' dir='ltr'><strong>dominium</strong></span> 
     </span>
     <span class='ocr_line' id='line_1_34' title="bbox 204 3666 1336 3763; baseline 0.003 -27"><span class='ocrx_word' id='word_1_269' title='bbox 204 3667 294 3760; x_wconf 89' lang='lat' dir='ltr'><strong>prius</strong></span> <span class='ocrx_word' id='word_1_270' title='bbox 318 3668 504 3741; x_wconf 90' lang='lat' dir='ltr'><strong>vendiderit</strong></span> <span class='ocrx_word' id='word_1_271' title='bbox 519 3666 632 3740; x_wconf 89' lang='lat' dir='ltr'><strong>loanni</strong></span> <span class='ocrx_word' id='word_1_272' title='bbox 658 3669 700 3740; x_wconf 94' lang='lat' dir='ltr'><strong>de</strong></span> <span class='ocrx_word' id='word_1_273' title='bbox 716 3667 971 3760; x_wconf 64' lang='lat' dir='ltr'><strong>Lieehteuberg„</strong></span> <span class='ocrx_word' id='word_1_274' title='bbox 995 3671 1150 3763; x_wconf 87' lang='lat' dir='ltr'><strong>episeopo</strong></span> <span class='ocrx_word' id='word_1_275' title='bbox 1168 3667 1336 3760; x_wconf 80' lang='lat' dir='ltr'><strong>Argenti-</strong></span> 
     </span>
     <span class='ocr_line' id='line_1_35' title="bbox 203 3763 1336 3860; baseline 0.003 -26"><span class='ocrx_word' id='word_1_276' title='bbox 203 3768 312 3852; x_wconf 68' lang='lat' dir='ltr'><strong>neosi</strong></span> <span class='ocrx_word' id='word_1_277' title='bbox 337 3763 397 3838; x_wconf 91' lang='lat' dir='ltr'><strong>suh</strong></span> <span class='ocrx_word' id='word_1_278' title='bbox 422 3789 509 3838; x_wconf 88' lang='lat' dir='ltr'><strong>auno</strong></span> <span class='ocrx_word' id='word_1_279' title='bbox 533 3766 618 3837; x_wconf 87' lang='lat' dir='ltr'><strong>door.</strong></span> <span class='ocrx_word' id='word_1_280' title='bbox 637 3767 838 3838; x_wconf 80' lang='lat' dir='ltr'><strong>mccclvii.</strong></span> <span class='ocrx_word' id='word_1_281' title='bbox 865 3766 932 3860; x_wconf 92' lang='lat' dir='ltr'><strong>Ipsi</strong></span> <span class='ocrx_word' id='word_1_282' title='bbox 957 3770 1054 3838; x_wconf 88' lang='lat' dir='ltr'><strong>etiam</strong></span> <span class='ocrx_word' id='word_1_283' title='bbox 1078 3765 1198 3838; x_wconf 90' lang='lat' dir='ltr'><strong>domiui</strong></span> <span class='ocrx_word' id='word_1_284' title='bbox 1222 3764 1336 3837; x_wconf 87' lang='lat' dir='ltr'><strong>landt-</strong></span> 
     </span>
     <span class='ocr_line' id='line_1_36' title="bbox 204 3862 1049 3958; baseline 0 -24"><span class='ocrx_word' id='word_1_285' title='bbox 204 3865 314 3953; x_wconf 77' lang='lat' dir='ltr'><strong>gravi</strong></span> <span class='ocrx_word' id='word_1_286' title='bbox 331 3863 493 3958; x_wconf 87' lang='lat' dir='ltr'><strong>quondam</strong></span> <span class='ocrx_word' id='word_1_287' title='bbox 512 3863 586 3936; x_wconf 93' lang='lat' dir='ltr'><strong>dicti</strong></span> <span class='ocrx_word' id='word_1_288' title='bbox 604 3875 679 3937; x_wconf 90' lang='lat' dir='ltr'><strong>sunt</strong></span> <span class='ocrx_word' id='word_1_289' title='bbox 696 3867 832 3938; x_wconf 82' lang='lat' dir='ltr'><strong>condtes</strong></span> <span class='ocrx_word' id='word_1_290' title='bbox 851 3864 893 3935; x_wconf 91' lang='lat' dir='ltr'><strong>de</strong></span> <span class='ocrx_word' id='word_1_291' title='bbox 909 3862 1049 3935; x_wconf 88' lang='lat' dir='ltr'><strong>Werde.</strong></span> 
     </span>
    </p>

    <p class='ocr_par' dir='ltr' id='par_1_6' title="bbox 119 3960 1333 4036">
     <span class='ocr_line' id='line_1_37' title="bbox 119 3960 1333 4036; baseline 0.012 -15"><span class='ocrx_word' id='word_1_292' title='bbox 119 3965 190 4023; x_wconf 83' lang='grc'>1377</span> <span class='ocrx_word' id='word_1_293' title='bbox 253 3960 353 4032; x_wconf 87' lang='lat' dir='ltr'><strong>Anno</strong></span> <span class='ocrx_word' id='word_1_294' title='bbox 377 3961 495 4034; x_wconf 88' lang='lat' dir='ltr'><strong>demini</strong></span> <span class='ocrx_word' id='word_1_295' title='bbox 514 3963 754 4034; x_wconf 76' lang='lat' dir='ltr'><strong>mccclruuvii.</strong></span> <span class='ocrx_word' id='word_1_296' title='bbox 772 3962 857 4034; x_wconf 89' lang='lat' dir='ltr'><strong>lacta</strong></span> <span class='ocrx_word' id='word_1_297' title='bbox 882 3973 933 4035; x_wconf 91' lang='lat' dir='ltr'><strong>est</strong></span> <span class='ocrx_word' id='word_1_298' title='bbox 956 3960 1058 4035; x_wconf 89' lang='lat' dir='ltr'><strong>cedes</strong></span> <span class='ocrx_word' id='word_1_299' title='bbox 1076 3985 1138 4035; x_wconf 89' lang='lat' dir='ltr'><strong>seu</strong></span> <span class='ocrx_word' id='word_1_300' title='bbox 1164 3964 1333 4036; x_wconf 84' lang='lat' dir='ltr'><strong>condictus</strong></span> 
     </span>
    </p>

    <p class='ocr_par' dir='ltr' id='par_1_7' title="bbox 202 4057 1335 4155">
     <span class='ocr_line' id='line_1_38' title="bbox 202 4057 1335 4155; baseline 0.007 -29"><span class='ocrx_word' id='word_1_301' title='bbox 202 4059 459 4132; x_wconf 75' lang='lat' dir='ltr'><strong>intercluseras</strong></span> <span class='ocrx_word' id='word_1_302' title='bbox 483 4061 670 4154; x_wconf 85' lang='lat' dir='ltr'><strong>imperiales</strong></span> <span class='ocrx_word' id='word_1_303' title='bbox 688 4059 814 4132; x_wconf 85' lang='lat' dir='ltr'><strong>Suevie</strong></span> <span class='ocrx_word' id='word_1_304' title='bbox 838 4082 898 4155; x_wconf 90' lang='lat' dir='ltr'><strong>per</strong></span> <span class='ocrx_word' id='word_1_305' title='bbox 925 4058 1090 4135; x_wconf 88' lang='lat' dir='ltr'><strong>dominum</strong></span> <span class='ocrx_word' id='word_1_306' title='bbox 1107 4057 1335 4136; x_wconf 87' lang='lat' dir='ltr'><strong>Eberharduru</strong></span> 
     </span>
    </p>
   </div>
   <div class='ocr_carea' id='block_1_5' title="bbox 257 4177 976 4255">
    <p class='ocr_par' dir='ltr' id='par_1_8' title="bbox 257 4177 976 4255">
     <span class='ocr_line' id='line_1_39' title="bbox 257 4177 976 4255; baseline 0.006 -17"><span class='ocrx_word' id='word_1_307' title='bbox 257 4177 287 4248; x_wconf 87' lang='lat'><strong>1)</strong></span> <span class='ocrx_word' id='word_1_308' title='bbox 307 4178 403 4237; x_wconf 85' lang='lat' dir='ltr'><strong>llleurit</strong></span> <span class='ocrx_word' id='word_1_309' title='bbox 420 4179 546 4238; x_wconf 86' lang='lat' dir='ltr'><strong>schliesst</strong></span> <span class='ocrx_word' id='word_1_310' title='bbox 562 4181 605 4252; x_wconf 70' lang='grc'><strong>1.,</strong></span> <span class='ocrx_word' id='word_1_311' title='bbox 623 4181 671 4238; x_wconf 82' lang='lat' dir='ltr'><strong>des</strong></span> <span class='ocrx_word' id='word_1_312' title='bbox 692 4180 819 4255; x_wconf 76' lang='lat' dir='ltr'><strong>iolgeude</strong></span> <span class='ocrx_word' id='word_1_313' title='bbox 839 4197 887 4238; x_wconf 81' lang='lat' dir='ltr'><strong>uus</strong></span> <span class='ocrx_word' id='word_1_314' title='bbox 908 4180 976 4241; x_wconf 87' lang='lat' dir='ltr'><strong>Ursl.</strong></span> 
     </span>
    </p>
   </div>
   <div class='ocr_carea' id='block_1_6' title="bbox 0 0 1454 4820">
    <p class='ocr_par' dir='ltr' id='par_1_9' title="bbox 0 0 1454 4820">
     <span class='ocr_line' id='line_1_40' title="bbox 0 0 1454 4820; baseline 0 1"><span class='ocrx_word' id='word_1_315' title='bbox 0 0 1454 4820; x_wconf 95' lang='lat' dir='ltr'><strong> </strong></span> 
     </span>
    </p>
   </div>
  </div>
 </body>
</html>
