3010 4822
462 251 636 312 municas
656 247 908 312 emmarmsta.
1175 251 1243 332 531

162 423 246 500 bem
264 424 382 500 aedem
400 447 487 501 auno
510 426 553 512 de
575 449 693 502 mense
717 424 893 522 septembri
910 423 997 500 idom
1014 447 1077 503 rex
1094 447 1154 522 per
1173 436 1247 502 taa-
1263 441 1334 500 teta

114 523 270 598 ditionem
296 525 432 596 obtinuit
457 536 600 600 casuum
626 525 796 600 Haicstein
823 527 856 596 in
883 535 971 596 terra
997 523 1185 616 butema,
1214 528 1248 598 ia

114 623 211 696 mods
228 621 392 696 inferioris
408 622 563 694 &narie
579 627 669 696 iuxta
681 621 860 696 Gembium.
886 623 950 694 Pro
967 643 1031 716 quo
1047 621 1249 718 decapitatus

115 718 309 813 estquidam
325 720 419 794 miles
431 718 625 794 Gbnmados
641 721 684 792 de
701 719 912 794 Kamarawe.
937 717 980 791 Et
996 718 1116 792 eodem
1132 739 1250 794 manse

115 813 234 888 nobilis
251 816 401 891 daminus
418 817 462 889 da
478 817 700 910 Slutuelberg,
721 839 818 912 quem
839 820 983 912 episcopi
1000 815 1249 912 Herbipoleesis

115 924 150 984 et
165 911 458 1007 babenbergensis
476 939 516 988 ao
532 913 758 1008 burggravius
775 913 818 986 de
835 913 1035 1006 Nurenberg
1049 913 1251 988 obsederunt

115 1014 148 1082 in
172 1021 281 1084 caseo
300 1010 480 1106 Neyoegtn
503 1011 652 1086 machine
678 1023 731 1087 est
747 1031 939 1107 oppressus.
970 1011 1024 1086 De
1047 1033 1111 1107 quo
1133 1031 1250 1088 omnes

114 1119 206 1180 terra
232 1105 359 1182 nobiles
386 1109 578 1198 doluerunt,
606 1121 639 1182 at
665 1109 706 1181 ab
735 1107 854 1180 eodem
881 1119 977 1181 antea
1005 1108 1103 1185 iidem
1129 1107 1251 1184 domini

115 1206 217 1276 multa
235 1216 343 1278 castra
361 1211 544 1280 evicerunt.

166 1303 267 1374 Anno
284 1302 405 1376 domini
421 1305 567 1400 predicto
591 1309 701 1400 quate
724 1302 798 1378 idus
821 1302 963 1378 octobris
985 1306 1062 1396 [oct
1082 1304 1146 1396 11]
1166 1327 1249 1400 pre-

115 1399 222 1472 dietos
241 1398 439 1474 Ludcwicus
464 1402 507 1474 de
529 1405 661 1476 civitate
685 1425 747 1476 sua
766 1400 908 1476 dionaeo
924 1402 1149 1495 Frisingensis
1172 1401 1250 1476 dio-

114 1500 205 1571 cesis
223 1501 341 1572 exiens
358 1498 401 1570 ad
417 1502 629 1574 venationem
645 1500 803 1590 laruam,
826 1501 860 1572 in
883 1522 947 1594 qua
964 1499 1165 1594 temporibus
1183 1504 1251 1574 viic

116 1618 179 1668 sue
198 1592 420 1668 delectabatur
443 1597 526 1670 ultra
544 1597 688 1689 modam,
712 1595 755 1668 da
777 1617 875 1668 nraue
898 1595 1010 1674 bilant
1028 1608 1062 1670 et
1077 1595 1250 1685 mundus,

115 1695 191 1788 quia
209 1715 295 1766 uxor
310 1715 372 1766 sua
385 1698 565 1790 prescripta
583 1694 644 1768 sibi
659 1695 788 1789 peperit
803 1693 973 1786 infantam,
990 1697 1045 1790 qui
1062 1694 1168 1768 adbuc
1184 1716 1251 1770 non

114 1801 189 1862 erat
215 1788 416 1885 baptizatos,
440 1815 515 1864 cum
537 1795 705 1866 insisteret
730 1793 898 1864 venationi
921 1802 956 1864 et
980 1791 1140 1866 insideret
1164 1813 1251 1888 equo

115 1909 192 1978 sum
209 1887 315 1961 subito
332 1889 505 1984 apoplexia
520 1909 700 1985 percussus
716 1891 803 1963 circa
819 1889 989 1964 meridiem
1006 1889 1157 1964 eiusdem
1173 1889 1251 1982 dei,

115 1983 233 2057 cecidit
249 1986 291 2057 ad
314 1997 435 2058 terram
455 1991 488 2060 in
505 1987 613 2061 madio
630 1986 752 2060 familie
770 2007 832 2058 sue
849 1985 892 2058 de
909 2009 1007 2084 epum
1030 1987 1073 2060 ad
1089 1987 1155 2062 duo
1172 1989 1251 2060 mil·

114 2083 208 2156 liatia
225 2081 268 2154 de
285 2081 440 2176 Monam,
463 2096 499 2157 et
517 2083 688 2158 subitanea
705 2087 811 2156 morte
828 2083 973 2160 decessit
989 2087 1062 2158 siae
1079 2088 1167 2160 omni
1184 2107 1251 2180 pe-

114 2183 249 2254 m'tantia
268 2191 303 2252 et
318 2184 416 2274 signo
433 2185 643 2258 conbitioms.

165 2277 210 2348 Et
227 2281 277 2350 sic
292 2277 476 2352 notabiliter
493 2279 602 2352 divino
620 2281 719 2376 plaga
735 2281 855 2354 interiit
871 2299 938 2354 noc
954 2281 1027 2354 sine
1044 2301 1158 2371 causo„
1176 2283 1251 2376 qun

115 2375 239 2469 aliquot
254 2377 348 2450 annis
365 2387 444 2449 xente
460 2375 582 2450 obitum
598 2400 695 2452 suum
712 2379 827 2452 officiis
845 2388 879 2450 et
894 2377 1020 2451 iudiciis
1038 2381 1107 2452 suis
1125 2399 1252 2473 prepo-

116 2476 181 2546 suit
201 2483 361 2566 tyronnos
381 2485 415 2546 et
438 2477 662 2548 excoriatores
686 2496 886 2571 pauperum,
908 2477 1074 2548 ndnimam
1099 2479 1252 2548 iustitiam

115 2570 287 2644 iacientes.
312 2568 350 2641 ln
367 2570 629 2666 expeditionibus
647 2578 717 2646 suia
735 2575 882 2667 permisit
899 2582 1021 2644 mnam
1036 2581 1072 2645 et
1087 2595 1252 2668 pauperes

116 2669 299 2755 excoriari3
322 2670 355 2738 in
371 2667 597 2764 hospitalibus,
616 2671 781 2761 ecelesiis,
801 2673 1023 2760 monasteriim
1047 2667 1251 2744 secularibus

115 2775 150 2836 et
164 2765 332 2856 religiosis
350 2767 484 2860 prelatis
502 2768 575 2860 ipse
592 2779 627 2840 ct
643 2767 699 2840 lilii
717 2771 767 2842 sui
784 2769 976 2860 gravissimi
994 2767 1135 2841 luerunt
1167 2765 1252 2840 Gle-

115 2885 188 2934 rum
217 2863 404 2934 secularem
430 2861 506 2934 odio
528 2863 638 2936 cordis
662 2863 791 2954 babuit,
814 2867 914 2936 immo
940 2886 1105 2959 expresse
1128 2863 1251 2960 pliniee

116 2959 213 3032 dixit:
235 2961 324 3048 quod
338 2963 368 3030 ei
384 2963 622 3032 thesaurizaret
639 2963 826 3034 trecorum
842 2965 883 3032 de
900 2965 976 3053 leto,
996 2966 1137 3053 callepio
1153 2980 1252 3036 seca-

116 3061 208 3130 aaa
221 3057 468 3142 coafunderet.
493 3057 537 3129 Et
552 3062 601 3132 sic
616 3081 683 3132 non
699 3057 866 3133 absolutus
884 3082 902 3130 a
920 3062 1089 3132 sententiis
1108 3081 1252 3132 excom-

117 3157 343 3228 municationis
363 3155 519 3245 ecclesie,
544 3178 626 3250 quas
641 3154 806 3230 lohannes
824 3177 908 3249 papa
926 3167 1038 3228 ccntm
1055 3159 1163 3250 psum
1179 3156 1251 3231 lol-

116 3254 266 3341 minavit,
283 3255 466 3327 miserrime
484 3257 660 3347 expiravit,
677 3265 712 3326 et
728 3257 761 3324 in
800 3251 933 3324 arochia
951 3252 1047 3325 beate
1060 3256 1200 3346 virginis
1218 3257 1251 3324 in

116 3349 260 3420 Menace
280 3359 332 3422 est
351 3349 510 3444 sepultus.
547 3351 627 3424 Post
649 3355 742 3424 mins
765 3275 887 3421 obitum
905 3349 1061 3423 Clemens
1086 3373 1169 3446 papa
1193 3353 1251 3422 in-

116 3446 309 3540 irasmiptus
326 3445 564 3522 absolutionem
584 3451 820 3520 sententiarum
836 3447 975 3518 latarum
998 3451 1031 3521 in
1055 3447 1200 3522 taumres
1218 3458 1252 3520 et

115 3543 317 3616 adherentes
333 3544 480 3638 predicto
496 3543 677 3618 Ludewioo
694 3548 727 3616 in
744 3544 919 3617 Alemania
936 3548 1097 3618 commisit
1113 3548 1145 3616 in
1163 3544 1249 3618 soli-

116 3641 195 3712 dum
215 3639 355 3713 dominis
379 3641 624 3736 archiepiscopo
641 3642 803 3734 Pragansi
825 3652 859 3713 et
881 3645 1037 3737 episeopo
1052 3640 1250 3714 Babenber-

116 3741 225 3830 gcnsi.
251 3735 349 3808 Unde
365 3749 455 3828 nota,
473 3738 559 3833 quod
575 3738 799 3813 absolvendos
816 3737 856 3810 ab
872 3737 923 3812 bis
941 3739 1080 3811 clericos
1098 3748 1132 3810 at
1146 3739 1250 3812 laiooe

115 3838 202 3907 inter
218 3835 282 3906 elia
301 3839 441 3929 oportuit
457 3839 565 3908 iurare
582 3835 807 3930 sollempniter
824 3857 870 3908 ex
886 3837 991 3907 forma
1008 3837 1248 3908 commissionis

115 3931 191 4006 deta
209 3955 229 4002 o
247 3930 330 4006 sede
348 3933 543 4028 apostolice:
566 3939 767 4022 recredere,
793 3937 882 4022 quod
896 3953 962 4004 eoa
978 3941 1104 4022 spectat
1117 3934 1165 4002 cd
1183 3935 1250 4004 im-

113 4039 304 4120 peratorem
325 4051 450 4120 popam
475 4035 638 4122 mpccere
663 4041 697 4102 et
724 4035 827 4102 adam
853 4049 983 4120 oreore,
1012 4033 1072 4102 aed
1095 4031 1158 4100 boo
1182 4047 1252 4102 erte

116 4129 303 4198 mecam.
335 4126 431 4199 Circa
447 4127 510 4200 boo
526 4125 604 4202 vide
620 4151 780 4201 canonem
797 4129 886 4200 xliii.
903 4127 935 4198 d.
948 4151 983 4198 c.
1001 4127 1167 4200 Adriantm
1187 4148 1251 4202 se-

115 4225 256 4303 mdae.
291 4224 332 4298 Et
346 4223 410 4298 bec
434 4226 538 4298 lorme
558 4229 728 4298 iuramenti
747 4236 800 4300 est
823 4225 948 4298 adiecta
972 4235 1105 4319 propter
1131 4222 1251 4301 famum

981 4361 1039 4424 Μὴ
