2904 4822
375 223 872 306 rmnmcusoeoussnuoum,
1128 237 1176 308 55

65 401 106 470 lla
119 401 250 470 mma
268 401 386 470 aaron
398 419 461 490 per
480 400 683 474 &mnodum
707 411 744 474 et
756 405 918 491 puonmdo
933 405 1022 478 aurit
1038 404 1179 478 Triden-

146 505 209 570 tum
225 507 260 568 et
273 502 322 568 ud
332 508 447 589 portes
463 501 565 572 ludia

98 670 132 741 lu
147 668 418 741 nominedomini.
436 668 537 742 Gesta
550 674 626 744 anni
641 673 744 745 xl.vii.
762 673 863 744 Anno
873 671 1031 768 predicte,
1048 673 1174 746 videli-
1189 685 1260 746 latu

59 779 100 840 cet
124 789 210 840 anno
238 765 359 838 domini
387 769 622 859 m.eee.nl.vii.q
650 793 767 842 mense
793 773 930 842 ianuarii
945 794 1009 843 rex
1025 770 1173 864 Ungarie

58 869 136 937 venit
151 865 302 936 Wienne
320 864 361 936 ad
379 864 543 938 dominum
560 865 734 939 Albertum
753 867 869 940 ducem
887 870 1036 959 Auslrie7
1053 869 1173 944 volens

58 968 150 1058 ipsum
166 963 326 1034 inclinare
343 973 379 1034 ut
393 967 466 1055 regi
483 963 605 1036 Karolo
616 967 771 1038 auxilium
783 989 878 1039 suum
896 977 929 1038 et
946 967 1174 1040 lavoremim·

57 1061 205 1156 penderet
222 1071 336 1132 contra
354 1060 567 1134 Ludewicum
583 1063 776 1158 predictum,
795 1067 847 1160 qui
866 1087 904 1138 se
916 1063 1090 1161 adbuepro
1107 1069 1175 1137 im-

57 1171 196 1254 peratore
214 1156 365 1250 gerebat.
383 1161 454 1248 Quo
470 1159 649 1232 recedente
666 1160 864 1234 Ludewicus
888 1163 1052 1256 predictus
1071 1163 1176 1235 eciam

56 1255 225 1329 Wiennam
249 1257 430 1348 descendit,
454 1269 571 1352 petens
595 1281 638 1330 ne
662 1259 721 1332 sibi
745 1263 1006 1333 contrariaretur.
1030 1261 1094 1334 Pro
1111 1280 1176 1354 quo

57 1355 272 1428 solvitomnes
285 1377 465 1449 expensas,
484 1354 820 1450 quasWienneiecit,
832 1357 1085 1432 videlicetmille
1097 1358 1177 1431 deco

56 1451 141 1524 lbras
158 1452 342 1523 Wiennen.
361 1453 439 1525 Post
456 1457 548 1526 cuius
564 1477 735 1526 recessum
746 1479 810 1528 rex
826 1455 966 1528 Karalus
990 1479 1064 1527 cum
1089 1478 1175 1528 eon-

56 1549 140 1622 ductu
165 1549 260 1622 ducis
277 1550 412 1646 predicti
436 1555 494 1623 ivit
510 1575 571 1645 per
588 1551 801 1643 llarintbiam,
829 1563 862 1625 et
878 1557 971 1626 venit
986 1553 1176 1626 Tridentum

55 1671 118 1719 cum
133 1653 249 1743 paucis
266 1659 377 1719 mmen
394 1651 557 1722 transiens
574 1660 609 1721 ut
626 1661 796 1724 mercator.
820 1649 863 1722 Et
888 1672 1005 1726 mense
1021 1649 1177 1724 februarii

55 1751 135 1819 venit
151 1745 193 1818 ad
211 1756 325 1841 partes
342 1745 434 1818 ltalie
445 1745 646 1839 ludentum,
665 1747 834 1822 conlidens
846 1748 888 1819 de
900 1750 1020 1823 auxilio
1031 1751 1175 1846 episcopi
1203 1747 1208 1756 '

54 1843 236 1936 Tridentini,
255 1847 310 1938 qui
327 1842 369 1914 ad
386 1847 457 1915 eius
475 1847 674 1939 petitionem,
693 1869 767 1917 cnm
785 1857 877 1919 esset
894 1870 974 1920 suus
991 1845 1175 1939 prothono-

54 1947 156 2032 tarius7
180 1965 243 2038 per
259 1941 472 2013 Benedictum
494 1946 550 2016 xii.
574 1941 693 2016 ibidem
717 1955 860 2035 creatum
883 1947 1019 2041 insuper
1035 1965 1174 2040 sperans

54 2039 238 2112 adiutorium
255 2038 410 2132 buggini„
428 2044 480 2135 qui
498 2051 575 2112 bunc
587 2051 746 2136 tyrannus
767 2041 1063 2116 Mediolanensium
1084 2044 1175 2114 exti-

55 2143 93 2227 tit
108 2137 236 2210 babens
262 2135 321 2210 sub
347 2161 407 2210 sua
430 2137 557 2210 dicione
581 2139 697 2212 decem
720 2143 869 2214 civitates
887 2139 1080 2214 lombardie
1097 2141 1175 2236 quui-

54 2235 105 2306 bus
127 2240 201 2332 ipse
219 2233 463 2326 dominabatur7
486 2236 562 2308 licet
577 2238 712 2308 fratrem
730 2259 824 2309 suum
843 2239 1009 2310 carnalem
1026 2236 1175 2310 Marcum

54 2335 315 2426 strangulaverit„
327 2338 379 2427 qui
390 2334 483 2406 miles
494 2335 552 2406 fuit
562 2337 796 2429 imperterritus
804 2346 837 2407 et
844 2339 959 2428 viginti
966 2331 1059 2408 bellis
1066 2337 1175 2406 inter-

54 2431 160 2520 iuerat,
184 2435 219 2502 in
243 2429 358 2525 quibus
383 2429 443 2504 sibi
467 2435 601 2504 victoria
625 2455 684 2526 pre
712 2437 831 2506 ceteris
849 2431 1080 2504 ascribebatur.
1098 2431 1175 2506 Rex

54 2539 153 2602 autem
176 2528 321 2600 Karalus
345 2527 387 2600 de
409 2528 562 2622 buggino
584 2529 745 2602 fratricida
768 2529 913 2624 predicto
931 2529 1115 2617 confidens„
1131 2549 1177 2608 on

53 2647 87 2696 ee
103 2627 189 2721 quod
207 2631 385 2720 imperator
400 2625 573 2700 Hainricus
597 2649 682 2700 avus
701 2651 781 2700 suus
799 2639 927 2722 patrem
942 2628 1084 2721 buggini
1101 2624 1175 2698 Ga-

53 2723 129 2795 leatii
147 2737 181 2797 et
199 2723 317 2795 blarei¹
337 2721 493 2818 Stephani
511 2736 544 2795 et
559 2722 726 2814 lobannis
749 2737 827 2798 tune
843 2725 1080 2821 archiepiscopi
1094 2723 1175 2798 Me-

53 2819 259 2910 diolanensisq
278 2823 428 2915 quamvis
446 2822 686 2896 anticardinalls
703 2823 800 2896 luerit
817 2828 966 2920 antipape
981 2825 1096 2916 Petro,
1113 2845 1176 2896 re·

52 2917 134 2991 duxit
149 2919 330 2990 Mediolani
346 2922 478 2990 nomine
494 2918 640 2991 Maleum
658 2931 784 3014 patrem
794 2921 1013 3017 predictorum
1029 2923 1178 2996 fratrum.

52 3017 104 3104 Qui
135 3039 294 3109 magnam
324 3021 597 3088 concertationem
628 3029 777 3112 tempore
806 3041 890 3114 pape
913 3018 1066 3091 lobannis
1093 3021 1174 3091 xxii.

53 3111 228 3186 babuerunt
246 3136 321 3185 cum
338 3113 479 3186 ecclesia
498 3137 599 3210 super
615 3114 1174 3188 dominiocivitatisllledlolanensis

52 3234 117 3283 cum
140 3237 203 3308 qua
230 3209 361 3282 tandem
384 3213 582 3284 reconciliati
604 3223 753 3306 tempore
769 3212 938 3285 Benedicti
959 3235 1045 3308 pape
1062 3215 1118 3284 xii.
1142 3221 1177 3284 et

53 3307 118 3380 iacti
135 3321 212 3382 sunt
229 3307 384 3380 tributarii
397 3310 538 3382 ecclesie
548 3311 697 3382 Romane
709 3314 824 3382 branm
834 3309 1041 3402 lombardie,
1051 3314 1174 3382 dmen-

54 3415 96 3477 tes
112 3429 292 3502 processus
311 3407 453 3478 ecclesie
471 3404 585 3502 quibus
604 3419 699 3479 antea
719 3419 811 3480 erant
822 3409 1037 3504 multipliciter
1053 3410 1173 3481 irretiti.

53 3503 131 3598 Papa
148 3528 234 3578 vero
252 3504 409 3577 Clemens
427 3509 471 3576 vi.
490 3505 633 3601 predicta
651 3505 767 3577 tributa
784 3507 905 3580 Karolo
916 3510 990 3600 regi
1000 3507 1174 3582 Romano·

53 3624 117 3672 rum
133 3603 268 3675 donavit
290 3605 324 3672 in
349 3599 528 3675 subsidium
551 3613 662 3676 uonna
680 3602 906 3696 Ludewicum7
924 3615 958 3677 et
973 3602 1049 3677 ideo
1065 3606 1173 3698 magis

54 3701 237 3773 accelerans
255 3697 297 3769 ad
316 3709 427 3794 partes
444 3699 536 3774 ltalie
554 3701 673 3774 volens
684 3703 754 3774 iura
765 3706 891 3798 imperii
902 3705 1099 3799 quasitaeitc
1111 3723 1173 3772 re-

52 3816 180 3870 novare.

85 3963 110 4026 lp
129 3964 210 4020 llartii
229 3967 270 4022 bs.
309 3966 342 4034 2)
361 3965 408 4020 das
428 3981 484 4020 war
502 3983 532 4020 er
550 3972 604 4022 erst
624 3971 700 4020 unter
718 3965 832 4035 Ludwig
850 3966 909 4020 dem
929 3964 1030 4024 Baiana.
