3010 4822
439 251 886 334 nmmmusaumcnmnsts.
1158 245 1231 333 525

96 528 171 598 dem
190 526 388 599 Berchtoldc
406 527 522 599 decem
544 529 641 601 millia
659 529 857 601 llorenorum
876 539 910 599 et
928 531 1151 622 provisionem
1169 553 1236 601 an-

95 647 205 696 nuam.
243 624 319 719 lpse
337 636 448 697 autem
465 624 623 700 Albertus
647 626 690 696 de
708 624 908 698 llochenlels
930 630 1089 699 remansit
1106 625 1236 718 guber-

94 428 135 502 st
153 421 383 518 nichilominus
406 451 465 524 pro
482 433 645 526 perceptis
664 427 821 504 homibus
845 430 886 502 ab
911 430 1052 502 enclesis
1076 429 1165 502 dedit
1182 435 1236 503 ei·
1253 441 1322 500 itit

1495 555 1497 602 t

1496 689 1497 732 l

97 734 194 794 nator
211 725 243 793 in
261 721 481 817 spiritualibus
508 735 542 796 et
563 717 807 819 temporalibus7
832 747 896 795 nec
918 745 983 798 non
1003 728 1106 795 tenuit
1129 735 1235 796 castra

96 831 130 890 et
145 823 343 894 munitiones
361 842 422 915 pro
441 821 549 918 aliquo
566 833 713 916 tempore
731 826 800 892 vite
818 843 889 893 sue.
912 819 1236 912 Hancgubematioss·

96 937 176 988 nom
202 917 321 992 dimisit
348 939 435 989 anno
464 919 663 1008 mcccliii.ff
690 921 872 992 reservatis
901 917 961 990 sibi
989 917 1094 991 tribus·
1119 923 1236 992 castris

98 1011 288 1086 melioribus
312 1035 386 1087 cum
413 1014 569 1090 reditibus
594 1020 662 1090 suis
686 1021 718 1087 in
743 1019 925 1110 precarium
951 1037 1009 1109 pro
1033 1017 1236 1112 temporibus

96 1115 165 1184 vite
183 1133 255 1184 sue.
289 1112 351 1184 Hic
367 1113 568 1208 temporibus
587 1118 656 1186 suis
673 1113 850 1210 predictam
869 1113 1044 1186 ecclesiam
1060 1114 1235 1187 Eisteten-

95 1231 169 1280 sem
197 1231 226 1280 a·
241 1211 348 1282 multis
373 1208 529 1284 oneribus
552 1209 733 1283 debitorum
758 1209 917 1298 absolvitq
945 1221 978 1282 et
1000 1233 1088 1284 anno
1113 1211 1233 1284 domini

96 1306 268 1379 mccclu.
280 1311 429 1402 proxima
447 1308 500 1379 die
519 1321 595 1381 ante
608 1321 760 1381 octavam
774 1307 948 1403 epiphanie
969 1311 1047 1400 [ian.
1061 1310 1123 1400 12]
1143 1308 1232 1400 obtin

95 1404 246 1500 sepultus
264 1407 297 1476 in
314 1404 431 1476 eadem
450 1405 601 1479 ecclesia.
634 1409 712 1479 Post
737 1405 859 1478 obitum
876 1429 960 1478 vero
977 1406 1104 1478 Alberti
1123 1409 1234 1480 domi·-

95 1523 160 1574 nus
184 1501 400 1575 berchtoldus
425 1507 600 1599 episcopus
623 1509 709 1598 regit
731 1503 909 1598 predictam
935 1505 1125 1595 ecclesiam
1150 1509 1235 1578 sicut

97 1611 133 1670 et
150 1609 227 1670 ante
244 1599 304 1672 snb
322 1623 405 1695 papa
424 1613 570 1690 rexerat,
589 1603 674 1696 quod
689 1599 847 1673 Albertus
862 1601 1135 1673 ¹administrationi
1151 1625 1234 1674 ces-

96 1707 201 1786 serat„
225 1719 290 1768 uno
311 1720 398 1786 anno
418 1721 491 1770 cum
515 1698 646 1770 dimidio
663 1703 848 1786 mansuetis,
873 1709 906 1768 et
929 1709 1072 1771 castrum
1097 1721 1232 1790 novum„

96 1794 184 1889 prod
204 1805 280 1866 oum
298 1799 466 1890 inceperat
485 1799 518 1866 in
536 1808 646 1869 monte
670 1799 773 1869 sancti
790 1795 969 1867 Willibaldi
988 1795 1115 1868 edificat
1132 1819 1235 1893 prope

97 1895 265 1964 dvimtem
287 1893 520 1966 Eistetensem.
558 1893 685 1966 Eodem
714 1915 800 1964 anno
828 1903 861 1964 et
887 1905 1003 1988 mrarto
1028 1917 1103 1966 non.
1130 1899 1233 1968 martii

95 1988 176 2060 abiit
192 1989 367 2063 Heinricus
384 1991 427 2062 de
444 1991 700 2083 Telmessingen
724 1990 870 2062 decenus
889 1990 1044 2085 parochie
1060 1993 1234 2065 Eisteten-

96 2091 159 2175 sis,
176 2085 352 2184 presbyter
369 2088 491 2162 devote
510 2091 772 2162 conversationis
784 2097 818 2158 et
828 2092 908 2180 vitea
926 2111 967 2159 ac
983 2093 1064 2160 mire
1083 2101 1116 2161 et
1133 2102 1234 2163 seru-'-

97 2185 219 2279 pulcre
234 2189 445 2260 conscientie,
1202 2255 1206 2262 .

147 2281 251 2374 lgitur
269 2283 439 2356 redeundo
462 2285 504 2356 ad
523 2286 710 2376 historiam7
734 2307 833 2379 aqua
852 2283 1038 2376 digressum
1058 2295 1109 2356 est
1132 2306 1232 2454 snpra

94 2403 159 2476 per
176 2386 519 2454 commemorationem
544 2388 772 2480 episcopcrum
790 2383 1036 2472 Eistetensium,
1061 2401 1147 2454 anno
1186 2405 1235 2454 c-

94 2481 174 2550 mini
192 2480 406 2551 mmccxliiii.
420 2480 463 2551 de
480 2503 597 2554 mense
615 2478 792 2577 septembri
805 2479 1002 2552 ludewicus
1019 2482 1231 2575 suprascrip-

93 2588 149 2650 tus
168 2577 351 2670 sollempne
369 2578 563 2672 colloquium
585 2578 695 2651 habuit
718 2599 792 2650 cum
817 2576 1013 2672 principibus
1034 2577 1232 2650 electoribus

93 2678 192 2766 regni
213 2677 302 2762 inmte
320 2672 471 2746 Rhenum
498 2680 530 2747 in
554 2676 673 2772 oppido
689 2673 887 2748 Bacheraco.
924 2673 960 2745 ln
985 2697 1049 2769 quo
1066 2673 1231 2746 lohannes

92 2794 158 2842 rex
184 2770 342 2842 musmo
369 2783 568 2868 conquestus
597 2785 649 2846 est
676 2776 826 2866 graviter
852 2771 1006 2867 predictis
1032 2769 1235 2866 principibus

92 2879 208 2941 contra
236 2867 416 2963 predictum
443 2869 657 2944 Ludcwicum
690 2883 724 2943 et
750 2869 963 2942 ludewicum
999 2869 1099 2941 blitum
1133 2891 1231 2941 suum

93 2965 318 3038 marchionem
345 2965 723 3061 andenburgensem
758 2989 859 3061 supra
892 2989 934 3038 ec
983 2966 1047 3038 uod
1076 2967 1141 3038 lilio
1169 2989 1232 3040 suo

92 3085 235 3136 uxorem
254 3085 349 3136 suam
366 3075 399 3135 et
415 3067 601 3138 comitatum
611 3067 741 3160 Tyrolis
760 3068 791 3141 in
810 3063 941 3158 alpibus,
954 2989 1133 3136 albstulerat
1149 3067 1235 3136 vic·

90 3163 214 3251 kam,
234 3171 387 3256 utsupra
412 3161 571 3236 scribitur.
602 3162 680 3257 Ipse
705 3184 790 3235 vero
807 3160 1007 3238 tudemcus
1033 3178 1237 3255 responsum
1263 3215 1266 3219 -
1307 3179 1310 3186 ·

92 3259 239 3332 ecclesio
264 3269 296 3328 et
317 3257 438 3331 domiui
461 3283 547 3355 pape
570 3259 749 3350 Clementis
774 3263 881 3347 sexti„
907 3257 966 3332 sibl
990 3267 1231 3352 reportatuma
1273 3339 1277 3348 ,

91 3361 183 3429 cuma
197 3357 347 3428 Romana
365 3379 425 3450 per
437 3362 567 3432 nunnus
581 3379 663 3452 quos
677 3360 812 3433 nriserat
829 3367 864 3426 ut
880 3377 993 3449 supraq
1007 3358 1142 3450 exponit
1155 3357 1230 3428 eis·

91 3454 171 3525 dem
198 3447 406 3548 principibus.
442 3453 511 3526 Sed
534 3458 616 3548 qula,
635 3457 811 3550 penitentia
832 3457 927 3528 rimis
955 3452 1035 3524 dura
1064 3463 1097 3524 et
1124 3454 1228 3544 rigida

90 3551 157 3624 sibi
174 3555 248 3623 visa
270 3561 333 3641 est,
351 3572 447 3646 quom
464 3552 551 3650 idem
571 3575 655 3647 papa
681 3575 754 3623 cnm
778 3553 878 3641 longa
894 3549 1131 3622 deliberatione
1149 3573 1230 3621 cur»
1260 3595 1262 3600 -
1338 3627 1339 3630 ,

62 3649 250 3744 ⁴clinnlium
271 3647 411 3722 duxerat
433 3649 666 3744 iniungendum
692 3647 818 3738 cidem,
843 3659 876 3719 et
900 3651 972 3743 quia
998 3651 1171 3743 principes·
1187 3648 1230 3744 de

89 3745 283 3820 tractatibus
307 3745 422 3820 habitis
439 3769 513 3819 cum
530 3769 614 3842 papa
639 3747 736 3818 nichil
753 3766 870 3818 curare
887 3743 1056 3835 volebant,
1080 3749 1154 3839 quia
1178 3749 1227 3815 eis
1244 3839 1245 3842 Ἴ

89 3843 377 3918 inconsultislaeti
395 3855 489 3916 sunt:
507 3848 579 3939 ipse
594 3844 794 3916 ludewicus
810 3841 852 3913 ab
872 3841 1024 3914 omnibus
1039 3839 1227 3913 tractatibus
1247 3865 1255 3898 r

89 3943 188 4014 lactis
211 3939 381 4014 et-habitis
405 3963 479 4013 cum
506 3963 591 4037 papa
616 3963 779 4036 persnas
803 3945 954 4030 nuncios„
978 3943 1031 4034 qui
1055 3941 1147 4033 quasi
1168 3959 1238 4033 per¹
1338 3981 1340 3984 -

64 4053 65 4056 ’
90 4051 161 4113 tres
179 4041 336 4112 annos'in
355 4043 443 4110 curia
462 4049 537 4110 sunt
555 4051 592 4111 et
603 4049 774 4127 steterunt,
791 4041 944 4126 recessit
965 4059 1028 4107 nec
1046 4036 1150 4107 voluit
1167 4057 1227 4114 eos
1307 4087 1309 4092 ,

88 4135 333 4210 ratos²habere
366 4135 403 4208 ln
422 4137 539 4208 eodem
558 4137 653 4211 etiam
673 4137 833 4230 colloquio
854 4137 944 4228 multi
967 4157 1012 4208 ex
1030 4131 1271 4228 principibus'·''
1362 4133 1365 4138 ’
1447 4133 1451 4139 ⁴

88 4238 284 4332 prescriptis
302 4245 336 4304 et
353 4236 425 4309 aliis
442 4257 506 4306 non
531 4234 728 4307 electoribus
747 4236 847 4326 vregni
871 4233 1172 4332 conlederaverant
1189 4233 1234 4304 se'
