3036 4822
269 215 342 290 332
536 213 701 274 canoniea
721 215 915 274 salustium
935 215 1136 276 saussaium

269 389 442 482 privilegia
462 399 496 461 et
511 401 666 485 precepta
684 413 744 485 per
768 401 1000 464 antecessores
1018 411 1098 464 suos
1115 411 1218 483 regas
1236 401 1273 462 et
1285 391 1396 486 impa-

269 497 396 558 ratorcs
414 488 555 561 ecclesie
573 488 720 582 Spirensi
738 488 856 561 donata
874 492 1051 561 renovavit
1067 500 1100 558 et
1116 510 1177 582 per
1193 490 1394 582 imperialem

270 582 521 655 munificentiam
549 585 590 656 ad
618 589 801 658 instantiam
829 584 992 658 Waltheri
1021 588 1166 680 episcopi
1194 585 1397 660 confirmavit

269 701 355 751 anno
380 682 859 774 m.xx.vu.[10270a.1s].¹
900 681 1071 756 Conradus
1096 681 1262 756 secundus
1286 687 1395 778 impe-

268 787 356 848 rator
379 777 482 851 dictus
500 777 628 854 Salions
653 783 756 875 primo
781 777 848 854 dux
865 779 1048 852 Franconie
1072 777 1132 851 sub
1157 781 1251 852 annis
1276 779 1394 852 domini

268 878 402 947 rn.xx.ii.
415 881 569 968 regnavit
587 882 680 949 annis
693 880 773 951 xvii.
801 877 921 950 Habuit
937 877 1112 970 coniugem
1124 876 1235 950 Gisela
1253 881 1394 968 nomine,

268 971 310 1042 de
327 975 457 1068 antiqno
475 973 621 1068 glorioso
633 973 744 1047 Karoli
762 979 925 1068 sanguine
942 977 1103 1067 originem
1122 973 1260 1066 ducens,
1278 995 1324 1046 ex
1334 997 1395 1069 qua

267 1072 397 1141 unicum
416 1070 572 1144 heredem
590 1069 911 1163 habuitHeinricum
930 1095 1027 1167 quem
1038 1075 1070 1142 in
1085 1073 1179 1144 senio
1196 1083 1395 1164 genuenmt

268 1177 302 1237 ut
317 1167 419 1261 longe
437 1179 533 1240 antea
552 1195 578 1243 s.
591 1169 711 1242 Bartho
730 1169 995 1264 archiepiscopus
1013 1167 1227 1262 Mogontinus
1245 1171 1296 1242 eis
1314 1192 1395 1264 pro-

266 1263 470 1358 phetaverat.
497 1265 558 1338 Hic
577 1267 741 1340 basilicam
760 1269 847 1340 illam
866 1277 1030 1339 vetustam
1049 1269 1081 1337 in
1099 1263 1323 1338 urbeNemeti
1340 1269 1396 1339 vel

265 1361 360 1455 Spira
379 1365 410 1434 in
428 1361 553 1435 honora
572 1369 674 1437 sancti
686 1363 842 1459 Stephani
860 1387 945 1460 papo
956 1375 988 1436 et
1006 1367 1159 1460 martyris
1177 1373 1395 1438 constructam

265 1458 408 1531 funditus
427 1459 601 1535 destruens
620 1467 651 1533 in
670 1460 787 1534 eodem
811 1464 884 1536 loco
905 1462 1001 1534 aliam
1021 1483 1141 1534 novam
1161 1464 1242 1534 mire
1262 1466 1396 1554 nmgni-

265 1555 396 1646 rudiam
421 1557 613 1632 fortitudinis
632 1573 664 1632 et
680 1559 936 1658 pulchritudinis„
963 1581 1026 1655 que
1051 1563 1170 1632 nostris
1195 1559 1395 1654 temporibus

266 1658 419 1744 cernitur,
445 1681 463 1726 a
482 1657 700 1732 fundamentis
720 1655 874 1730 edificare
896 1660 1001 1754 coepit
1018 1661 1051 1728 in
1067 1655 1193 1730 honore
1211 1667 1326 1728 sancte
1344 1656 1395 1729 dei

264 1756 432 1844 genitricis
444 1753 548 1826 hlarie
566 1767 599 1827 et
617 1758 719 1832 sancti
731 1755 887 1850 Stephani
905 1777 990 1850 pape
1008 1766 1041 1826 et
1059 1757 1211 1848 martpm's
1229 1777 1317 1826 anno
1329 1755 1394 1827 do-

265 1853 341 1921 mini
359 1871 485 1924 rnxxx.
504 1855 536 1922 in
553 1854 700 1948 profesto
718 1863 831 1924 sancte
849 1849 1061 1942 Margarethe
1080 1855 1218 1944 virginis
1238 1852 1310 1943 [iul.
1330 1853 1392 1942 12]

265 1947 425 2038 erigendo
443 1947 635 2022 coenobium
647 1949 817 2046 Lymburg
834 1953 1020 2043 primarium
1038 1947 1156 2020 ibidem
1174 1949 1316 2117 lapidem
1328 1973 1394 2044 po-

264 2047 337 2116 suit.
365 2042 445 2114 lnde
464 2049 591 2120 ieiunus
609 2047 649 2118 ad
665 2049 794 2144 Spiram
813 2051 884 2118 iens
902 2049 1073 2142 primarios
1092 2049 1189 2116 etiam
1219 2046 1336 2140 apides
1355 2046 1395 2118 ad

264 2141 423 2235 prefatam
441 2144 615 2216 ecclesiam
634 2150 790 2218 maiorem
810 2154 843 2214 et
860 2141 899 2215 ad
919 2153 1066 2216 sanctum
1084 2139 1263 2214 Iohannem
1282 2165 1396 2216 evan·

264 2239 435 2330 gelistam„
464 2239 625 2314 modoad
654 2251 801 2316 sanetum
826 2239 1004 2312 Widonem
1033 2241 1247 2334 appellatam,
1276 2245 1395 2320 erexit
1497 2305 1498 2324 1

262 2337 352 2424 Quas
377 2334 505 2430 quidem
534 2349 713 2415 structuras
739 2343 801 2411 etsi
827 2349 929 2410 morte
952 2347 1133 2434 preventus
1162 2360 1393 2412 consummare

262 2455 329 2505 non
346 2445 486 2529 poterat,
502 2439 644 2531 posteris
662 2442 731 2510 suis
750 2438 936 2534 exemplum
954 2435 1092 2530 reliquit
1110 2457 1173 2530 quo
1185 2445 1219 2507 ct
1234 2439 1297 2532 ipsi
1315 2457 1394 2508 mo-

262 2535 318 2603 niti
344 2553 406 2626 por
428 2555 504 2605 eum
533 2538 658 2631 incepta
688 2533 862 2630 magnifice
889 2533 1100 2627 perfecerunt
1126 2542 1159 2604 et
1184 2531 1392 2606 dotaverunt

263 2627 380 2701 Statuit
403 2635 499 2702 etiam
517 2633 663 2726 prefatus
682 2631 853 2705 Conradus
872 2629 1051 2718 secundus
1076 2639 1110 2700 ut
1127 2627 1168 2700 de
1187 2641 1299 2702 cetero
1316 2631 1395 2704 Ro-

263 2749 433 2799 manorum
446 2817 448 2823 ,
462 2732 676 2824 imperatores
702 2729 758 2802 vel
786 2751 888 2824 rages
916 2731 947 2799 in
976 2730 1218 2800 citramontanis
1235 2727 1394 2896 partibus
1496 2769 1497 2780 κ

264 2827 441 2898 morientes
467 2827 499 2896 in
524 2827 641 2899 eadem
665 2829 805 2902 ecclesia
832 2849 891 2900 sua
910 2829 942 2897 in
959 2824 1040 2914 urbe
1057 2825 1152 2922 Spira
1177 2823 1233 2896 fun

263 2923 369 3014 ipsum
388 2932 420 2992 et
438 2924 612 3017 magnifice
630 2925 737 2998 dotata
756 2925 887 3023 sepeliri
905 2921 1058 3015 debeant
1077 2917 1163 3020 quod
1180 2931 1213 2993 et
1229 2926 1302 3017 ipse
1318 2927 1394 3017 pri-
1496 2935 1497 2943 ’

263 3040 337 3091 mus
355 3013 553 3114 adimplevit.
587 3021 670 3094 Nam
689 3035 834 3096 sanctam
853 3029 1067 3116 pentecosten
1087 3015 1200 3111 [1039
1216 3023 1283 3090 iun.
1300 3017 1342 3112 3]
1361 3025 1394 3092 in

263 3115 407 3188 inferiori
429 3117 580 3191 ‘lhaiecto
604 3120 777 3194 celebrans
801 3119 982 3192 insinuatus
1005 3121 1084 3189 xvii.
1110 3137 1197 3188 anno
1219 3121 1319 3209 regni
1344 3121 1394 3191 sni

262 3216 388 3307 imperii
406 3232 489 3288 vero
506 3219 582 3288 xiiii.
602 3217 686 3289 diem
706 3219 821 3290 clausit
838 3227 1034 3304 extremum
1053 3215 1256 3310 sepultisque
1270 3213 1393 3287 ibidem

262 3313 425 3384 buasthds
442 3315 511 3386 suis
528 3315 688 3409 reliquum
705 3335 823 3410 corpus
843 3330 937 3387 saum
955 3315 988 3384 in
1005 3312 1180 3385 ecclesiam
1200 3312 1393 3406 spirensem
1495 3345 1496 3388 r

263 3405 437 3481 deductum
461 3409 612 3483 humatur
635 3415 723 3484 iuxta
749 3415 923 3502 coniugem
947 3431 1041 3483 suam
1065 3409 1211 3483 (liselam
1235 3411 1267 3480 in
1292 3409 1393 3482 choro

262 3505 460 3598 regumsab
477 3527 641 3580 marmore
658 3513 764 3600 tertioq
782 3513 815 3581 in
827 3530 890 3604 quo
902 3508 966 3580 tale
985 3508 1146 3602 sculptum
1163 3505 1301 3579 babetur
1313 3512 1394 3603 epi·-

261 3602 421 3698 taphium:
450 3608 543 3676 Anno
571 3609 732 3678 dommtea
759 3607 1005 3679 tooomottontt·
1024 3607 1192 3706 massam
1219 3606 1396 3678 Gomddttr

261 3703 421 3773 amadus
437 3703 791 3792 decembriarum
815 3707 888 3777 aut
912 3705 998 3776 odiit
1034 3705 1180 3774 Procout
1197 3703 1393 3776 mcct'tsttc.

310 3797 632 3892 Regingerusxxiii.
652 3803 794 3876 ecclesie
812 3803 985 3876 Nemetae
1008 3803 1187 3896 episcopus
1208 3800 1338 3872 resedit
1362 3805 1394 3874 in

263 3917 303 3967 oa
322 3895 544 3978 hebdomadas
564 3902 619 3970 viii
637 3902 723 3974 circa
741 3913 845 3974 annos
862 3899 983 3974 domim
1001 3902 1134 3977 muntii.
1382 3928 1394 3999 ⁴,
1494 3903 1495 3916 ¹

310 3993 537 4088 chtnbaldus
552 3997 654 4072 xxiiii.
675 3995 1009 4080 ecclestajttemetinc
1025 3997 1200 4092 episcopus
1217 3993 1346 4072 resedit
1360 3980 1396 4082 ib

263 4113 302 4162 ea
327 4089 441 4165 diebus
466 4115 525 4165 xv.
563 4095 630 4198 Hic!
652 4116 805 4168 coronam
830 4112 985 4188 magnam
1008 4098 1042 4167 in
1064 4093 1164 4189 choo
1191 4091 1394 4197 pandmnam

317 4210 487 4284 lJ'itamling
505 4213 531 4285 1,
550 4216 593 4272 28.
1089 4201 1130 4234 ³·
1200 4208 1203 4224 ‘
1236 4216 1239 4227 '
1331 4214 1346 4230 '¹
1384 4196 1388 4208 ’

1257 2836 1310 2898 ata
1334 2848 1395 2922 per
1496 2897 1497 2928 p
