3014 4822
530 261 853 321 ununnscouomnn
1183 263 1256 338 469

123 441 197 510 tatis
216 443 447 512 nenessitatem
460 451 492 510 et
509 439 676 511 uh‘litatem
692 458 828 528 censeo,
846 441 938 511 curius
956 440 1127 533 panemtu
1138 443 1253 516 civitas

123 547 238 610 sancta
262 559 329 608 non
353 539 498 610 excolas.
536 537 748 610 Mercimonia
775 542 861 609 enim
885 541 1035 632 preciosa
1059 537 1195 612 diversa
1221 551 1255 613 et

120 633 222 705 multa
243 638 289 706 tui
306 637 339 705 in
356 635 506 706 omnihus
525 634 700 708 christiane
722 635 892 728 religionis
915 634 1060 730 partibus
1083 646 1202 710 tractm
1221 649 1255 710 et

120 735 355 803 communicas.
382 729 505 804 Gentes
517 755 658 828 namque
672 743 727 804 tua
737 737 769 803 in
781 732 931 804 omnibns
945 736 1059 826 regnis
1070 732 1252 808 christianis

120 839 199 901 sunt
223 829 325 920 longe
348 829 479 924 lateque
502 829 639 922 diffuse,
664 853 745 926 quas
771 843 806 902 tu
829 836 863 902 in
886 841 918 902 te
939 852 1081 902 revocas
1105 842 1253 927 tempore

120 949 193 1000 suo.
219 926 257 998 ln
275 938 308 998 te
325 931 429 1000 eciam
447 932 589 1000 omnium
608 929 814 1001 artificiorum
832 937 921 1000 artes
939 928 1113 1002 artificiose
1125 940 1252 1026 elper-

120 1024 302 1097 lectissime
326 1037 514 1120 operantur,
539 1049 654 1097 aurum
677 1039 710 1098 et
733 1037 924 1120 argentum,
947 1026 1073 1120 lapides
1097 1031 1252 1122 preciosi„

120 1126 254 1218 species
279 1134 313 1194 et
335 1133 479 1194 aromata
503 1127 591 1195 inte
620 1123 812 1219 adaptantur
836 1135 869 1194 et
892 1125 932 1194 ad
959 1124 1112 1196 diversas
1140 1124 1252 1197 mundi

118 1223 277 1314 regiones
296 1219 491 1315 deportatur.
528 1222 565 1293 ln
583 1231 615 1292 te
634 1227 738 1293 eciam
757 1233 832 1294 sunt
848 1225 1027 1316 principum
1053 1223 1251 1294 secularium

119 1327 152 1388 et
170 1327 362 1408 magnatum
378 1317 600 1392 habitaciones
617 1320 805 1412 magnifieeff
831 1322 933 1414 quiin
950 1330 984 1391 tc
1001 1329 1077 1392 sunt
1094 1329 1127 1391 et
1141 1330 1250 1392 tecum
1303 1381 1306 1387 .

118 1425 362 1488 conversantur
383 1439 449 1488 non
473 1427 508 1488 ut
531 1417 650 1488 domini
675 1415 736 1490 sed
752 1427 788 1489 ut
807 1421 852 1489 tui
875 1437 988 1512 pares,
1012 1421 1121 1511 etqui
1144 1427 1250 1491 metas

118 1521 193 1585 tuas
212 1517 352 1586 transire
369 1523 536 1586 verentur.

167 1645 395 1742 Apprehende
430 1672 513 1742 ergo
548 1651 688 1746 clipeum
722 1653 836 1722 civitas
865 1649 989 1741 regalis
1017 1659 1050 1718 et
1077 1660 1190 1722 sancta
1218 1659 1251 1721 et

118 1743 260 1822 ostende
295 1768 458 1818 armorum
492 1757 620 1818 tuorum
647 1751 801 1821 misteria.
845 1745 976 1840 Clipeus
1004 1757 1078 1818 tuus
1106 1750 1139 1816 in
1166 1744 1249 1819 duas
1311 1801 1314 1808 -

116 1853 229 1936 partes
241 1845 427 1918 misteriose
439 1857 491 1918 est
502 1843 641 1935 divisus,
659 1843 752 1916 rubet
765 1868 843 1935 una,
863 1843 1246 1938 etcandetatquenivet¹

116 1939 233 2027 nera,
253 1950 285 2010 et
297 1937 397 2014 trihus
415 1947 524 2014 aureis
543 1945 672 2016 coronis
690 1953 791 2014 totum
810 1954 936 2015 scutum
956 1951 1044 2012 tuum
1062 1945 1249 2014 continuum

116 2048 149 2114 et
159 2035 316 2110 decorum
334 2037 506 2132 perficitur.
533 2039 628 2130 Quod
646 2045 731 2112 enim
743 2044 775 2112 in
787 2039 893 2112 hunt-e
910 2060 1009 2110 roseo
1020 2038 1126 2128 rubet,
1144 2062 1249 2112 sanc·

115 2146 222 2206 torum
240 2143 368 2206 tuorum
386 2147 565 2232 martyrum
583 2139 616 2208 in
634 2147 665 2208 te
684 2140 865 2226 occisorum
883 2136 1024 2230 palmam
1036 2139 1249 2208 etvictoriam

115 2242 262 2304 meretur
278 2233 477 2326 significare.
503 2233 586 2310 Nam
605 2239 712 2306 menia
729 2245 783 2304 tua
803 2245 878 2308 sunt
895 2245 1081 2305 sanctorum
1093 2257 1248 2306 acsanc-

115 2341 224 2402 tarum
246 2335 410 2422 sanguine
427 2335 578 2426 precioso
595 2331 737 2426 undique
758 2331 901 2426 perlusa.
938 2331 1039 2401 Terra
1064 2332 1168 2402 eciam
1192 2341 1247 2403 tua

115 2437 166 2500 est
184 2437 273 2500 tauto
291 2440 477 2502 sanctorum
496 2434 658 2522 sanguine
675 2427 846 2520 inebriatap
869 2439 904 2500 ut
921 2426 960 2499 ab
978 2427 1128 2501 omnibus
1146 2427 1247 2499 hulo-

113 2521 210 2598 uihus
234 2534 268 2595 et
293 2525 363 2598 aliis
383 2532 563 2600 venenosis
587 2525 779 2600 animalibus
803 2525 923 2598 munda
946 2530 1043 2600 silet
1066 2525 1107 2596 ab
1132 2547 1247 2598 eorum

114 2617 310 2693 inmundicia
330 2624 425 2697 salva
443 2629 484 2698 sit
502 2637 535 2697 et
550 2636 756 2721 preservata.
792 2623 924 2694 Candor
941 2644 1024 2696 vero
1041 2625 1174 2712 niveum
1193 2627 1247 2718 qui

114 2719 252 2792 alteram
278 2722 360 2792 scuti
378 2725 421 2792 tui
439 2733 565 2816 partem
589 2723 725 2812 colorat,
748 2724 890 2813 virginei
913 2721 1002 2792 lloris
1025 2724 1247 2812 integritatem

113 2841 155 2890 ao
176 2818 282 2912 ipsius
308 2817 476 2909 decorem
501 2824 554 2914 qui
571 2832 603 2892 to
621 2823 731 2896 sanauit
748 2829 782 2891 et
797 2819 967 2891 felicitavit
989 2817 1164 2909 dignanter
1180 2817 1246 2890 de·
1291 2845 1294 2850 ’

113 2923 215 2986 notat
241 2911 327 2986 Nam
344 2915 470 2989 milibus
482 2917 621 2990 undenis
635 2913 752 2990 Christi
765 2920 896 3011 sponsis
914 2915 1067 2986 decorata
1079 2939 1117 2988 es
1130 2919 1245 2988 civitas

112 3021 251 3100 sancta.
267 3016 381 3111 civitas
398 3017 490 3106 regis
509 3019 620 3106 magni
638 3013 753 3110 quibus
772 3012 900 3105 gaudes
918 3011 1041 3082 habere
1059 3022 1246 3084 sanctarum
1341 3090 1343 3096 ,
1450 3093 1452 3097 ,

112 3113 260 3202 ipsarum
288 3132 425 3204 corpora
452 3113 612 3206 preciosa.
655 3111 738 3184 Tres
767 3133 868 3181 auree
896 3131 1035 3199 corona
1065 3132 1128 3203 quc
1155 3121 1246 3180 tuum

112 3215 242 3280 scutum
253 3229 319 3278 non
330 3206 548 3302 dedignantur
561 3209 700 3282 iocmdo
718 3207 894 3302 splendore
912 3206 1107 3294 illuminare
1125 3217 1246 3278 osten·-

113 3301 194 3382 dunt
210 3305 245 3374 in
261 3315 294 3376 te
312 3318 594 3390 essesanctorum
613 3329 784 3400 magorum
809 3326 945 3398 corpora
964 3307 1170 3386 sanctissima
1188 3313 1246 3374 tu-

112 3401 255 3490 mnata,
280 3405 333 3496 qui
360 3401 450 3494 digni
473 3404 605 3476 fuerunt
629 3404 792 3478 Christum
817 3402 1018 3475 salvatorem
1042 3412 1189 3473 nostrum
1211 3404 1246 3473 in

112 3519 216 3570 carne
232 3497 373 3572 humana
392 3513 503 3575 natum
523 3503 678 3592 [cernere
697 3504 769 3592 et]²
788 3501 908 3573 offerre
928 3521 1065 3571 munera
1083 3501 1243 3592 preciosa.

112 3592 231 3666 Gaude
257 3619 339 3688 ergo
365 3609 398 3670 et
422 3598 526 3670 leuare
560 3597 637 3672 urbs
662 3597 757 3671 beata
789 3598 872 3670 felix
897 3597 1079 3692 Agrippina
1107 3607 1245 3669 sancta-

112 3716 177 3788 que
206 3691 360 3786 Colonia‚
393 3699 437 3770 tui
468 3707 583 3791 pared]
616 3701 781 3780 civitatem
811 3697 1052 3784 parisiensem,
1084 3693 1244 3785 Brugen·

112 3813 199 3882 sem,
225 3787 489 3867 londoniensem
511 3820 550 3866 ac
571 3793 631 3867 suh
650 3797 721 3867 sole
738 3805 924 3868 exstantem
941 3813 1020 3864 esse
1037 3813 1103 3863 non
1121 3813 1244 3863 censeo

111 3899 145 3959 et
175 3891 377 3975 iuuentute
409 3891 566 3964 confiteor
597 3892 660 3965 hoc
691 3892 754 3965 deo
786 3891 1014 3984 omnipotenti,
1049 3911 1113 3959 nec
1144 3885 1243 3959 credo

111 3985 254 4079 aliquem
280 4011 359 4064 esse
383 4002 449 4061 tam
473 3990 563 4064 rudis
588 3991 790 4080 intellectusq
821 3993 874 4086 qui
899 3991 932 4059 in
959 3989 1098 4058 veritate
1125 3988 1185 4057 scit
1210 3995 1244 4057 et

110 4081 250 4176 latetur,
283 4089 336 4181 qui
366 4085 430 4160 hcc
461 4086 547 4160 idem
580 4091 705 4164 senciat
736 4085 885 4162 omnihus
910 4083 997 4156 benc
1028 4087 1184 4182 inspectis
1210 4095 1244 4158 et

166 4269 196 4342 l)
216 4269 277 4328 W.:
297 4269 370 4330 niiet.
407 4273 439 4344 2)
459 4289 506 4331 aas
524 4275 569 4334 W.
