2882 4818
359 291 524 350 memoras
542 289 882 349 NUKWENBURGENSIS.
1112 289 1181 366 195

74 469 300 562 tetragonum
319 469 598 566 archiepiscopatu
616 468 765 566 providit.
801 469 862 556 Qui
881 465 1089 540 descendens
1101 466 1182 538 Μο-

74 573 205 658 maciem
223 567 403 641 honorifice
421 580 471 642 est
488 581 651 664 receptus.
688 571 749 655 Qui
767 571 870 662 ipsam
889 566 1064 638 ecclesiam
1082 569 1182 660 quin-

73 679 258 759 auctentum
280 670 376 738 annis
399 671 624 762 potentissime
649 665 859 760 gubernavit
884 667 936 734 cni
952 667 984 734 in
1002 667 1182 756 magnani-

73 767 164 836 mitate
186 777 219 836 et
236 763 411 836 virtutibus
436 763 549 838 similis
573 789 639 837 non
663 775 714 836 est
738 767 842 835 visus.
893 759 1048 834 Exclusis
1073 773 1182 832 autem

71 863 203 954 predictis
222 864 353 952 electis,
371 861 531 936 Rudolius
549 862 591 934 de
603 861 789 934 Monteiorti
808 883 867 953 per
884 862 991 953 ipsum
1008 881 1126 954 pepom
1141 859 1181 930 mi

71 959 348 1032 tonsureiensem
367 961 541 1034 ecclesiam
560 972 612 1034 est
628 971 795 1056 promotus
816 955 956 1048 {1322}
1000 955 1060 1028 Cui
1077 959 1181 1027 eciam

71 1079 176 1130 vacans
194 1062 431 1131 monasterium
449 1062 655 1131 committitur
672 1061 775 1132 sancti
786 1055 880 1128 Galli.
907 1054 974 1126 Sed
993 1077 1034 1126 eo
1052 1053 1182 1126 tandem

69 1159 227 1229 assistente
244 1155 427 1228 Ludowico
455 1159 601 1251 principi,
631 1156 716 1228 idem
741 1157 974 1226 monasterium
999 1152 1040 1223 ad
1065 1175 1182 1248 preces

69 1253 200 1344 lingonis
219 1253 264 1326 de
275 1254 412 1326 Bochek
429 1254 581 1326 collatmn
599 1265 651 1328 est
667 1252 720 1326 N.¹
742 1252 783 1323 de
795 1251 1000 1339 Bonstettem
1019 1251 1182 1322 avunculo

68 1349 222 1444 Berngarii
246 1353 291 1424 de
308 1351 542 1445 Laudenberg7
570 1354 677 1425 militis
702 1350 850 1424 eiusdem
868 1350 1019 1442 Hugonis
1040 1347 1181 1441 [13331.

66 1453 115 1534 itui
134 1449 313 1524 Radoiius²
337 1451 469 1522 tandem
495 1454 528 1522 in
557 1453 735 1524 sentenciis
762 1447 931 1543 papalibus
959 1453 1118 1540 moriens,
1144 1471 1182 1522 se

68 1545 130 1619 iecit
145 1559 238 1621 exue
259 1553 452 1620 cimiterium
469 1571 507 1620 se
532 1551 612 1622 eliri.

106 1645 229 1718 Mortuo
247 1647 440 1720 autemillis
458 1573 573 1720 diegus
584 1645 755 1720 Gerhardo
773 1635 1181 1742 deWippingenHl325

65 1753 140 1814 aiom
153 1744 230 1836 17]ἦ
250 1745 317 1815 filio
336 1749 459 1818 sororis
471 1743 597 1818 Ottonis
616 1741 1010 1836 dominiinGrandisonm
1028 1749 1182 1840 episcopo

63 1839 236 1933 Besiliensi,
256 1845 311 1938 qui
328 1854 460 1938 propter
477 1847 675 1916 occisionem
688 1841 827 1913 Richliui
851 1843 999 1916 officialis
1025 1848 1074 1915 sui
1099 1866 1182 1938 pro-

63 1943 181 2018 ¹aeniem
199 1941 244 2012 de
262 1939 343 2013 Sole
367 1939 637 2035 persequebatur,
661 1949 694 2010 et
711 1940 882 2032 Hartungo
900 1940 1051 2012 Morrochi
1070 1939 1182 2012 archi-

64 2034 185 2112 diacono
195 2039 376 2112 Besiliensi
394 2039 500 2110 electo
518 2036 941 2126 eimnfirnam,10unnes
953 2037 1181 2136 papalohmmi

63 2131 97 2202 de
111 2135 301 2228 Gabinae?
320 2161 395 2210 cum
411 2138 587 2229 capitulum
603 2135 788 2210 Basiliense
807 2147 899 2210 esset
922 2141 1084 2233 privatum
1108 2140 1179 2214 iace

63 2232 204 2324 eligendi,
223 2235 268 2306 de
288 2235 615 2308 ecclesiaBasiliensi
632 2232 782 2329 providit.
814 2234 942 2306 Etonia
961 2235 1181 2324 discensioneq

63 2352 126 2401 cam
147 2331 346 2424 Hartungus
371 2333 473 2406 nollet
495 2344 607 2406 contra
632 2336 849 2404 iuramentum
873 2331 932 2406 silei
957 2337 1126 2426 prestitum
1149 2335 1182 2402 in

63 2431 189 2520 capitulo
207 2430 385 2503 Albertum
403 2429 521 2504 ducem
531 2434 667 2503 Austrie
685 2429 850 2503 defendis
869 2434 1038 2502 comitatus
1056 2430 1183 2502 Ferre-

61 2531 150 2600 tensis
168 2532 347 2618 investire,
365 2527 530 2624 Lupoidos
549 2527 618 2600 dam
634 2525 890 2600 Gobilonensem
909 2531 1083 2618 assistens
1107 2529 1184 2600 lesit

61 2621 268 2718 Hartungum.
303 2626 433 2698 Mortuo
444 2629 533 2698 onim
543 2625 675 2700 Bosilcc
687 2627 750 2698 iilis
765 2624 879 2698 diebus
894 2625 1180 2717 [1324marz10]

61 2719 157 2794 [iniec
175 2728 276 2796 unico
293 2723 321 2796 F
323 2735 503 2796 erretarum
522 2727 639 2798 comite
657 2722 782 2818 absque
801 2723 887 2813 saliis
905 2737 938 2796 et
955 2728 1106 2798 comitatu
1124 2745 1183 2818 pro

60 2824 170 2892 maiore
188 2833 285 2918 parte
305 2821 345 2893 ad
364 2824 538 2895 ecclesiam
549 2821 769 2894 Basiliensem
787 2820 956 2912 devoluto,
975 2833 1007 2894 et
1024 2825 1088 2894 iam
1106 2845 1184 2896 om-

59 2920 102 2987 nis
122 2923 226 3014 ipsius
246 2923 418 2994 comitatus
442 2921 580 3014 populus
600 2918 779 2991 adventum
797 2918 1028 2994 Basiliensium
1053 2943 1184 3015 expec-

60 3023 146 3087 taret:
175 3041 261 3090 ecce
278 3017 437 3108 Iohanne,
462 3020 587 3090 comitis
606 3016 683 3106 tina„
708 3040 782 3088 cum
800 3016 942 3090 dominio
961 3018 1094 3090 traditur
1111 3019 1183 3090 duci

61 3113 197 3187 ilberto.
246 3115 289 3186 Et
306 3127 379 3211 post
396 3116 495 3187 multo
514 3115 718 3212 discriminaq
745 3125 820 3210 post
837 3114 1099 3188 submersionem
1116 3138 1184 3186 no-

60 3214 160 3283 toriam
178 3216 293 3284 nuncii
311 3214 448 3308 papales
465 3213 589 3284 litteras
613 3213 769 3304 legentis,
797 3222 872 3308 post
896 3216 1183 3308 expugnucionem

59 3307 230 3403 aliquorum
251 3321 433 3383 castrorum
454 3333 514 3405 per
530 3308 787 3382 Gabilononscm
811 3311 942 3401 factamq
967 3321 1041 3406 post
1063 3313 1183 3404 provi·-

59 3409 175 3480 sionem
204 3405 420 3481 Gobiionensi
449 3409 566 3480 iactam
594 3406 636 3478 de
665 3411 853 3504 episcopatu
880 3407 1082 3502 Lingononsi
1109 3431 1182 3480 cum

59 3509 284 3579 cornmissione
295 3505 501 3597 Basiliensis
519 3516 592 3601 post
602 3507 721 3580 multos
732 3529 924 3602 processus,
941 3507 1072 3578 tandem
1084 3510 1184 3580 cessit

59 3598 258 3697 Hertungus7
270 3603 521 3699 dispensacione
534 3626 635 3698 super
645 3602 811 3678 beneficiis
824 3617 856 3678 ct
866 3609 1029 3701 perceptis
1041 3603 1182 3678 obtenta.

59 3751 122 3843 [iic
138 3759 286 3844 quodam
304 3759 449 3826 exercito
460 3757 622 3826 Fridcrici
633 3759 794 3828 Australis
811 3761 845 3827 in
857 3759 1044 3828 Borooriom
1069 3764 1184 3826 contro

147 3855 371 3946 Lodowicum
373 3857 410 3946 1⁴

100 3975 271 4072 Egressus
290 3990 341 4052 est
359 3989 467 4052 eutem
480 3977 522 4051 de
533 3979 684 4054 Αιιεῑιῑιι5
697 3977 756 4055 sub
769 4001 855 4052 anno
866 3977 985 4052 douaini
997 3977 1178 4050 mcccxxi.

106 4109 132 4190 i)
157 4111 321 4166 Hermanno.
357 4109 389 4178 2)
415 4111 546 4166 Biiirmers
565 4111 695 4194 absoipriit
719 4114 777 4168 hat:
806 4111 850 4194 qui
871 4111 898 4166 B.
935 4111 966 4180 3)
992 4109 1135 4166 Gobriionc
1153 4109 1182 4164 B.

61 4175 87 4241 ir
100 4179 203 4238 Dresem
220 4183 275 4236 und
289 4183 340 4238 den
356 4182 500 4252 folgenden
518 4184 578 4238 tunt
589 4183 699 4256 capitem
715 4183 801 4239 iehien
817 4201 843 4238 m
857 4183 895 4247 u,
909 4199 953 4236 wo
968 4182 1031 4237 aher
1044 4199 1116 4237 raum
1133 4197 1185 4252 ge-

59 4247 436 4386 &pssgffifliessssbmdmnen'
456 4253 498 4310 alie
517 4255 558 4309 ich
581 4255 646 4310 nach
662 4256 773 4309 Stuaicrs
792 4271 932 4324 vorgauge
952 4271 999 4310 cus
1015 4255 1043 4309 G.
1060 4259 1183 4324 sagione.

915 4431 971 4488 13*
