2882 4818
253 233 324 308 192
550 231 715 288 nnrttttas
735 229 1074 290 NUEWENBURGENSIS.

252 407 438 480 decreverit
454 429 515 502 per
529 429 663 496 usmas„
685 411 756 503 ipse
775 408 927 497 etenum
955 409 1063 480 multis
1082 411 1236 480 astrictus
1256 405 1397 494 debitis,

254 505 488 579 constudentes
513 502 678 596 obligans„
703 517 756 576 est
778 529 960 596 egressus3
988 529 1127 600 eumque
1144 517 1276 600 partem
1293 527 1397 576 suan]

254 603 384 675 dominii
401 615 528 697 peteret
546 627 565 674 a
583 613 687 674 matre
706 614 739 674 et
756 603 855 674 lratre
873 603 1006 674 ridetur.
1050 603 1123 674 Fuit
1139 614 1251 674 autem
1271 603 1398 697 laycus

252 701 382 772 curialis
400 704 495 772 nimis
514 712 547 771 et
565 701 701 772 dilectus
720 699 793 772 duci
810 701 968 796 Liipoldo„
993 704 1111 795 quippe
1134 705 1169 772 in
1187 704 1284 772 cuius
1311 724 1400 772 ser-

251 801 337 869 vicio
356 798 532 868 dominium
550 803 695 892 ipsorum
712 798 847 869 fratrum
861 799 968 869 multis
981 797 1096 869 debitis
1108 801 1275 868 oneravit.
1305 797 1400 867 Cle-

250 898 338 968 ricus
356 907 465 966 autem
483 897 672 988 civilegium
690 917 865 968 assumens
883 899 916 966 in
932 897 1055 985 Berna7
1084 893 1143 967 sibi
1167 897 1298 989 aliquos
1328 895 1400 966 do-

251 996 338 1064 minii
356 997 537 1067 servitores
556 997 745 1087 assumpsit,
767 993 808 1064 de
827 1015 890 1088 quo
909 993 988 1082 dum
1014 1003 1118 1064 mater
1135 1003 1168 1064 et
1185 993 1292 1064 frater
1311 994 1400 1086 plu-

250 1095 367 1162 rimum
391 1102 467 1166 suut
484 1093 644 1163 commoti.
695 1089 803 1162 Finxit
827 1102 936 1163 autem
959 1090 1087 1184 laycus„
1117 1113 1155 1161 se
1180 1113 1259 1161 erun
1286 1089 1399 1162 fratre

252 1192 383 1259 omnino
402 1192 580 1260 amiciciam
597 1187 794 1278 habiturum,
821 1198 855 1259 et
871 1185 1136 1284 pomoetantibus
1155 1189 1256 1260 simul
1274 1192 1308 1259 in
1332 1213 1401 1258 ca-

251 1297 319 1360 stro
344 1309 458 1357 eorum
482 1285 659 1377 Landshut
689 1285 940 1380 volentibusque
964 1289 998 1355 in
1021 1307 1086 1356 uno
1114 1285 1200 1357 lecto
1228 1283 1399 1358 dormire.

252 1407 325 1454 oum
342 1382 554 1456 Eberlrardus
572 1383 757 1479 precedens
776 1407 814 1455 se
833 1387 1000 1478 posuisset
1017 1382 1057 1453 ad
1075 1382 1209 1462 lecum
1237 1385 1342 1455 irruit
1367 1389 1400 1454 iu

252 1505 327 1552 eum
355 1482 456 1552 irater
483 1493 630 1554 extracto
659 1481 780 1570 cultro„
811 1484 983 1576 ipsumque
1011 1492 1140 1574 captum
1169 1479 1210 1550 ad
1240 1492 1399 1552 castrum

250 1577 448 1651 Rotscbifort
466 1581 585 1652 soceri¹
600 1577 791 1652 suiRudollr
809 1582 934 1650 comitis
953 1578 995 1649 de
1006 1577 1228 1660 Novomsuo,
1246 1579 1400 1671 ligatum

251 1687 284 1746 et
301 1681 393 1770 (prasi
411 1678 532 1747 nudum
551 1676 700 1748 traduxit.
736 1675 787 1746 De
806 1679 897 1749 errius
915 1673 1298 1770 liberaoioneLiipoldus
1322 1677 1401 1746 dux

251 1798 289 1846 se
307 1773 424 1846 callide
442 1778 737 1861 intromittenstsic
754 1777 838 1844 iuter
855 1777 944 1869 ipsos
963 1774 1081 1846 fratres
1099 1778 1278 1864 transegit,
1301 1775 1401 1869 quod

251 1871 452 1944 Hartmanno
471 1883 571 1944 totum
590 1873 765 1942 dominium
783 1881 983 1960 remaneret,
1011 1881 1152 1965 excepto
1176 1871 1251 1944 solo
1276 1885 1402 1944 castro

250 1971 355 2058 'lurae
374 1970 459 2063 quod
477 1971 615 2041 clericus
633 1993 692 2064 pro
710 1980 858 2062 temporo
875 1971 943 2040 vite
961 1978 1076 2039 tenere
1095 1980 1127 2040 et
1144 1970 1290 2042 clericus
1306 1993 1403 2064 per-

251 2091 387 2137 manere
405 2067 558 2152 deberet3
586 2071 627 2140 ita
646 2079 769 2156 tamen7
796 2063 882 2160 quod
900 2065 941 2135 de
964 2064 1142 2136 redditibus
1167 2066 1402 2139 ducentarum

251 2187 447 2256 marearum
474 2187 556 2261 quos
581 2167 719 2238 clericus
744 2163 786 2234 de
812 2161 981 2234 boneficiis
1005 2161 1115 2234 habuit
1139 2207 1184 2217 —-
1209 2163 1276 2237 luit
1301 2171 1401 2236 eninr

252 2266 428 2334 eanonicus
456 2265 713 2354 Argentinensis
742 2272 775 2332 et
803 2260 1010 2334 Coloniensis
1038 2272 1072 2332 et
1098 2273 1206 2333 rector
1243 2263 1402 2356 plurium

251 2360 467 2438 ecclesiarum
488 2371 682 2431 —eentum
711 2362 941 2452 quinquaginta
965 2381 1150 2430 marearum
1177 2359 1303 2453 laycus
1339 2385 1404 2454 pro

251 2457 421 2530 solvendis
440 2457 555 2529 debitis
574 2481 633 2551 per
651 2480 689 2530 se
707 2459 893 2546 contractis
919 2466 952 2525 et
969 2455 1109 2528 clericus
1134 2467 1261 2528 tantum
1287 2454 1405 2552 quin-

251 2559 405 2648 quaginta
423 2577 550 2626 maroas
569 2558 740 2649 percipere
759 2563 967 2640 tenerentur3
997 2563 1030 2624 et
1048 2557 1100 2647 qui
1118 2554 1181 2626 hoe
1198 2555 1405 2647 infregerit„

250 2675 327 2745 pars
343 2651 474 2722 dominii
490 2653 575 2724 illius
594 2651 728 2722 cederet
737 2655 799 2746 ipsi
811 2651 894 2722 duci.
924 2649 1140 2724 Credeutibus
1160 2655 1273 2746 itaque
1292 2655 1405 2750 layca

251 2759 284 2818 et
308 2761 430 2840 matre7
459 2749 499 2820 de
523 2750 586 2821 hoc
609 2749 763 2821 clericum
788 2753 968 2820 contentari
993 2759 1026 2820 et
1052 2749 1344 2826 convenientibus
1373 2757 1405 2822 in

251 2857 359 2918 castro
376 2847 469 2917 Tune
492 2870 551 2941 pro
570 2845 773 2918 coniectione
797 2847 977 2918 litterarum
1001 2855 1130 2940 etpost
1154 2868 1279 2919 cenam
1308 2874 1407 2922 con-

252 2942 441 3017 sedentibus
459 2947 547 3017 iuxta
566 2947 691 3035 ignem
709 2956 742 3016 et
760 2955 932 3016 asserente
949 2944 1046 3036 lapco
1064 2945 1217 3014 clericum
1229 2959 1407 3040 oportere

250 3039 373 3111 babere
391 3044 423 3111 in
442 3045 582 3134 negocio
600 3041 783 3113 huiusmodi
799 3051 996 3130 curatorem„
1014 3041 1135 3136 illoque
1146 3042 1307 3132 notente,
1327 3057 1407 3118 orta

251 3137 343 3230 briga
360 3138 476 3232 laycus
494 3161 554 3236 per
571 3140 725 3211 clericum
736 3139 930 3211 malueratur
947 3148 980 3208 et
997 3162 1057 3232 per
1072 3139 1236 3232 quendum
1251 3143 1404 3214 militem

251 3259 346 3308 suum
360 3240 568 3331 precipitatur
579 3235 618 3306 ab
631 3237 694 3307 alto
708 3235 819 3325 [¹322
831 3234 979 3325 oet.31].
1006 3237 1150 3330 Populus
1169 3246 1286 3310 autem
1309 3241 1407 3336 opidi

249 3335 355 3420 Tune„
373 3333 536 3406 intellecta
555 3357 638 3406 nece
655 3333 789 3424 domini
808 3343 950 3404 castrum
968 3333 1102 3408 invadit.
1149 3333 1260 3407 Misso
1281 3350 1407 3410 autem

251 3452 310 3525 pro
330 3429 555 3506 Bernensibus
580 3442 612 3501 et
636 3442 774 3524 repente
798 3430 1020 3521 venientibus,
1048 3435 1223 3526 tractisque
1252 3433 1408 3509 lumbus

251 3550 352 3620 super
369 3539 524 3618 castrum,
552 3528 707 3623 populum
724 3527 818 3600 Tune
836 3524 876 3598 ad
894 3531 996 3621 ipsius
1014 3527 1197 3600 Eberbardi
1214 3527 1407 3606 obedien-

250 3629 333 3696 oium
352 3636 543 3718 coegerunt.
570 3627 684 3719 Populi
702 3635 812 3697 autem
829 3626 965 3698 aliarum
977 3629 1210 3716 municionum
1230 3629 1408 3702 videntes

251 3745 289 3794 se
307 3722 405 3794 alium
424 3745 489 3794 non
507 3721 630 3794 babere
645 3723 823 3812 danninum„
841 3727 948 3816 ipsum
959 3724 1164 3796 concorditer
1175 3741 1408 3821 receperunt.

250 3820 360 3890 Antea
382 3831 492 3891 autem
516 3831 663 3916 tempore
679 3819 907 3894 Eberhardus²
926 3820 1010 3892 adeo
1034 3833 1125 3894 caste
1150 3833 1184 3892 et
1207 3839 1407 3897 nransuete

253 3920 347 4004 vixit„
371 3917 455 4011 quod
475 3921 635 4013 impotens
654 3916 857 3991 credebatur.
908 3920 1113 4014 Quapropter
1129 3920 1341 3996 Beruenses
1364 3923 1407 3995 ab

252 4037 292 4084 eo
309 4015 402 4085 Tune
425 4015 486 4088 sub
508 4039 549 4088 eo
573 4027 680 4110 pacto,
709 4020 736 4088 si
762 4019 833 4086 sine
857 4015 968 4089 liberis
993 4015 1183 4106 temneret,
1212 4030 1295 4110 post
1325 4027 1408 4092 eius

253 4124 388 4182 mortem
407 4125 565 4183 emerunt.
597 4115 658 4200 eri
677 4124 792 4206 postea
811 4115 929 4184 multos
947 4112 1067 4186 liberos
1086 4119 1292 4210 procreavit.
1327 4117 1410 4190 lm-

307 4233 336 4301 1)
357 4235 415 4290 sedi
433 4233 463 4289 B.
500 4234 530 4302 2)
550 4236 695 4291 Eberbardi
715 4238 742 4290 ll.
