3036 4822
242 201 588 266 csaomcuwetlttttttl
599 201 961 266 uiscuttttrttetmura
974 205 1154 268 cultuum.
1191 207 1259 286 391

84 381 87 390 '
133 381 285 552 nh,trano
310 381 585 456 mmeaelmmi.
613 379 809 459 Geroltseeir
836 391 1046 480 mpugnatur
1072 403 1091 456 a
1119 383 1351 458 Palatinarum

185 499 251 554 aur.

180 578 285 652 Anno
307 601 528 654 maecexav.
547 590 624 652 nate
646 590 722 655 suat
745 577 809 652 duo
831 577 978 655 iemelle¹
999 581 1033 652 in
1049 578 1128 654 villa
1144 575 1267 652 Birstat

132 689 224 752 naus
240 675 394 752 menum
417 699 483 750 nnn
507 675 621 772 praetr]
643 701 663 748 a
680 675 878 768 waratus,
901 699 965 772 qua
988 673 1147 752 monibus
1171 683 1266 750 erant

133 777 321 862 mannua,
348 779 638 869 quaramnomina
655 775 755 848 Anna
780 787 814 848 et
831 773 1018 864 catharina,
1040 795 1107 848 nan
1131 795 1266 869 semper

131 876 229 946 unius
247 872 439 960 voluntatis„
456 895 522 946 una
538 876 626 946 enirn
643 872 826 946 dormiente
843 875 946 948 altera
956 869 1125 966 vigilabat
1149 871 1264 946 Vixe-

132 980 208 1044 runt
225 967 323 1042 ambe
339 972 388 1042 sia
399 969 440 1040 ad
452 991 577 1044 novem
594 993 709 1044 annas.
737 969 895 1044 Obieruut
911 982 1021 1044 autem
1037 991 1125 1042 anno
1143 967 1261 1044 m.d.iii.

134 1090 196 1140 rma
214 1068 405 1162 postellam
422 1068 504 1140 inim
523 1072 661 1163 spatium
679 1073 820 1164 quinque
837 1069 1001 1142 hararum.

179 1163 285 1236 Anno
311 1164 387 1236 md.
413 1169 554 1240 crastina
582 1165 735 1238 eatlretlra
759 1167 846 1240 Petri
872 1165 952 1258 [leb.
981 1165 1045 1262 23]
1074 1161 1262 1238 Ludovieus

131 1262 349 1354 landgravius
366 1262 501 1352 Hassis,
519 1285 627 1355 gener
642 1262 779 1359 Philippi
795 1268 920 1340 remitis
933 1265 1081 1354 Palatini,
1098 1265 1132 1334 in
1149 1285 1263 1336 vana-

132 1363 220 1434 tiune
237 1379 324 1454 equo
342 1359 457 1434 eeaidit
473 1371 507 1434 et
524 1359 752 1435 miserabiliter
768 1366 870 1434 vitam
887 1362 999 1437 timuit.

179 1459 284 1532 Anno
300 1457 398 1530 m.d.i.
415 1457 493 1530 abiit
508 1459 726 1532 illustrissima
743 1457 873 1532 damma
887 1457 1112 1552 Magantia„
1128 1457 1261 1532 ducissa

131 1555 289 1644 Bavariu
306 1576 392 1628 uxor
406 1554 543 1651 Philippi
560 1559 685 1630 comitis
703 1557 838 1630 Palatini
855 1556 908 1628 die
925 1579 1008 1632 xxv.
1025 1557 1170 1630 ianuarii.

281 1652 329 1724 Te
345 1653 466 1726 Paulus
483 1657 602 1748 rapuit
620 1653 717 1728 divus
735 1656 853 1749 sepelit
869 1653 1072 1750 Policarpum

331 1749 421 1824 Gens
439 1761 493 1824 tua
512 1761 544 1826 te
561 1773 748 1826 memorans
766 1747 894 1826 fletibus
913 1773 970 1824 ora
987 1756 1088 1845 rigat,

845 1845 1064 1940 (Wrirdtweitt
1084 1849 1116 1940 8,
1134 1853 1262 1946 loli)

494 2053 776 2062 -ο-σ-ι--ι-ι-ι-ψ-
787 2051 899 2062 *aa

131 2191 283 2266 aaran
308 2190 574 2266 mammeas
598 2166 980 2266 uaauurmnusus.
1030 2191 1260 2269 ser-rasa.

634 2336 758 2352 u-nufl-

182 2423 282 2498 Anno
293 2409 448 2498 drosela.
463 2423 548 2518 [961
559 2429 622 2498 mai
630 2425 694 2518 26]
707 2423 907 2499 Willrelmus
918 2423 1183 2594 arehiepiscogus
1192 2365 1260 2498 xiii

129 2523 279 2596 Sarranis
291 2519 371 2613 dum
389 2521 514 2596 Ottanis
526 2527 619 2618 primi
629 2525 835 2619 imperatoris
847 2523 945 2614 filins,
962 2523 1097 2595 stenem
1138 2532 1261 2597 mnam

131 2621 235 2713 elegit
251 2632 285 2694 et
300 2623 334 2694 in
350 2643 468 2713 regem
486 2625 667 2694 eoronavii.
692 2623 928 2721 Quaproptera
946 2631 1039 2716 patre
1049 2619 1262 2712 Maenaliam

129 2717 281 2810 Pingiam
305 2729 338 2789 et
353 2715 564 2810 Rinigoviam
588 2741 662 2791 eum
686 2719 757 2791 aliis
779 2715 903 2791 iuribus
921 2728 954 2790 et
969 2717 1153 2814 primlegiis
1174 2717 1262 2792 done

129 2818 267 2909 sucepit.
294 2813 484 2904 (saumana
501 2817 632 2908 Bleinq.
648 2817 779 2890 Altertlt.
795 2821 817 2886 7
834 2835 896 2888 uus
907 2817 1069 2888 einemlis
1080 2815 1269 2904 miiselos

129 2911 652 3008 maotd[†1160]ru·cttanden,
672 2913 1262 3006 tm12.talrlunuert9asctrutanen

130 3013 347 3082 samiolum
363 3015 423 3082 dar
441 3012 876 3104 erziircliseeonllainz.)
1249 3073 1253 3081 .

182 3105 386 3200 [ttae-84]
415 3107 582 3181 Veniente
616 3108 833 3202 [Erfurdiam]
869 3111 1024 3202 episeopo
1056 3107 1262 3199 [Wernheru

128 3205 342 3299 Muguniino]
368 3205 500 3278 obviam
523 3211 686 3303 processit
703 3211 732 3278 ei
751 3209 860 3280 oleras
878 3227 951 3278 eum
969 3225 1091 3296 magna
1108 3208 1261 3280 remitiva

128 3299 290 3376 baronum
307 3313 395 3388 terre
414 3315 447 3376 et
461 3304 668 3396 lantgravius
679 3305 836 3400 Turingr‘e
850 3325 924 3376 aum
941 3306 1149 3400 septuaginta
1233 3307 1241 3324 ⁰

128 3400 277 3474 faleratis
295 3412 328 3472 et
344 3425 466 3494 magno
484 3413 623 3496 sumptu.
661 3401 808 3498 Cumque
826 3404 977 3475 venisset
995 3398 1036 3472 ad
1053 3405 1177 3473 curiam
1216 3424 1261 3473 e-

129 3497 470 3596 scenditepisaepus.
509 3499 730 3592 lantgravius
756 3520 840 3573 vere
868 3511 986 3572 lenens
1014 3509 1159 3594 strepam
1185 3503 1262 3595 equi

128 3596 530 3767 tlttlltttltltt
547 3593 1261 3767 ttttt'tttlttlimittit

129 3801 208 3864 ante
227 3791 316 3864 iilum
341 3795 436 3862 etiam
462 3793 572 3865 clerus
590 3803 624 3864 et
640 3717 779 3888 pgpulus
798 3793 947 3864 civitatis.
983 3789 1159 3885 Postquam
1176 3747 1261 3862 vere

129 3894 288 3962 intrasset
305 3888 496 3980 aeclesiam,
519 3889 669 3964 eansedit
685 3889 950 3984 arehiepisoopus
968 3887 1157 3960 alienanda
1174 3907 1260 3958 aan-

128 3984 259 4058 tabatur
275 3987 418 4083 hymnus
437 3985 617 4061 dominicus
636 4011 710 4060 eum
727 3989 939 4083 responsorio
957 3993 990 4056 et
1007 3983 1154 4056 milesia.
1186 3985 1262 4076 Quo

128 4082 220 4156 finito
236 4102 311 4158 eam
328 4105 452 4177 magna
468 4087 686 4178 gratulatione
697 4095 730 4156 et
744 4083 904 4158 hilaritate
920 4097 1037 4157 ornnes
1054 4083 1108 4178 qut
1125 4081 1262 4156 alaram

187 4213 215 4284 i)
234 4213 419 4272 Wtrdtwaiu:
439 4215 550 4272 iemella.
