<?xml version="1.0" encoding="UTF-8"?>
<!DOCTYPE html PUBLIC "-//W3C//DTD XHTML 1.0 Transitional//EN"
    "http://www.w3.org/TR/xhtml1/DTD/xhtml1-transitional.dtd">
<html xmlns="http://www.w3.org/1999/xhtml" xml:lang="en" lang="en">
 <head>
  <title>
</title>
<meta http-equiv="Content-Type" content="text/html;charset=utf-8" />
  <meta name='ocr-system' content='tesseract 3.04.00' />
  <meta name='ocr-capabilities' content='ocr_page ocr_carea ocr_par ocr_line ocrx_word'/>
</head>
<body>
  <div class='ocr_page' id='page_1' title='image "./fontesrerumgerm01hubegoog_0799.png"; bbox 0 0 2982 4824; ppageno 0'>
   <div class='ocr_carea' id='block_1_1' title="bbox 236 248 1086 330">
    <p class='ocr_par' dir='ltr' id='par_1_1' title="bbox 236 248 1086 330">
     <span class='ocr_line' id='line_1_1' title="bbox 236 248 1086 330; baseline -0.009 -20"><span class='ocrx_word' id='word_1_1' title='bbox 236 253 308 330; x_wconf 77' lang='lat'>724</span> <span class='ocrx_word' id='word_1_2' title='bbox 518 249 802 308; x_wconf 84' lang='lat' dir='ltr'>usnvoancuncsn</span> <span class='ocrx_word' id='word_1_3' title='bbox 822 249 889 306; x_wconf 90' lang='lat' dir='ltr'>uuo</span> <span class='ocrx_word' id='word_1_4' title='bbox 908 248 1086 308; x_wconf 81' lang='lat' dir='ltr'>zusnarzu.</span> 
     </span>
    </p>
   </div>
   <div class='ocr_carea' id='block_1_2' title="bbox 228 425 1414 2754">
    <p class='ocr_par' dir='ltr' id='par_1_2' title="bbox 228 425 1414 2754">
     <span class='ocr_line' id='line_1_2' title="bbox 235 425 1372 498; baseline 0.007 -18"><span class='ocrx_word' id='word_1_5' title='bbox 235 425 301 481; x_wconf 90' lang='lat' dir='ltr'>alias</span> <span class='ocrx_word' id='word_1_6' title='bbox 320 425 397 481; x_wconf 89' lang='lat' dir='ltr'>annis</span> <span class='ocrx_word' id='word_1_7' title='bbox 410 425 456 495; x_wconf 85' lang='lat' dir='ltr'>vii,</span> <span class='ocrx_word' id='word_1_8' title='bbox 475 425 541 481; x_wconf 88' lang='lat' dir='ltr'>alias</span> <span class='ocrx_word' id='word_1_9' title='bbox 554 428 581 482; x_wconf 91' lang='lat' dir='ltr'>S.</span> <span class='ocrx_word' id='word_1_10' title='bbox 597 457 629 466; x_wconf 93' lang='lat'><em>—</em></span> <span class='ocrx_word' id='word_1_11' title='bbox 645 427 726 497; x_wconf 69' lang='grc'><strong>3323</strong></span> <span class='ocrx_word' id='word_1_12' title='bbox 740 428 898 486; x_wconf 86' lang='lat' dir='ltr'>Gerolorum</span> <span class='ocrx_word' id='word_1_13' title='bbox 912 429 939 484; x_wconf 88' lang='lat' dir='ltr'>S.</span> <span class='ocrx_word' id='word_1_14' title='bbox 953 459 988 470; x_wconf 90' lang='lat'>—-</span> <span class='ocrx_word' id='word_1_15' title='bbox 1003 427 1102 498; x_wconf 86' lang='grc'><strong>33239</strong></span> <span class='ocrx_word' id='word_1_16' title='bbox 1115 447 1147 485; x_wconf 88' lang='lat' dir='ltr'>ea</span> <span class='ocrx_word' id='word_1_17' title='bbox 1164 445 1251 488; x_wconf 87' lang='lat' dir='ltr'>annos</span> <span class='ocrx_word' id='word_1_18' title='bbox 1266 449 1330 487; x_wconf 85' lang='lat' dir='ltr'>xxv.</span> <span class='ocrx_word' id='word_1_19' title='bbox 1345 435 1372 488; x_wconf 91' lang='lat' dir='ltr'>S.</span> 
     </span>
     <span class='ocr_line' id='line_1_3' title="bbox 235 512 1374 588; baseline 0.007 -22"><span class='ocrx_word' id='word_1_20' title='bbox 235 543 268 552; x_wconf 86' lang='lat'><em>-</em></span> <span class='ocrx_word' id='word_1_21' title='bbox 288 512 476 584; x_wconf 76' lang='grc'><strong>335202126</strong></span> <span class='ocrx_word' id='word_1_22' title='bbox 495 514 653 572; x_wconf 88' lang='lat' dir='ltr'>Einhardus.</span> <span class='ocrx_word' id='word_1_23' title='bbox 667 547 700 555; x_wconf 93' lang='lat'><strong>—</strong></span> <span class='ocrx_word' id='word_1_24' title='bbox 720 515 817 586; x_wconf 83' lang='lat'><strong>335,35</strong></span> <span class='ocrx_word' id='word_1_25' title='bbox 836 532 922 588; x_wconf 85' lang='lat' dir='ltr'>pagus</span> <span class='ocrx_word' id='word_1_26' title='bbox 941 515 958 571; x_wconf 90' lang='lat' dir='ltr'>i.</span> <span class='ocrx_word' id='word_1_27' title='bbox 978 534 1001 571; x_wconf 88' lang='lat' dir='ltr'>e.</span> <span class='ocrx_word' id='word_1_28' title='bbox 1020 516 1091 586; x_wconf 89' lang='lat' dir='ltr'>villa,</span> <span class='ocrx_word' id='word_1_29' title='bbox 1108 533 1177 588; x_wconf 78' lang='lat' dir='ltr'>quoe</span> <span class='ocrx_word' id='word_1_30' title='bbox 1190 519 1217 572; x_wconf 92' lang='lat' dir='ltr'>S.</span> <span class='ocrx_word' id='word_1_31' title='bbox 1239 549 1270 557; x_wconf 90' lang='lat'><strong>—</strong></span> <span class='ocrx_word' id='word_1_32' title='bbox 1290 517 1374 588; x_wconf 81' lang='lat' dir='ltr'>3³S,b</span> 
     </span>
     <span class='ocr_line' id='line_1_4' title="bbox 235 597 1370 673; baseline 0.005 -21"><span class='ocrx_word' id='word_1_33' title='bbox 235 597 311 652; x_wconf 88' lang='lat' dir='ltr'>annis</span> <span class='ocrx_word' id='word_1_34' title='bbox 335 598 401 654; x_wconf 89' lang='lat' dir='ltr'>xxxi</span> <span class='ocrx_word' id='word_1_35' title='bbox 425 599 490 655; x_wconf 89' lang='lat' dir='ltr'>alias</span> <span class='ocrx_word' id='word_1_36' title='bbox 515 617 558 655; x_wconf 90' lang='lat' dir='ltr'>xv.</span> <span class='ocrx_word' id='word_1_37' title='bbox 578 601 605 656; x_wconf 92' lang='lat' dir='ltr'>S.</span> <span class='ocrx_word' id='word_1_38' title='bbox 631 631 664 640; x_wconf 88' lang='lat'><em>-</em></span> <span class='ocrx_word' id='word_1_39' title='bbox 689 601 788 670; x_wconf 87' lang='grc'><strong>33833</strong></span> <span class='ocrx_word' id='word_1_40' title='bbox 813 601 937 673; x_wconf 90' lang='lat' dir='ltr'>Sepultus</span> <span class='ocrx_word' id='word_1_41' title='bbox 963 602 997 658; x_wconf 86' lang='lat' dir='ltr'>cd</span> <span class='ocrx_word' id='word_1_42' title='bbox 1021 607 1142 658; x_wconf 91' lang='lat' dir='ltr'>sanctum</span> <span class='ocrx_word' id='word_1_43' title='bbox 1160 602 1318 658; x_wconf 90' lang='lat' dir='ltr'>Widonem.</span> <span class='ocrx_word' id='word_1_44' title='bbox 1341 633 1370 643; x_wconf 86' lang='lat'>-</span> 
     </span>
     <span class='ocr_line' id='line_1_5' title="bbox 234 680 1373 759; baseline 0.008 -24"><span class='ocrx_word' id='word_1_45' title='bbox 234 680 328 750; x_wconf 82' lang='lat'>34⁰,21</span> <span class='ocrx_word' id='word_1_46' title='bbox 358 683 437 740; x_wconf 89' lang='lat' dir='ltr'>donis</span> <span class='ocrx_word' id='word_1_47' title='bbox 463 701 510 742; x_wconf 89' lang='lat' dir='ltr'>scu</span> <span class='ocrx_word' id='word_1_48' title='bbox 538 685 658 741; x_wconf 80' lang='lat' dir='ltr'>edificiis.</span> <span class='ocrx_word' id='word_1_49' title='bbox 681 717 709 726; x_wconf 92' lang='lat'><em>-</em></span> <span class='ocrx_word' id='word_1_50' title='bbox 737 687 871 756; x_wconf 73' lang='grc'><strong>3402911.</strong></span> <span class='ocrx_word' id='word_1_51' title='bbox 891 687 924 742; x_wconf 88' lang='lat' dir='ltr'>ab</span> <span class='ocrx_word' id='word_1_52' title='bbox 944 687 1043 743; x_wconf 90' lang='lat' dir='ltr'>llelena</span> <span class='ocrx_word' id='word_1_53' title='bbox 1068 687 1234 759; x_wconf 74' lang='lat' dir='ltr'><strong>imperatrice</strong></span> <span class='ocrx_word' id='word_1_54' title='bbox 1253 687 1289 742; x_wconf 89' lang='lat' dir='ltr'>de</span> <span class='ocrx_word' id='word_1_55' title='bbox 1306 687 1373 744; x_wconf 81' lang='lat' dir='ltr'>Per-</span> 
     </span>
     <span class='ocr_line' id='line_1_6' title="bbox 234 763 1374 844; baseline 0.01 -26"><span class='ocrx_word' id='word_1_56' title='bbox 234 763 293 819; x_wconf 90' lang='lat' dir='ltr'>side</span> <span class='ocrx_word' id='word_1_57' title='bbox 313 767 565 841; x_wconf 68' lang='lat' dir='ltr'>Constantinopolin</span> <span class='ocrx_word' id='word_1_58' title='bbox 585 813 591 826; x_wconf 96' lang='lat'>.</span> <span class='ocrx_word' id='word_1_59' title='bbox 612 811 618 826; x_wconf 89' lang='lat'>.</span> <span class='ocrx_word' id='word_1_60' title='bbox 638 812 644 825; x_wconf 94' lang='lat'>.</span> <span class='ocrx_word' id='word_1_61' title='bbox 664 771 804 842; x_wconf 80' lang='lat' dir='ltr'>haynoldo</span> <span class='ocrx_word' id='word_1_62' title='bbox 831 771 1035 844; x_wconf 74' lang='lat' dir='ltr'>archiepiscopo</span> <span class='ocrx_word' id='word_1_63' title='bbox 1062 789 1096 826; x_wconf 90' lang='lat' dir='ltr'>ex</span> <span class='ocrx_word' id='word_1_64' title='bbox 1121 772 1206 841; x_wconf 85' lang='lat' dir='ltr'>gratia</span> <span class='ocrx_word' id='word_1_65' title='bbox 1233 779 1259 827; x_wconf 90' lang='lat' dir='ltr'>ct</span> <span class='ocrx_word' id='word_1_66' title='bbox 1282 773 1374 828; x_wconf 82' lang='lat' dir='ltr'>doas-</span> 
     </span>
     <span class='ocr_line' id='line_1_7' title="bbox 235 850 1372 931; baseline 0.007 -25"><span class='ocrx_word' id='word_1_67' title='bbox 235 850 308 906; x_wconf 88' lang='lat' dir='ltr'>tione</span> <span class='ocrx_word' id='word_1_68' title='bbox 332 853 406 922; x_wconf 89' lang='lat' dir='ltr'>regia</span> <span class='ocrx_word' id='word_1_69' title='bbox 432 855 458 910; x_wconf 89' lang='lat' dir='ltr'>in</span> <span class='ocrx_word' id='word_1_70' title='bbox 478 855 617 912; x_wconf 86' lang='lat' dir='ltr'>Coloniam</span> <span class='ocrx_word' id='word_1_71' title='bbox 644 862 707 912; x_wconf 88' lang='lat' dir='ltr'>sunt</span> <span class='ocrx_word' id='word_1_72' title='bbox 732 856 808 912; x_wconf 87' lang='lat' dir='ltr'>allata</span> <span class='ocrx_word' id='word_1_73' title='bbox 828 859 854 912; x_wconf 91' lang='lat' dir='ltr'>S.</span> <span class='ocrx_word' id='word_1_74' title='bbox 875 887 907 896; x_wconf 89' lang='lat'><em>-</em></span> <span class='ocrx_word' id='word_1_75' title='bbox 933 855 1031 926; x_wconf 80' lang='lat'>341,15</span> <span class='ocrx_word' id='word_1_76' title='bbox 1051 858 1119 929; x_wconf 93' lang='lat' dir='ltr'>Spir.</span> <span class='ocrx_word' id='word_1_77' title='bbox 1139 859 1204 914; x_wconf 88' lang='lat' dir='ltr'>ecel.</span> <span class='ocrx_word' id='word_1_78' title='bbox 1223 859 1372 931; x_wconf 87' lang='lat' dir='ltr'>episcopus</span> 
     </span>
     <span class='ocr_line' id='line_1_8' title="bbox 233 937 1373 1018; baseline 0.009 -28"><span class='ocrx_word' id='word_1_79' title='bbox 233 937 335 993; x_wconf 88' lang='lat' dir='ltr'>resedit</span> <span class='ocrx_word' id='word_1_80' title='bbox 352 939 379 994; x_wconf 90' lang='lat' dir='ltr'>in</span> <span class='ocrx_word' id='word_1_81' title='bbox 399 957 430 995; x_wconf 91' lang='lat' dir='ltr'>ea</span> <span class='ocrx_word' id='word_1_82' title='bbox 450 941 526 996; x_wconf 88' lang='lat' dir='ltr'>annis</span> <span class='ocrx_word' id='word_1_83' title='bbox 546 959 606 998; x_wconf 86' lang='lat' dir='ltr'>xxv.</span> <span class='ocrx_word' id='word_1_84' title='bbox 626 943 653 997; x_wconf 88' lang='lat' dir='ltr'>S.</span> <span class='ocrx_word' id='word_1_85' title='bbox 674 977 705 986; x_wconf 88' lang='grc'>-</span> <span class='ocrx_word' id='word_1_86' title='bbox 732 943 830 1013; x_wconf 74' lang='grc'><strong>34139</strong></span> <span class='ocrx_word' id='word_1_87' title='bbox 850 943 1019 1000; x_wconf 88' lang='lat' dir='ltr'>obediturum</span> <span class='ocrx_word' id='word_1_88' title='bbox 1039 947 1066 1000; x_wconf 90' lang='lat' dir='ltr'>S.</span> <span class='ocrx_word' id='word_1_89' title='bbox 1085 975 1119 983; x_wconf 94' lang='lat'><em>-</em></span> <span class='ocrx_word' id='word_1_90' title='bbox 1144 943 1224 1014; x_wconf 83' lang='grc'><strong>3463</strong></span> <span class='ocrx_word' id='word_1_91' title='bbox 1242 951 1309 1018; x_wconf 89' lang='lat' dir='ltr'>potu</span> <span class='ocrx_word' id='word_1_92' title='bbox 1331 945 1373 1000; x_wconf 91' lang='lat' dir='ltr'>ci-</span> 
     </span>
     <span class='ocr_line' id='line_1_9' title="bbox 233 1019 1371 1101; baseline 0.009 -26"><span class='ocrx_word' id='word_1_93' title='bbox 233 1019 328 1096; x_wconf 80' lang='lat' dir='ltr'>bisque</span> <span class='ocrx_word' id='word_1_94' title='bbox 341 1027 367 1082; x_wconf 85' lang='lat' dir='ltr'>S·</span> <span class='ocrx_word' id='word_1_95' title='bbox 383 1055 417 1064; x_wconf 82' lang='grc'>·-</span> <span class='ocrx_word' id='word_1_96' title='bbox 432 1025 527 1096; x_wconf 77' lang='grc'><strong>34631</strong></span> <span class='ocrx_word' id='word_1_97' title='bbox 549 1043 654 1082; x_wconf 91' lang='lat' dir='ltr'>omnem</span> <span class='ocrx_word' id='word_1_98' title='bbox 674 1027 772 1083; x_wconf 89' lang='lat' dir='ltr'>olerum</span> <span class='ocrx_word' id='word_1_99' title='bbox 791 1028 857 1083; x_wconf 78' lang='lat' dir='ltr'>etich</span> <span class='ocrx_word' id='word_1_100' title='bbox 874 1029 901 1084; x_wconf 88' lang='lat' dir='ltr'>S.</span> <span class='ocrx_word' id='word_1_101' title='bbox 918 1057 949 1066; x_wconf 82' lang='lat'>·—</span> <span class='ocrx_word' id='word_1_102' title='bbox 966 1027 1064 1096; x_wconf 74' lang='grc'><strong>34638</strong></span> <span class='ocrx_word' id='word_1_103' title='bbox 1081 1029 1252 1101; x_wconf 80' lang='lat' dir='ltr'>sarcophago</span> <span class='ocrx_word' id='word_1_104' title='bbox 1272 1029 1371 1086; x_wconf 89' lang='lat' dir='ltr'>blanco</span> 
     </span>
     <span class='ocr_line' id='line_1_10' title="bbox 234 1111 1371 1186; baseline 0.002 -18"><span class='ocrx_word' id='word_1_105' title='bbox 234 1113 262 1168; x_wconf 89' lang='lat' dir='ltr'>S.</span> <span class='ocrx_word' id='word_1_106' title='bbox 279 1145 309 1156; x_wconf 92' lang='lat'><em>-</em></span> <span class='ocrx_word' id='word_1_107' title='bbox 326 1112 424 1182; x_wconf 78' lang='grc'><strong>34736</strong></span> <span class='ocrx_word' id='word_1_108' title='bbox 443 1111 587 1186; x_wconf 87' lang='lat' dir='ltr'>episcopus</span> <span class='ocrx_word' id='word_1_109' title='bbox 608 1112 708 1170; x_wconf 89' lang='lat' dir='ltr'>electus</span> <span class='ocrx_word' id='word_1_110' title='bbox 724 1114 757 1167; x_wconf 94' lang='lat' dir='ltr'>ad</span> <span class='ocrx_word' id='word_1_111' title='bbox 776 1113 958 1186; x_wconf 91' lang='lat' dir='ltr'>episcopatum</span> <span class='ocrx_word' id='word_1_112' title='bbox 978 1131 1048 1169; x_wconf 88' lang='lat' dir='ltr'>anno</span> <span class='ocrx_word' id='word_1_113' title='bbox 1068 1113 1169 1168; x_wconf 80' lang='lat' dir='ltr'>donnini</span> <span class='ocrx_word' id='word_1_114' title='bbox 1185 1131 1219 1168; x_wconf 91' lang='lat' dir='ltr'>m.</span> <span class='ocrx_word' id='word_1_115' title='bbox 1234 1114 1280 1168; x_wconf 89' lang='lat' dir='ltr'>hat</span> <span class='ocrx_word' id='word_1_116' title='bbox 1299 1115 1371 1170; x_wconf 84' lang='lat' dir='ltr'>noch</span> 
     </span>
     <span class='ocr_line' id='line_1_11' title="bbox 234 1197 1371 1271; baseline 0.004 -20"><span class='ocrx_word' id='word_1_117' title='bbox 234 1197 260 1252; x_wconf 88' lang='lat' dir='ltr'>S.</span> <span class='ocrx_word' id='word_1_118' title='bbox 277 1229 309 1238; x_wconf 83' lang='lat'><em>-</em></span> <span class='ocrx_word' id='word_1_119' title='bbox 322 1198 403 1270; x_wconf 76' lang='grc'><strong>3483</strong></span> <span class='ocrx_word' id='word_1_120' title='bbox 423 1199 601 1256; x_wconf 82' lang='lat' dir='ltr'>mccooxxii.</span> <span class='ocrx_word' id='word_1_121' title='bbox 617 1201 644 1254; x_wconf 91' lang='lat' dir='ltr'>S.</span> <span class='ocrx_word' id='word_1_122' title='bbox 660 1231 693 1240; x_wconf 82' lang='lat'><em>-</em></span> <span class='ocrx_word' id='word_1_123' title='bbox 706 1199 807 1269; x_wconf 78' lang='grc'><strong>34838</strong></span> <span class='ocrx_word' id='word_1_124' title='bbox 826 1199 972 1255; x_wconf 87' lang='lat' dir='ltr'>devastavit</span> <span class='ocrx_word' id='word_1_125' title='bbox 990 1204 1017 1254; x_wconf 88' lang='lat' dir='ltr'>et</span> <span class='ocrx_word' id='word_1_126' title='bbox 1034 1199 1209 1271; x_wconf 89' lang='lat' dir='ltr'>consumpsit.</span> <span class='ocrx_word' id='word_1_127' title='bbox 1228 1231 1258 1238; x_wconf 95' lang='lat'>-</span> <span class='ocrx_word' id='word_1_128' title='bbox 1271 1199 1371 1270; x_wconf 69' lang='grc'><strong>34836</strong></span> 
     </span>
     <span class='ocr_line' id='line_1_12' title="bbox 233 1283 1370 1356; baseline 0.003 -19"><span class='ocrx_word' id='word_1_129' title='bbox 233 1289 261 1336; x_wconf 90' lang='lat' dir='ltr'>et</span> <span class='ocrx_word' id='word_1_130' title='bbox 279 1283 327 1339; x_wconf 91' lang='lat' dir='ltr'>toti</span> <span class='ocrx_word' id='word_1_131' title='bbox 348 1284 450 1340; x_wconf 85' lang='lat' dir='ltr'>diocesi</span> <span class='ocrx_word' id='word_1_132' title='bbox 474 1285 510 1340; x_wconf 90' lang='lat' dir='ltr'>ist</span> <span class='ocrx_word' id='word_1_133' title='bbox 528 1301 561 1340; x_wconf 85' lang='lat' dir='ltr'>nu</span> <span class='ocrx_word' id='word_1_134' title='bbox 587 1285 681 1356; x_wconf 84' lang='lat' dir='ltr'>tilgen,</span> <span class='ocrx_word' id='word_1_135' title='bbox 707 1285 784 1341; x_wconf 83' lang='lat' dir='ltr'>dalttr</span> <span class='ocrx_word' id='word_1_136' title='bbox 802 1302 825 1339; x_wconf 84' lang='lat' dir='ltr'>a.</span> <span class='ocrx_word' id='word_1_137' title='bbox 843 1285 880 1340; x_wconf 84' lang='grc'><strong>28</strong></span> <span class='ocrx_word' id='word_1_138' title='bbox 898 1291 925 1338; x_wconf 90' lang='lat' dir='ltr'>et</span> <span class='ocrx_word' id='word_1_139' title='bbox 942 1285 992 1340; x_wconf 90' lang='lat' dir='ltr'>toti</span> <span class='ocrx_word' id='word_1_140' title='bbox 1012 1288 1059 1352; x_wconf 83' lang='lat' dir='ltr'>(st</span> <span class='ocrx_word' id='word_1_141' title='bbox 1078 1287 1186 1351; x_wconf 85' lang='lat' dir='ltr'>eorum)</span> <span class='ocrx_word' id='word_1_142' title='bbox 1212 1283 1317 1339; x_wconf 79' lang='lat' dir='ltr'>diocesi</span> <span class='ocrx_word' id='word_1_143' title='bbox 1337 1303 1370 1340; x_wconf 80' lang='lat' dir='ltr'>aa</span> 
     </span>
     <span class='ocr_line' id='line_1_13' title="bbox 236 1361 1371 1440; baseline 0.003 -19"><span class='ocrx_word' id='word_1_144' title='bbox 236 1368 318 1424; x_wconf 89' lang='lat' dir='ltr'>lesen.</span> <span class='ocrx_word' id='word_1_145' title='bbox 339 1401 373 1410; x_wconf 90' lang='lat'>-—</span> <span class='ocrx_word' id='word_1_146' title='bbox 392 1371 516 1440; x_wconf 70' lang='grc'><strong>349316</strong></span> <span class='ocrx_word' id='word_1_147' title='bbox 535 1361 658 1440; x_wconf 83' lang='lat' dir='ltr'>vestigiis</span> <span class='ocrx_word' id='word_1_148' title='bbox 677 1387 821 1428; x_wconf 89' lang='lat' dir='ltr'>murorum.</span> <span class='ocrx_word' id='word_1_149' title='bbox 842 1399 874 1410; x_wconf 90' lang='lat'>-—</span> <span class='ocrx_word' id='word_1_150' title='bbox 894 1369 992 1440; x_wconf 63' lang='grc'><strong>34936</strong></span> <span class='ocrx_word' id='word_1_151' title='bbox 1011 1369 1056 1425; x_wconf 90' lang='lat' dir='ltr'>Bei</span> <span class='ocrx_word' id='word_1_152' title='bbox 1076 1369 1268 1438; x_wconf 84' lang='lat' dir='ltr'>Senclrenberg</span> <span class='ocrx_word' id='word_1_153' title='bbox 1286 1369 1371 1424; x_wconf 79' lang='lat' dir='ltr'>laetat</span> 
     </span>
     <span class='ocr_line' id='line_1_14' title="bbox 233 1455 1369 1526; baseline -0.003 -14"><span class='ocrx_word' id='word_1_154' title='bbox 233 1458 281 1514; x_wconf 90' lang='lat' dir='ltr'>der</span> <span class='ocrx_word' id='word_1_155' title='bbox 299 1455 403 1512; x_wconf 89' lang='lat' dir='ltr'>schluss</span> <span class='ocrx_word' id='word_1_156' title='bbox 424 1457 622 1513; x_wconf 82' lang='lat' dir='ltr'>tiberlletthias</span> <span class='ocrx_word' id='word_1_157' title='bbox 637 1457 758 1526; x_wconf 85' lang='lat' dir='ltr'>llamung</span> <span class='ocrx_word' id='word_1_158' title='bbox 777 1457 842 1512; x_wconf 86' lang='lat' dir='ltr'>nach</span> <span class='ocrx_word' id='word_1_159' title='bbox 864 1464 954 1512; x_wconf 87' lang='lat' dir='ltr'>octava</span> <span class='ocrx_word' id='word_1_160' title='bbox 968 1457 1011 1511; x_wconf 91' lang='lat' dir='ltr'>die</span> <span class='ocrx_word' id='word_1_161' title='bbox 1031 1455 1131 1511; x_wconf 86' lang='lat' dir='ltr'>mensis</span> <span class='ocrx_word' id='word_1_162' title='bbox 1150 1456 1274 1524; x_wconf 89' lang='lat' dir='ltr'>augusti:</span> <span class='ocrx_word' id='word_1_163' title='bbox 1293 1455 1369 1510; x_wconf 78' lang='lat' dir='ltr'>llum</span> 
     </span>
     <span class='ocr_line' id='line_1_15' title="bbox 233 1541 1369 1615; baseline -0.004 -17"><span class='ocrx_word' id='word_1_164' title='bbox 233 1543 299 1598; x_wconf 90' lang='lat' dir='ltr'>deus</span> <span class='ocrx_word' id='word_1_165' title='bbox 319 1543 448 1615; x_wconf 88' lang='lat' dir='ltr'>sospitem</span> <span class='ocrx_word' id='word_1_166' title='bbox 468 1549 611 1600; x_wconf 88' lang='lat' dir='ltr'>conservet</span> <span class='ocrx_word' id='word_1_167' title='bbox 629 1549 707 1615; x_wconf 90' lang='lat' dir='ltr'>cepto</span> <span class='ocrx_word' id='word_1_168' title='bbox 733 1559 840 1615; x_wconf 87' lang='lat' dir='ltr'>quoque</span> <span class='ocrx_word' id='word_1_169' title='bbox 859 1543 916 1598; x_wconf 86' lang='lat' dir='ltr'>eius</span> <span class='ocrx_word' id='word_1_170' title='bbox 941 1541 1054 1614; x_wconf 75' lang='lat' dir='ltr'>aspiret,</span> <span class='ocrx_word' id='word_1_171' title='bbox 1078 1547 1108 1596; x_wconf 89' lang='lat' dir='ltr'>ut</span> <span class='ocrx_word' id='word_1_172' title='bbox 1134 1541 1274 1596; x_wconf 88' lang='lat' dir='ltr'>ecclesiam</span> <span class='ocrx_word' id='word_1_173' title='bbox 1293 1557 1369 1595; x_wconf 89' lang='lat' dir='ltr'>snam</span> 
     </span>
     <span class='ocr_line' id='line_1_16' title="bbox 232 1625 1367 1700; baseline -0.002 -16"><span class='ocrx_word' id='word_1_174' title='bbox 232 1645 265 1684; x_wconf 91' lang='lat' dir='ltr'>eo</span> <span class='ocrx_word' id='word_1_175' title='bbox 286 1643 340 1700; x_wconf 88' lang='lat' dir='ltr'>quo</span> <span class='ocrx_word' id='word_1_176' title='bbox 360 1625 431 1699; x_wconf 88' lang='lat' dir='ltr'>oepit</span> <span class='ocrx_word' id='word_1_177' title='bbox 448 1627 580 1696; x_wconf 84' lang='lat' dir='ltr'>regimine</span> <span class='ocrx_word' id='word_1_178' title='bbox 598 1645 647 1700; x_wconf 92' lang='lat' dir='ltr'>per</span> <span class='ocrx_word' id='word_1_179' title='bbox 664 1635 783 1699; x_wconf 89' lang='lat' dir='ltr'>tempora</span> <span class='ocrx_word' id='word_1_180' title='bbox 804 1627 921 1696; x_wconf 82' lang='lat' dir='ltr'>longene</span> <span class='ocrx_word' id='word_1_181' title='bbox 941 1625 1105 1696; x_wconf 74' lang='lat' dir='ltr'>(longeval)</span> <span class='ocrx_word' id='word_1_182' title='bbox 1124 1625 1272 1696; x_wconf 77' lang='lat' dir='ltr'>gubernet,</span> <span class='ocrx_word' id='word_1_183' title='bbox 1292 1633 1367 1698; x_wconf 90' lang='lat' dir='ltr'>opto.</span> 
     </span>
     <span class='ocr_line' id='line_1_17' title="bbox 233 1710 1366 1779; baseline -0.004 -11"><span class='ocrx_word' id='word_1_184' title='bbox 233 1712 334 1779; x_wconf 81' lang='lat' dir='ltr'>Quanta</span> <span class='ocrx_word' id='word_1_185' title='bbox 361 1712 430 1767; x_wconf 91' lang='lat' dir='ltr'>enirn</span> <span class='ocrx_word' id='word_1_186' title='bbox 456 1713 528 1768; x_wconf 84' lang='lat' dir='ltr'>bonu</span> <span class='ocrx_word' id='word_1_187' title='bbox 553 1711 668 1767; x_wconf 89' lang='lat' dir='ltr'>ecclesie</span> <span class='ocrx_word' id='word_1_188' title='bbox 693 1728 742 1767; x_wconf 89' lang='lat' dir='ltr'>sue</span> <span class='ocrx_word' id='word_1_189' title='bbox 767 1712 895 1767; x_wconf 88' lang='lat' dir='ltr'>hactenus</span> <span class='ocrx_word' id='word_1_190' title='bbox 916 1711 995 1766; x_wconf 89' lang='lat' dir='ltr'>luerit</span> <span class='ocrx_word' id='word_1_191' title='bbox 1014 1711 1133 1778; x_wconf 86' lang='lat' dir='ltr'>(lecerit)</span> <span class='ocrx_word' id='word_1_192' title='bbox 1152 1729 1213 1766; x_wconf 90' lang='lat' dir='ltr'>curn</span> <span class='ocrx_word' id='word_1_193' title='bbox 1231 1711 1257 1766; x_wconf 89' lang='lat' dir='ltr'>in</span> <span class='ocrx_word' id='word_1_194' title='bbox 1275 1710 1366 1765; x_wconf 79' lang='lat' dir='ltr'>divino</span> 
     </span>
     <span class='ocr_line' id='line_1_18' title="bbox 232 1796 1362 1869; baseline -0.006 -15"><span class='ocrx_word' id='word_1_195' title='bbox 232 1796 302 1854; x_wconf 87' lang='lat' dir='ltr'>cultu</span> <span class='ocrx_word' id='word_1_196' title='bbox 323 1798 446 1868; x_wconf 86' lang='lat' dir='ltr'>agendo,</span> <span class='ocrx_word' id='word_1_197' title='bbox 472 1805 525 1853; x_wconf 89' lang='lat' dir='ltr'>tam</span> <span class='ocrx_word' id='word_1_198' title='bbox 545 1797 571 1852; x_wconf 93' lang='lat' dir='ltr'>in</span> <span class='ocrx_word' id='word_1_199' title='bbox 590 1797 738 1869; x_wconf 87' lang='lat' dir='ltr'>privilegiis</span> <span class='ocrx_word' id='word_1_200' title='bbox 759 1803 785 1852; x_wconf 90' lang='lat' dir='ltr'>et</span> <span class='ocrx_word' id='word_1_201' title='bbox 802 1796 968 1852; x_wconf 80' lang='lat' dir='ltr'>libertatibus</span> <span class='ocrx_word' id='word_1_202' title='bbox 992 1796 1184 1852; x_wconf 83' lang='lat' dir='ltr'>ecclesiasticis</span> <span class='ocrx_word' id='word_1_203' title='bbox 1203 1811 1362 1854; x_wconf 76' lang='lat' dir='ltr'>conservan-</span> 
     </span>
     <span class='ocr_line' id='line_1_19' title="bbox 232 1877 1363 1954; baseline -0.003 -17"><span class='ocrx_word' id='word_1_204' title='bbox 232 1881 289 1952; x_wconf 90' lang='lat' dir='ltr'>dis,</span> <span class='ocrx_word' id='word_1_205' title='bbox 308 1890 362 1938; x_wconf 89' lang='lat' dir='ltr'>tum</span> <span class='ocrx_word' id='word_1_206' title='bbox 382 1883 497 1953; x_wconf 81' lang='lat' dir='ltr'>denique</span> <span class='ocrx_word' id='word_1_207' title='bbox 516 1882 542 1938; x_wconf 90' lang='lat' dir='ltr'>in</span> <span class='ocrx_word' id='word_1_208' title='bbox 562 1881 673 1938; x_wconf 85' lang='lat' dir='ltr'>edilvciis</span> <span class='ocrx_word' id='word_1_209' title='bbox 693 1882 871 1952; x_wconf 74' lang='lat' dir='ltr'>fabricandis,</span> <span class='ocrx_word' id='word_1_210' title='bbox 896 1899 947 1954; x_wconf 89' lang='lat' dir='ltr'>que</span> <span class='ocrx_word' id='word_1_211' title='bbox 966 1899 1014 1954; x_wconf 91' lang='lat' dir='ltr'>per</span> <span class='ocrx_word' id='word_1_212' title='bbox 1031 1881 1223 1952; x_wconf 78' lang='lat' dir='ltr'>negligentiam</span> <span class='ocrx_word' id='word_1_213' title='bbox 1240 1897 1269 1937; x_wconf 88' lang='lat' dir='ltr'>ac</span> <span class='ocrx_word' id='word_1_214' title='bbox 1285 1877 1363 1934; x_wconf 86' lang='lat' dir='ltr'>deei-</span> 
     </span>
     <span class='ocr_line' id='line_1_20' title="bbox 232 1965 1367 2039; baseline -0.002 -17"><span class='ocrx_word' id='word_1_215' title='bbox 232 1967 301 2022; x_wconf 89' lang='lat' dir='ltr'>diam</span> <span class='ocrx_word' id='word_1_216' title='bbox 321 1983 431 2022; x_wconf 91' lang='lat' dir='ltr'>suorum</span> <span class='ocrx_word' id='word_1_217' title='bbox 457 1968 678 2038; x_wconf 82' lang='lat' dir='ltr'>predecessorum</span> <span class='ocrx_word' id='word_1_218' title='bbox 699 1965 813 2036; x_wconf 88' lang='lat' dir='ltr'>abolita,</span> <span class='ocrx_word' id='word_1_219' title='bbox 840 1967 982 2039; x_wconf 89' lang='lat' dir='ltr'>interrupta</span> <span class='ocrx_word' id='word_1_220' title='bbox 1001 1983 1033 2022; x_wconf 90' lang='lat' dir='ltr'>ac</span> <span class='ocrx_word' id='word_1_221' title='bbox 1051 1983 1120 2039; x_wconf 90' lang='lat' dir='ltr'>pene</span> <span class='ocrx_word' id='word_1_222' title='bbox 1140 1967 1173 2022; x_wconf 89' lang='lat' dir='ltr'>ad</span> <span class='ocrx_word' id='word_1_223' title='bbox 1193 1965 1301 2022; x_wconf 89' lang='lat' dir='ltr'>nihilum</span> <span class='ocrx_word' id='word_1_224' title='bbox 1319 1981 1367 2020; x_wconf 86' lang='lat' dir='ltr'>re-</span> 
     </span>
     <span class='ocr_line' id='line_1_21' title="bbox 233 2050 1367 2125; baseline -0.003 -17"><span class='ocrx_word' id='word_1_225' title='bbox 233 2053 307 2109; x_wconf 87' lang='lat' dir='ltr'>dacta</span> <span class='ocrx_word' id='word_1_226' title='bbox 329 2054 451 2122; x_wconf 88' lang='lat' dir='ltr'>luerunt,</span> <span class='ocrx_word' id='word_1_227' title='bbox 476 2051 503 2108; x_wconf 92' lang='lat' dir='ltr'>in</span> <span class='ocrx_word' id='word_1_228' title='bbox 522 2051 661 2124; x_wconf 91' lang='lat' dir='ltr'>pristinum</span> <span class='ocrx_word' id='word_1_229' title='bbox 687 2053 823 2108; x_wconf 86' lang='lat' dir='ltr'>reduxerit</span> <span class='ocrx_word' id='word_1_230' title='bbox 841 2059 952 2124; x_wconf 87' lang='lat' dir='ltr'>statum,</span> <span class='ocrx_word' id='word_1_231' title='bbox 975 2059 1108 2125; x_wconf 91' lang='lat' dir='ltr'>pretereo.</span> <span class='ocrx_word' id='word_1_232' title='bbox 1146 2050 1367 2122; x_wconf 75' lang='lat' dir='ltr'>Quandoquidem</span> 
     </span>
     <span class='ocr_line' id='line_1_22' title="bbox 231 2136 1369 2214; baseline -0.003 -21"><span class='ocrx_word' id='word_1_233' title='bbox 231 2137 363 2194; x_wconf 90' lang='lat' dir='ltr'>interdum</span> <span class='ocrx_word' id='word_1_234' title='bbox 383 2137 469 2214; x_wconf 81' lang='lat' dir='ltr'>magis</span> <span class='ocrx_word' id='word_1_235' title='bbox 488 2137 628 2194; x_wconf 89' lang='lat' dir='ltr'>tacendum</span> <span class='ocrx_word' id='word_1_236' title='bbox 649 2144 690 2192; x_wconf 87' lang='lat' dir='ltr'>est</span> <span class='ocrx_word' id='word_1_237' title='bbox 708 2155 785 2208; x_wconf 83' lang='lat' dir='ltr'>quam</span> <span class='ocrx_word' id='word_1_238' title='bbox 804 2155 897 2210; x_wconf 91' lang='lat' dir='ltr'>parurn</span> <span class='ocrx_word' id='word_1_239' title='bbox 912 2155 943 2192; x_wconf 87' lang='lat' dir='ltr'>ac</span> <span class='ocrx_word' id='word_1_240' title='bbox 955 2137 1074 2210; x_wconf 89' lang='lat' dir='ltr'>imperite</span> <span class='ocrx_word' id='word_1_241' title='bbox 1093 2136 1232 2208; x_wconf 84' lang='lat' dir='ltr'>preclaros</span> <span class='ocrx_word' id='word_1_242' title='bbox 1247 2152 1280 2190; x_wconf 91' lang='lat' dir='ltr'>ac</span> <span class='ocrx_word' id='word_1_243' title='bbox 1299 2152 1369 2192; x_wconf 89' lang='lat' dir='ltr'>con-</span> 
     </span>
     <span class='ocr_line' id='line_1_23' title="bbox 230 2221 1367 2294; baseline -0.004 -15"><span class='ocrx_word' id='word_1_244' title='bbox 230 2229 352 2279; x_wconf 90' lang='lat' dir='ltr'>sumatos</span> <span class='ocrx_word' id='word_1_245' title='bbox 377 2222 451 2279; x_wconf 89' lang='lat' dir='ltr'>viros</span> <span class='ocrx_word' id='word_1_246' title='bbox 479 2223 675 2280; x_wconf 89' lang='lat' dir='ltr'>commendare.</span> <span class='ocrx_word' id='word_1_247' title='bbox 712 2223 830 2279; x_wconf 89' lang='lat' dir='ltr'>Preclara</span> <span class='ocrx_word' id='word_1_248' title='bbox 856 2221 938 2292; x_wconf 90' lang='lat' dir='ltr'>igitur</span> <span class='ocrx_word' id='word_1_249' title='bbox 966 2223 1044 2280; x_wconf 93' lang='lat' dir='ltr'>huius</span> <span class='ocrx_word' id='word_1_250' title='bbox 1073 2222 1226 2293; x_wconf 75' lang='lat' dir='ltr'>dignissimi</span> <span class='ocrx_word' id='word_1_251' title='bbox 1251 2221 1367 2294; x_wconf 71' lang='lat' dir='ltr'>presulis</span> 
     </span>
     <span class='ocr_line' id='line_1_24' title="bbox 232 2307 1365 2382; baseline -0.002 -18"><span class='ocrx_word' id='word_1_252' title='bbox 232 2309 350 2366; x_wconf 85' lang='lat' dir='ltr'>laciaora</span> <span class='ocrx_word' id='word_1_253' title='bbox 370 2316 396 2364; x_wconf 90' lang='lat' dir='ltr'>et</span> <span class='ocrx_word' id='word_1_254' title='bbox 415 2315 491 2378; x_wconf 87' lang='lat' dir='ltr'>gesta</span> <span class='ocrx_word' id='word_1_255' title='bbox 512 2309 705 2365; x_wconf 88' lang='lat' dir='ltr'>conscribenda</span> <span class='ocrx_word' id='word_1_256' title='bbox 725 2309 792 2378; x_wconf 79' lang='lat' dir='ltr'>niis,</span> <span class='ocrx_word' id='word_1_257' title='bbox 812 2310 855 2382; x_wconf 83' lang='lat' dir='ltr'>qui</span> <span class='ocrx_word' id='word_1_258' title='bbox 878 2327 908 2364; x_wconf 91' lang='lat' dir='ltr'>ea</span> <span class='ocrx_word' id='word_1_259' title='bbox 928 2315 1039 2375; x_wconf 87' lang='lat' dir='ltr'>norunt,</span> <span class='ocrx_word' id='word_1_260' title='bbox 1059 2307 1238 2379; x_wconf 81' lang='lat' dir='ltr'>grandiloquo</span> <span class='ocrx_word' id='word_1_261' title='bbox 1257 2324 1365 2364; x_wconf 85' lang='lat' dir='ltr'>exarare</span> 
     </span>
     <span class='ocr_line' id='line_1_25' title="bbox 230 2392 1366 2467; baseline -0.001 -19"><span class='ocrx_word' id='word_1_262' title='bbox 230 2394 301 2466; x_wconf 70' lang='lat' dir='ltr'>stylo</span> <span class='ocrx_word' id='word_1_263' title='bbox 321 2394 466 2450; x_wconf 89' lang='lat' dir='ltr'>committo.</span> <span class='ocrx_word' id='word_1_264' title='bbox 495 2394 689 2464; x_wconf 75' lang='lat' dir='ltr'>indulgebitur,</span> <span class='ocrx_word' id='word_1_265' title='bbox 708 2413 804 2467; x_wconf 86' lang='lat' dir='ltr'>queso,</span> <span class='ocrx_word' id='word_1_266' title='bbox 822 2395 929 2466; x_wconf 78' lang='lat' dir='ltr'>ignavie</span> <span class='ocrx_word' id='word_1_267' title='bbox 943 2411 1000 2451; x_wconf 91' lang='lat' dir='ltr'>mee</span> <span class='ocrx_word' id='word_1_268' title='bbox 1013 2395 1168 2465; x_wconf 88' lang='lat' dir='ltr'>veniamque</span> <span class='ocrx_word' id='word_1_269' title='bbox 1187 2392 1288 2448; x_wconf 87' lang='lat' dir='ltr'>dabitis</span> <span class='ocrx_word' id='word_1_270' title='bbox 1307 2408 1366 2447; x_wconf 91' lang='lat' dir='ltr'>mo-</span> 
     </span>
     <span class='ocr_line' id='line_1_26' title="bbox 230 2477 1363 2555; baseline -0.001 -23"><span class='ocrx_word' id='word_1_271' title='bbox 230 2479 289 2534; x_wconf 89' lang='lat' dir='ltr'>dice</span> <span class='ocrx_word' id='word_1_272' title='bbox 308 2496 395 2536; x_wconf 90' lang='lat' dir='ltr'>rerum</span> <span class='ocrx_word' id='word_1_273' title='bbox 415 2479 595 2552; x_wconf 86' lang='lat' dir='ltr'>experientie,</span> <span class='ocrx_word' id='word_1_274' title='bbox 620 2479 644 2534; x_wconf 90' lang='lat' dir='ltr'>si</span> <span class='ocrx_word' id='word_1_275' title='bbox 663 2479 690 2535; x_wconf 89' lang='lat' dir='ltr'>in</span> <span class='ocrx_word' id='word_1_276' title='bbox 709 2481 762 2537; x_wconf 92' lang='lat' dir='ltr'>hiis</span> <span class='ocrx_word' id='word_1_277' title='bbox 781 2482 886 2555; x_wconf 90' lang='lat' dir='ltr'>scriptis</span> <span class='ocrx_word' id='word_1_278' title='bbox 914 2479 1103 2538; x_wconf 89' lang='lat' dir='ltr'>dominationis</span> <span class='ocrx_word' id='word_1_279' title='bbox 1122 2487 1210 2534; x_wconf 85' lang='lat' dir='ltr'>vestre</span> <span class='ocrx_word' id='word_1_280' title='bbox 1230 2477 1363 2534; x_wconf 86' lang='lat' dir='ltr'>desiderio</span> 
     </span>
     <span class='ocr_line' id='line_1_27' title="bbox 230 2563 1414 2653; baseline -0.001 -34"><span class='ocrx_word' id='word_1_281' title='bbox 230 2563 336 2620; x_wconf 90' lang='lat' dir='ltr'>minime</span> <span class='ocrx_word' id='word_1_282' title='bbox 349 2565 535 2634; x_wconf 78' lang='lat' dir='ltr'>satisfecerim,</span> <span class='ocrx_word' id='word_1_283' title='bbox 547 2565 637 2638; x_wconf 89' lang='lat' dir='ltr'>presul</span> <span class='ocrx_word' id='word_1_284' title='bbox 652 2565 884 2636; x_wconf 88' lang='lat' dir='ltr'>reverendissime,</span> <span class='ocrx_word' id='word_1_285' title='bbox 897 2583 956 2620; x_wconf 90' lang='lat' dir='ltr'>oum</span> <span class='ocrx_word' id='word_1_286' title='bbox 971 2581 1025 2622; x_wconf 88' lang='lat' dir='ltr'>non</span> <span class='ocrx_word' id='word_1_287' title='bbox 1039 2571 1090 2622; x_wconf 90' lang='lat' dir='ltr'>tam</span> <span class='ocrx_word' id='word_1_288' title='bbox 1103 2581 1161 2620; x_wconf 91' lang='lat' dir='ltr'>mea</span> <span class='ocrx_word' id='word_1_289' title='bbox 1177 2569 1276 2636; x_wconf 87' lang='lat' dir='ltr'>sponte</span> <span class='ocrx_word' id='word_1_290' title='bbox 1290 2577 1361 2634; x_wconf 76' lang='lat' dir='ltr'>quem</span> <span class='ocrx_word' id='word_1_291' title='bbox 1374 2611 1414 2653; x_wconf 45' lang='grc' dir='ltr'><strong>Ὁ</strong></span> 
     </span>
     <span class='ocr_line' id='line_1_28' title="bbox 228 2646 1401 2754; baseline 0 -52"><span class='ocrx_word' id='word_1_292' title='bbox 228 2657 318 2706; x_wconf 84' lang='lat' dir='ltr'>vestro</span> <span class='ocrx_word' id='word_1_293' title='bbox 345 2656 488 2722; x_wconf 86' lang='lat' dir='ltr'>precepto,</span> <span class='ocrx_word' id='word_1_294' title='bbox 512 2650 554 2706; x_wconf 87' lang='lat' dir='ltr'>cni</span> <span class='ocrx_word' id='word_1_295' title='bbox 573 2667 615 2706; x_wconf 83' lang='lat' dir='ltr'>nne</span> <span class='ocrx_word' id='word_1_296' title='bbox 640 2651 825 2724; x_wconf 87' lang='lat' dir='ltr'>obtemperare</span> <span class='ocrx_word' id='word_1_297' title='bbox 850 2668 962 2706; x_wconf 89' lang='lat' dir='ltr'>necesse</span> <span class='ocrx_word' id='word_1_298' title='bbox 989 2657 1045 2720; x_wconf 89' lang='lat' dir='ltr'>est,</span> <span class='ocrx_word' id='word_1_299' title='bbox 1068 2651 1119 2705; x_wconf 91' lang='lat' dir='ltr'>hcc</span> <span class='ocrx_word' id='word_1_300' title='bbox 1137 2646 1189 2704; x_wconf 84' lang='lat' dir='ltr'>ta&#39;m</span> <span class='ocrx_word' id='word_1_301' title='bbox 1208 2646 1268 2704; x_wconf 91' lang='lat' dir='ltr'>rudi</span> <span class='ocrx_word' id='word_1_302' title='bbox 1294 2647 1401 2754; x_wconf 35' lang='lat'>⁸¹5¹&amp;</span> 
     </span>
    </p>
   </div>
   <div class='ocr_carea' id='block_1_3' title="bbox 224 2735 1466 4340">
    <p class='ocr_par' dir='ltr' id='par_1_3' title="bbox 224 2735 1466 4340">
     <span class='ocr_line' id='line_1_29' title="bbox 229 2735 1368 2808; baseline -0.005 -15"><span class='ocrx_word' id='word_1_303' title='bbox 229 2737 422 2793; x_wconf 75' lang='lat' dir='ltr'>transscribere</span> <span class='ocrx_word' id='word_1_304' title='bbox 449 2735 646 2798; x_wconf 79' lang='lat' dir='ltr'>attentaverim,</span> <span class='ocrx_word' id='word_1_305' title='bbox 673 2743 815 2808; x_wconf 85' lang='lat' dir='ltr'>vestroque</span> <span class='ocrx_word' id='word_1_306' title='bbox 840 2735 1004 2808; x_wconf 88' lang='lat' dir='ltr'>paternitatis</span> <span class='ocrx_word' id='word_1_307' title='bbox 1030 2735 1186 2808; x_wconf 86' lang='lat' dir='ltr'>conspectui</span> <span class='ocrx_word' id='word_1_308' title='bbox 1210 2739 1368 2806; x_wconf 85' lang='lat' dir='ltr'>presentare</span> 
     </span>
     <span class='ocr_line' id='line_1_30' title="bbox 230 2817 1362 2890; baseline -0.005 -13"><span class='ocrx_word' id='word_1_309' title='bbox 230 2839 283 2878; x_wconf 92' lang='lat' dir='ltr'>non</span> <span class='ocrx_word' id='word_1_310' title='bbox 303 2820 467 2877; x_wconf 83' lang='lat' dir='ltr'>erubuerim!</span> <span class='ocrx_word' id='word_1_311' title='bbox 494 2819 606 2874; x_wconf 86' lang='lat' dir='ltr'>llieraul</span> <span class='ocrx_word' id='word_1_312' title='bbox 622 2820 692 2890; x_wconf 87' lang='lat' dir='ltr'>lolgt</span> <span class='ocrx_word' id='word_1_313' title='bbox 711 2821 776 2876; x_wconf 88' lang='lat' dir='ltr'>auch</span> <span class='ocrx_word' id='word_1_314' title='bbox 797 2820 839 2876; x_wconf 89' lang='lat' dir='ltr'>bei</span> <span class='ocrx_word' id='word_1_315' title='bbox 855 2823 882 2876; x_wconf 92' lang='lat' dir='ltr'>S.</span> <span class='ocrx_word' id='word_1_316' title='bbox 897 2819 965 2876; x_wconf 83' lang='lat' dir='ltr'>noch</span> <span class='ocrx_word' id='word_1_317' title='bbox 981 2819 1028 2874; x_wconf 89' lang='lat' dir='ltr'>der</span> <span class='ocrx_word' id='word_1_318' title='bbox 1045 2826 1101 2874; x_wconf 83' lang='lat' dir='ltr'>sata</span> <span class='ocrx_word' id='word_1_319' title='bbox 1121 2817 1269 2879; x_wconf 75' lang='lat'><strong>34926-33</strong></span> <span class='ocrx_word' id='word_1_320' title='bbox 1280 2817 1362 2872; x_wconf 77' lang='lat' dir='ltr'>Anno</span> 
     </span>
     <span class='ocr_line' id='line_1_31' title="bbox 229 2901 1364 2972; baseline -0.004 -12"><span class='ocrx_word' id='word_1_321' title='bbox 229 2905 489 2961; x_wconf 86' lang='lat' dir='ltr'>domini—iactam.</span> <span class='ocrx_word' id='word_1_322' title='bbox 517 2935 549 2942; x_wconf 87' lang='lat'><strong>—</strong></span> <span class='ocrx_word' id='word_1_323' title='bbox 574 2903 673 2972; x_wconf 77' lang='grc'><strong>40027</strong></span> <span class='ocrx_word' id='word_1_324' title='bbox 698 2905 890 2960; x_wconf 86' lang='lat' dir='ltr'>Franconelurt</span> <span class='ocrx_word' id='word_1_325' title='bbox 918 2905 984 2960; x_wconf 87' lang='lat' dir='ltr'>nach</span> <span class='ocrx_word' id='word_1_326' title='bbox 1011 2905 1132 2960; x_wconf 78' lang='lat' dir='ltr'>Floriana</span> <span class='ocrx_word' id='word_1_327' title='bbox 1162 2903 1280 2958; x_wconf 84' lang='lat' dir='ltr'>abdrurh</span> <span class='ocrx_word' id='word_1_328' title='bbox 1306 2901 1364 2956; x_wconf 90' lang='lat' dir='ltr'>nnd</span> 
     </span>
     <span class='ocr_line' id='line_1_32' title="bbox 229 2977 1466 3060; baseline 0.001 -16"><span class='ocrx_word' id='word_1_329' title='bbox 229 2991 379 3046; x_wconf 77' lang='lat' dir='ltr'>(lantherus</span> <span class='ocrx_word' id='word_1_330' title='bbox 398 2989 549 3058; x_wconf 81' lang='lat' dir='ltr'>ligurinus.</span> <span class='ocrx_word' id='word_1_331' title='bbox 569 3019 602 3029; x_wconf 83' lang='lat'>-</span> <span class='ocrx_word' id='word_1_332' title='bbox 629 2991 728 3060; x_wconf 92' lang='grc'><strong>40030</strong></span> <span class='ocrx_word' id='word_1_333' title='bbox 746 2991 782 3046; x_wconf 86' lang='lat' dir='ltr'>ist</span> <span class='ocrx_word' id='word_1_334' title='bbox 806 2991 872 3046; x_wconf 89' lang='lat' dir='ltr'>nach</span> <span class='ocrx_word' id='word_1_335' title='bbox 892 2989 1043 3046; x_wconf 84' lang='lat' dir='ltr'>(luntherns</span> <span class='ocrx_word' id='word_1_336' title='bbox 1063 2989 1206 3059; x_wconf 83' lang='lat' dir='ltr'>Ligurinas</span> <span class='ocrx_word' id='word_1_337' title='bbox 1224 2987 1277 3042; x_wconf 82' lang='lat' dir='ltr'>vvie</span> <span class='ocrx_word' id='word_1_338' title='bbox 1295 2989 1364 3042; x_wconf 85' lang='lat' dir='ltr'>euch</span> <span class='ocrx_word' id='word_1_339' title='bbox 1465 2977 1466 3045; x_wconf 84' lang='lat' dir='ltr'>l</span> 
     </span>
     <span class='ocr_line' id='line_1_33' title="bbox 229 3073 1367 3147; baseline -0.002 -17"><span class='ocrx_word' id='word_1_340' title='bbox 229 3075 295 3132; x_wconf 84' lang='lat' dir='ltr'>nach</span> <span class='ocrx_word' id='word_1_341' title='bbox 315 3075 363 3130; x_wconf 90' lang='lat' dir='ltr'>der</span> <span class='ocrx_word' id='word_1_342' title='bbox 377 3075 610 3140; x_wconf 84' lang='lat' dir='ltr'>Schlosscr‘scben</span> <span class='ocrx_word' id='word_1_343' title='bbox 629 3078 670 3132; x_wconf 87' lang='lat' dir='ltr'>hs.</span> <span class='ocrx_word' id='word_1_344' title='bbox 690 3079 743 3132; x_wconf 92' lang='lat' dir='ltr'>und</span> <span class='ocrx_word' id='word_1_345' title='bbox 763 3075 883 3133; x_wconf 81' lang='lat' dir='ltr'>Florians</span> <span class='ocrx_word' id='word_1_346' title='bbox 902 3077 1021 3132; x_wconf 84' lang='lat' dir='ltr'>abdruclr</span> <span class='ocrx_word' id='word_1_347' title='bbox 1040 3093 1065 3147; x_wconf 94' lang='lat' dir='ltr'>p.</span> <span class='ocrx_word' id='word_1_348' title='bbox 1078 3075 1131 3130; x_wconf 90' lang='grc'>222</span> <span class='ocrx_word' id='word_1_349' title='bbox 1149 3092 1200 3130; x_wconf 92' lang='lat' dir='ltr'>vor</span> <span class='ocrx_word' id='word_1_350' title='bbox 1219 3073 1279 3130; x_wconf 91' lang='lat' dir='ltr'>dem</span> <span class='ocrx_word' id='word_1_351' title='bbox 1298 3087 1367 3128; x_wconf 86' lang='lat' dir='ltr'>vor-</span> 
     </span>
     <span class='ocr_line' id='line_1_34' title="bbox 228 3159 1367 3232; baseline -0.004 -16"><span class='ocrx_word' id='word_1_352' title='bbox 228 3161 323 3216; x_wconf 85' lang='lat' dir='ltr'>letaten</span> <span class='ocrx_word' id='word_1_353' title='bbox 343 3177 420 3216; x_wconf 88' lang='lat' dir='ltr'>verse</span> <span class='ocrx_word' id='word_1_354' title='bbox 446 3162 516 3218; x_wconf 90' lang='lat' dir='ltr'>noch</span> <span class='ocrx_word' id='word_1_355' title='bbox 540 3161 751 3218; x_wconf 84' lang='lat' dir='ltr'>ainzuschalten:</span> <span class='ocrx_word' id='word_1_356' title='bbox 780 3163 877 3232; x_wconf 89' lang='lat' dir='ltr'>lgnoto</span> <span class='ocrx_word' id='word_1_357' title='bbox 898 3162 1014 3230; x_wconf 78' lang='lat' dir='ltr'>fregisse</span> <span class='ocrx_word' id='word_1_358' title='bbox 1032 3161 1102 3216; x_wconf 87' lang='lat' dir='ltr'>vado</span> <span class='ocrx_word' id='word_1_359' title='bbox 1129 3159 1299 3230; x_wconf 82' lang='lat' dir='ltr'>mediumque</span> <span class='ocrx_word' id='word_1_360' title='bbox 1318 3175 1367 3230; x_wconf 90' lang='lat' dir='ltr'>per</span> 
     </span>
     <span class='ocr_line' id='line_1_35' title="bbox 228 3242 1367 3316; baseline -0.004 -15"><span class='ocrx_word' id='word_1_361' title='bbox 228 3263 331 3302; x_wconf 88' lang='lat' dir='ltr'>amnem</span> <span class='ocrx_word' id='word_1_362' title='bbox 351 3246 671 3316; x_wconf 65' lang='lat' dir='ltr'>(transmigrassem).</span> <span class='ocrx_word' id='word_1_363' title='bbox 698 3281 730 3290; x_wconf 89' lang='lat'><em>-</em></span> <span class='ocrx_word' id='word_1_364' title='bbox 756 3246 837 3316; x_wconf 84' lang='grc'><strong>4013</strong></span> <span class='ocrx_word' id='word_1_365' title='bbox 856 3249 1000 3304; x_wconf 84' lang='lat' dir='ltr'>Crescente</span> <span class='ocrx_word' id='word_1_366' title='bbox 1026 3245 1143 3302; x_wconf 84' lang='lat' dir='ltr'>enims.</span> <span class='ocrx_word' id='word_1_367' title='bbox 1169 3243 1223 3300; x_wconf 89' lang='lat' dir='ltr'>uad</span> <span class='ocrx_word' id='word_1_368' title='bbox 1250 3242 1367 3299; x_wconf 83' lang='lat' dir='ltr'>Florian.</span> 
     </span>
     <span class='ocr_line' id='line_1_36' title="bbox 229 3328 1363 3404; baseline -0.003 -18"><span class='ocrx_word' id='word_1_369' title='bbox 229 3361 260 3370; x_wconf 83' lang='grc'>·-</span> <span class='ocrx_word' id='word_1_370' title='bbox 280 3329 361 3400; x_wconf 71' lang='grc'><strong>4023</strong></span> <span class='ocrx_word' id='word_1_371' title='bbox 379 3331 406 3385; x_wconf 90' lang='lat' dir='ltr'>S.</span> <span class='ocrx_word' id='word_1_372' title='bbox 427 3331 480 3386; x_wconf 90' lang='lat' dir='ltr'>und</span> <span class='ocrx_word' id='word_1_373' title='bbox 500 3332 550 3387; x_wconf 78' lang='lat' dir='ltr'>hl:</span> <span class='ocrx_word' id='word_1_374' title='bbox 571 3351 629 3388; x_wconf 88' lang='lat' dir='ltr'>nam</span> <span class='ocrx_word' id='word_1_375' title='bbox 650 3333 774 3404; x_wconf 87' lang='lat' dir='ltr'>reliquae.</span> <span class='ocrx_word' id='word_1_376' title='bbox 798 3365 824 3372; x_wconf 91' lang='lat'>-</span> <span class='ocrx_word' id='word_1_377' title='bbox 846 3331 944 3402; x_wconf 78' lang='lat' dir='ltr'>402,t3</span> <span class='ocrx_word' id='word_1_378' title='bbox 965 3347 1034 3387; x_wconf 92' lang='lat' dir='ltr'>nunc</span> <span class='ocrx_word' id='word_1_379' title='bbox 1053 3331 1139 3386; x_wconf 87' lang='lat' dir='ltr'>dictae</span> <span class='ocrx_word' id='word_1_380' title='bbox 1158 3331 1184 3384; x_wconf 91' lang='lat' dir='ltr'>S.</span> <span class='ocrx_word' id='word_1_381' title='bbox 1206 3329 1260 3385; x_wconf 91' lang='lat' dir='ltr'>und</span> <span class='ocrx_word' id='word_1_382' title='bbox 1275 3328 1314 3382; x_wconf 65' lang='lat' dir='ltr'>iil.</span> <span class='ocrx_word' id='word_1_383' title='bbox 1335 3361 1363 3370; x_wconf 82' lang='lat'>-</span> 
     </span>
     <span class='ocr_line' id='line_1_37' title="bbox 226 3413 1367 3486; baseline -0.004 -15"><span class='ocrx_word' id='word_1_384' title='bbox 226 3415 325 3477; x_wconf 79' lang='grc'><strong>40228</strong></span> <span class='ocrx_word' id='word_1_385' title='bbox 343 3415 510 3470; x_wconf 81' lang='lat' dir='ltr'>Francoiurti</span> <span class='ocrx_word' id='word_1_386' title='bbox 531 3417 654 3473; x_wconf 75' lang='lat' dir='ltr'>defuncta</span> <span class='ocrx_word' id='word_1_387' title='bbox 674 3417 781 3474; x_wconf 89' lang='lat' dir='ltr'>llemma</span> <span class='ocrx_word' id='word_1_388' title='bbox 797 3419 824 3473; x_wconf 91' lang='lat' dir='ltr'>S.</span> <span class='ocrx_word' id='word_1_389' title='bbox 838 3418 891 3473; x_wconf 92' lang='lat' dir='ltr'>und</span> <span class='ocrx_word' id='word_1_390' title='bbox 905 3418 940 3472; x_wconf 79' lang='lat' dir='ltr'>vt.</span> <span class='ocrx_word' id='word_1_391' title='bbox 958 3447 990 3456; x_wconf 90' lang='lat'>—</span> <span class='ocrx_word' id='word_1_392' title='bbox 1003 3415 1102 3484; x_wconf 85' lang='grc'><strong>40237</strong></span> <span class='ocrx_word' id='word_1_393' title='bbox 1115 3413 1265 3485; x_wconf 84' lang='lat' dir='ltr'>scriptores</span> <span class='ocrx_word' id='word_1_394' title='bbox 1285 3431 1367 3486; x_wconf 86' lang='lat' dir='ltr'>prae·</span> 
     </span>
     <span class='ocr_line' id='line_1_38' title="bbox 226 3499 1366 3572; baseline -0.002 -17"><span class='ocrx_word' id='word_1_395' title='bbox 226 3499 318 3555; x_wconf 87' lang='lat' dir='ltr'>sertim</span> <span class='ocrx_word' id='word_1_396' title='bbox 337 3499 484 3556; x_wconf 83' lang='lat' dir='ltr'>Aventinus</span> <span class='ocrx_word' id='word_1_397' title='bbox 498 3502 525 3556; x_wconf 94' lang='lat' dir='ltr'>S.</span> <span class='ocrx_word' id='word_1_398' title='bbox 541 3501 594 3558; x_wconf 91' lang='lat' dir='ltr'>und</span> <span class='ocrx_word' id='word_1_399' title='bbox 608 3503 644 3557; x_wconf 88' lang='lat' dir='ltr'>Fl.</span> <span class='ocrx_word' id='word_1_400' title='bbox 659 3533 691 3543; x_wconf 88' lang='lat'><em>-</em></span> <span class='ocrx_word' id='word_1_401' title='bbox 710 3503 805 3572; x_wconf 76' lang='grc'><strong>40331</strong></span> <span class='ocrx_word' id='word_1_402' title='bbox 829 3519 926 3559; x_wconf 92' lang='lat' dir='ltr'>nomen</span> <span class='ocrx_word' id='word_1_403' title='bbox 946 3519 1031 3558; x_wconf 90' lang='lat' dir='ltr'>suum.</span> <span class='ocrx_word' id='word_1_404' title='bbox 1048 3533 1079 3541; x_wconf 89' lang='lat'><em>-</em></span> <span class='ocrx_word' id='word_1_405' title='bbox 1098 3499 1293 3565; x_wconf 65' lang='lat' dir='ltr'>noeaoeane</span> <span class='ocrx_word' id='word_1_406' title='bbox 1312 3499 1366 3552; x_wconf 87' lang='grc'>836</span> 
     </span>
     <span class='ocr_line' id='line_1_39' title="bbox 226 3571 1465 3658; baseline -0.002 -20"><span class='ocrx_word' id='word_1_407' title='bbox 226 3587 253 3640; x_wconf 86' lang='lat' dir='ltr'>S.</span> <span class='ocrx_word' id='word_1_408' title='bbox 274 3585 327 3641; x_wconf 88' lang='lat' dir='ltr'>und</span> <span class='ocrx_word' id='word_1_409' title='bbox 343 3583 381 3640; x_wconf 83' lang='lat' dir='ltr'>Fl.</span> <span class='ocrx_word' id='word_1_410' title='bbox 402 3616 433 3624; x_wconf 93' lang='lat'><em>-</em></span> <span class='ocrx_word' id='word_1_411' title='bbox 450 3585 506 3640; x_wconf 89' lang='grc'>404</span> <span class='ocrx_word' id='word_1_412' title='bbox 525 3602 549 3640; x_wconf 94' lang='lat' dir='ltr'>n.</span> <span class='ocrx_word' id='word_1_413' title='bbox 570 3587 586 3641; x_wconf 93' lang='lat'>5</span> <span class='ocrx_word' id='word_1_414' title='bbox 605 3587 654 3642; x_wconf 87' lang='lat' dir='ltr'>der</span> <span class='ocrx_word' id='word_1_415' title='bbox 672 3587 756 3642; x_wconf 89' lang='lat' dir='ltr'>dmch</span> <span class='ocrx_word' id='word_1_416' title='bbox 775 3587 903 3642; x_wconf 86' lang='lat' dir='ltr'>Scheller.</span> <span class='ocrx_word' id='word_1_417' title='bbox 924 3617 958 3626; x_wconf 92' lang='lat'><em>-</em></span> <span class='ocrx_word' id='word_1_418' title='bbox 976 3571 1073 3655; x_wconf 78' lang='grc'><strong>40529</strong></span> <span class='ocrx_word' id='word_1_419' title='bbox 1091 3583 1201 3639; x_wconf 90' lang='lat' dir='ltr'>domum</span> <span class='ocrx_word' id='word_1_420' title='bbox 1219 3583 1366 3638; x_wconf 84' lang='lat' dir='ltr'>reverteris</span> <span class='ocrx_word' id='word_1_421' title='bbox 1464 3647 1465 3658; x_wconf 11' lang='grc' dir='ltr'>χ</span> 
     </span>
     <span class='ocr_line' id='line_1_40' title="bbox 226 3666 1365 3738; baseline -0.002 -16"><span class='ocrx_word' id='word_1_422' title='bbox 226 3669 253 3723; x_wconf 90' lang='lat' dir='ltr'>S.</span> <span class='ocrx_word' id='word_1_423' title='bbox 274 3667 327 3724; x_wconf 92' lang='lat' dir='ltr'>und</span> <span class='ocrx_word' id='word_1_424' title='bbox 346 3668 382 3724; x_wconf 83' lang='lat' dir='ltr'>hl.</span> <span class='ocrx_word' id='word_1_425' title='bbox 403 3701 434 3710; x_wconf 90' lang='lat'>—</span> <span class='ocrx_word' id='word_1_426' title='bbox 454 3669 554 3734; x_wconf 88' lang='grc'><strong>40532</strong></span> <span class='ocrx_word' id='word_1_427' title='bbox 573 3675 649 3726; x_wconf 83' lang='lat' dir='ltr'>utero</span> <span class='ocrx_word' id='word_1_428' title='bbox 665 3671 691 3725; x_wconf 92' lang='lat' dir='ltr'>S.</span> <span class='ocrx_word' id='word_1_429' title='bbox 712 3671 765 3726; x_wconf 93' lang='lat' dir='ltr'>und</span> <span class='ocrx_word' id='word_1_430' title='bbox 779 3671 815 3726; x_wconf 88' lang='lat' dir='ltr'>Fl.</span> <span class='ocrx_word' id='word_1_431' title='bbox 836 3703 870 3710; x_wconf 90' lang='lat'>—</span> <span class='ocrx_word' id='word_1_432' title='bbox 888 3670 987 3738; x_wconf 85' lang='grc'><strong>40538</strong></span> <span class='ocrx_word' id='word_1_433' title='bbox 1005 3668 1147 3725; x_wconf 90' lang='lat' dir='ltr'>attulerant</span> <span class='ocrx_word' id='word_1_434' title='bbox 1165 3674 1193 3722; x_wconf 90' lang='lat' dir='ltr'>et</span> <span class='ocrx_word' id='word_1_435' title='bbox 1210 3666 1365 3723; x_wconf 85' lang='lat' dir='ltr'>obtulerant</span> 
     </span>
     <span class='ocr_line' id='line_1_41' title="bbox 227 3751 1364 3823; baseline -0.003 -14"><span class='ocrx_word' id='word_1_436' title='bbox 227 3757 253 3809; x_wconf 90' lang='lat' dir='ltr'>S.</span> <span class='ocrx_word' id='word_1_437' title='bbox 269 3753 322 3808; x_wconf 91' lang='lat' dir='ltr'>und</span> <span class='ocrx_word' id='word_1_438' title='bbox 335 3753 372 3808; x_wconf 85' lang='lat' dir='ltr'>vt.</span> <span class='ocrx_word' id='word_1_439' title='bbox 387 3783 420 3792; x_wconf 88' lang='lat'><em>-</em></span> <span class='ocrx_word' id='word_1_440' title='bbox 439 3753 635 3822; x_wconf 66' lang='grc'><strong>4072711660</strong></span> <span class='ocrx_word' id='word_1_441' title='bbox 655 3755 725 3812; x_wconf 87' lang='grc'><strong>1337</strong></span> <span class='ocrx_word' id='word_1_442' title='bbox 744 3759 770 3811; x_wconf 92' lang='lat' dir='ltr'>S.</span> <span class='ocrx_word' id='word_1_443' title='bbox 787 3756 841 3811; x_wconf 92' lang='lat' dir='ltr'>und</span> <span class='ocrx_word' id='word_1_444' title='bbox 856 3755 892 3810; x_wconf 86' lang='lat' dir='ltr'>Fl.</span> <span class='ocrx_word' id='word_1_445' title='bbox 913 3787 945 3796; x_wconf 79' lang='lat'><strong>—</strong></span> <span class='ocrx_word' id='word_1_446' title='bbox 964 3753 1045 3823; x_wconf 75' lang='grc'><strong>410,4</strong></span> <span class='ocrx_word' id='word_1_447' title='bbox 1061 3753 1193 3808; x_wconf 80' lang='lat' dir='ltr'>lutherus</span> <span class='ocrx_word' id='word_1_448' title='bbox 1213 3751 1257 3807; x_wconf 90' lang='lat' dir='ltr'>dei</span> <span class='ocrx_word' id='word_1_449' title='bbox 1277 3751 1364 3822; x_wconf 84' lang='lat' dir='ltr'>gretie</span> 
     </span>
     <span class='ocr_line' id='line_1_42' title="bbox 226 3837 1366 3910; baseline -0.004 -16"><span class='ocrx_word' id='word_1_450' title='bbox 226 3847 252 3894; x_wconf 91' lang='lat' dir='ltr'>et</span> <span class='ocrx_word' id='word_1_451' title='bbox 270 3839 409 3896; x_wconf 87' lang='lat' dir='ltr'>clementia</span> <span class='ocrx_word' id='word_1_452' title='bbox 428 3841 495 3896; x_wconf 85' lang='lat' dir='ltr'>haec</span> <span class='ocrx_word' id='word_1_453' title='bbox 513 3840 661 3910; x_wconf 87' lang='lat' dir='ltr'>corrigeret</span> <span class='ocrx_word' id='word_1_454' title='bbox 680 3849 707 3896; x_wconf 90' lang='lat' dir='ltr'>et</span> <span class='ocrx_word' id='word_1_455' title='bbox 724 3841 885 3898; x_wconf 87' lang='lat' dir='ltr'>emendaret.</span> <span class='ocrx_word' id='word_1_456' title='bbox 906 3843 932 3896; x_wconf 88' lang='lat' dir='ltr'>S.</span> <span class='ocrx_word' id='word_1_457' title='bbox 953 3842 1006 3896; x_wconf 91' lang='lat' dir='ltr'>und</span> <span class='ocrx_word' id='word_1_458' title='bbox 1024 3841 1062 3896; x_wconf 84' lang='lat' dir='ltr'>Fl.</span> <span class='ocrx_word' id='word_1_459' title='bbox 1082 3869 1114 3879; x_wconf 91' lang='lat'><em>-</em></span> <span class='ocrx_word' id='word_1_460' title='bbox 1136 3837 1237 3908; x_wconf 78' lang='grc'><strong>41136</strong></span> <span class='ocrx_word' id='word_1_461' title='bbox 1256 3837 1283 3892; x_wconf 94' lang='lat' dir='ltr'>in</span> <span class='ocrx_word' id='word_1_462' title='bbox 1303 3853 1366 3892; x_wconf 84' lang='lat' dir='ltr'>cra·-</span> 
     </span>
     <span class='ocr_line' id='line_1_43' title="bbox 226 3919 1365 3996; baseline -0.004 -17"><span class='ocrx_word' id='word_1_463' title='bbox 226 3925 296 3982; x_wconf 84' lang='lat' dir='ltr'>stino</span> <span class='ocrx_word' id='word_1_464' title='bbox 317 3924 435 3982; x_wconf 88' lang='lat' dir='ltr'>Simonis</span> <span class='ocrx_word' id='word_1_465' title='bbox 454 3927 500 3981; x_wconf 86' lang='lat' dir='ltr'>hat</span> <span class='ocrx_word' id='word_1_466' title='bbox 518 3927 584 3982; x_wconf 87' lang='lat' dir='ltr'>auch</span> <span class='ocrx_word' id='word_1_467' title='bbox 604 3927 802 3996; x_wconf 71' lang='grc'><strong>10.-41335</strong></span> <span class='ocrx_word' id='word_1_468' title='bbox 822 3928 950 3984; x_wconf 83' lang='lat' dir='ltr'>Fridanco</span> <span class='ocrx_word' id='word_1_469' title='bbox 970 3929 996 3982; x_wconf 93' lang='grc'><strong>8.</strong></span> <span class='ocrx_word' id='word_1_470' title='bbox 1017 3925 1070 3980; x_wconf 92' lang='lat' dir='ltr'>und</span> <span class='ocrx_word' id='word_1_471' title='bbox 1087 3925 1133 3992; x_wconf 73' lang='lat' dir='ltr'>ll,</span> <span class='ocrx_word' id='word_1_472' title='bbox 1151 3922 1254 3978; x_wconf 88' lang='lat' dir='ltr'>ebenso</span> <span class='ocrx_word' id='word_1_473' title='bbox 1273 3919 1365 3988; x_wconf 70' lang='lat' dir='ltr'>avua.</span> 
     </span>
     <span class='ocr_line' id='line_1_44' title="bbox 226 4007 1366 4082; baseline -0.007 -16"><span class='ocrx_word' id='word_1_474' title='bbox 226 4039 258 4050; x_wconf 84' lang='lat'>-</span> <span class='ocrx_word' id='word_1_475' title='bbox 278 4009 650 4080; x_wconf 63' lang='lat' dir='ltr'>alumnumalumnum</span> <span class='ocrx_word' id='word_1_476' title='bbox 670 4014 697 4068; x_wconf 93' lang='lat' dir='ltr'>S.</span> <span class='ocrx_word' id='word_1_477' title='bbox 717 4014 771 4069; x_wconf 89' lang='lat' dir='ltr'>und</span> <span class='ocrx_word' id='word_1_478' title='bbox 789 4013 826 4069; x_wconf 88' lang='lat' dir='ltr'>Fl.</span> <span class='ocrx_word' id='word_1_479' title='bbox 848 4047 879 4056; x_wconf 86' lang='lat'>-</span> <span class='ocrx_word' id='word_1_480' title='bbox 904 4013 983 4082; x_wconf 87' lang='grc'><strong>4233</strong></span> <span class='ocrx_word' id='word_1_481' title='bbox 1003 4012 1046 4067; x_wconf 92' lang='lat' dir='ltr'>die</span> <span class='ocrx_word' id='word_1_482' title='bbox 1067 4011 1108 4066; x_wconf 94' lang='grc'>10.</span> <span class='ocrx_word' id='word_1_483' title='bbox 1131 4042 1161 4049; x_wconf 89' lang='grc'>-</span> <span class='ocrx_word' id='word_1_484' title='bbox 1185 4007 1267 4076; x_wconf 67' lang='lat' dir='ltr'>teet</span> <span class='ocrx_word' id='word_1_485' title='bbox 1286 4021 1366 4060; x_wconf 85' lang='lat' dir='ltr'>cam-</span> 
     </span>
     <span class='ocr_line' id='line_1_45' title="bbox 225 4092 1363 4170; baseline 0 -22"><span class='ocrx_word' id='word_1_486' title='bbox 225 4093 319 4152; x_wconf 88' lang='lat' dir='ltr'>bussit.</span> <span class='ocrx_word' id='word_1_487' title='bbox 340 4099 485 4170; x_wconf 73' lang='grc'><strong>-42631</strong></span> <span class='ocrx_word' id='word_1_488' title='bbox 509 4100 615 4155; x_wconf 90' lang='lat' dir='ltr'>dimisit.</span> <span class='ocrx_word' id='word_1_489' title='bbox 637 4132 669 4140; x_wconf 89' lang='lat'>—</span> <span class='ocrx_word' id='word_1_490' title='bbox 694 4101 792 4169; x_wconf 80' lang='lat'>436,23</span> <span class='ocrx_word' id='word_1_491' title='bbox 811 4101 892 4156; x_wconf 84' lang='lat' dir='ltr'>altera</span> <span class='ocrx_word' id='word_1_492' title='bbox 912 4099 1055 4156; x_wconf 80' lang='lat' dir='ltr'>Valentini.</span> <span class='ocrx_word' id='word_1_493' title='bbox 1079 4131 1104 4138; x_wconf 92' lang='lat'><em>-</em></span> <span class='ocrx_word' id='word_1_494' title='bbox 1127 4093 1226 4164; x_wconf 74' lang='grc'><strong>43637</strong></span> <span class='ocrx_word' id='word_1_495' title='bbox 1245 4092 1363 4166; x_wconf 84' lang='lat' dir='ltr'>quidam.</span> 
     </span>
     <span class='ocr_line' id='line_1_46' title="bbox 224 4175 1363 4257; baseline -0.004 -21"><span class='ocrx_word' id='word_1_496' title='bbox 224 4179 304 4248; x_wconf 71' lang='grc'><strong>4503</strong></span> <span class='ocrx_word' id='word_1_497' title='bbox 323 4181 401 4238; x_wconf 91' lang='lat' dir='ltr'>lusti:</span> <span class='ocrx_word' id='word_1_498' title='bbox 427 4183 471 4257; x_wconf 85' lang='lat' dir='ltr'>qui</span> <span class='ocrx_word' id='word_1_499' title='bbox 490 4201 545 4257; x_wconf 86' lang='lat' dir='ltr'>per.</span> <span class='ocrx_word' id='word_1_500' title='bbox 565 4216 598 4224; x_wconf 91' lang='lat'>—</span> <span class='ocrx_word' id='word_1_501' title='bbox 623 4185 723 4255; x_wconf 76' lang='grc'><strong>45030</strong></span> <span class='ocrx_word' id='word_1_502' title='bbox 746 4185 823 4242; x_wconf 87' lang='lat' dir='ltr'>lusti:</span> <span class='ocrx_word' id='word_1_503' title='bbox 849 4185 959 4242; x_wconf 82' lang='lat' dir='ltr'>livonie</span> <span class='ocrx_word' id='word_1_504' title='bbox 985 4192 1010 4240; x_wconf 89' lang='lat' dir='ltr'>et</span> <span class='ocrx_word' id='word_1_505' title='bbox 1030 4183 1146 4240; x_wconf 86' lang='lat' dir='ltr'>Curonie</span> <span class='ocrx_word' id='word_1_506' title='bbox 1170 4178 1289 4254; x_wconf 87' lang='lat' dir='ltr'>partibus</span> <span class='ocrx_word' id='word_1_507' title='bbox 1309 4175 1363 4228; x_wconf 86' lang='lat' dir='ltr'>de·</span> 
     </span>
     <span class='ocr_line' id='line_1_47' title="bbox 228 4258 1364 4340; baseline -0.004 -22"><span class='ocrx_word' id='word_1_508' title='bbox 228 4263 337 4320; x_wconf 86' lang='lat' dir='ltr'>bellavit</span> <span class='ocrx_word' id='word_1_509' title='bbox 356 4284 386 4321; x_wconf 92' lang='lat' dir='ltr'>ac</span> <span class='ocrx_word' id='word_1_510' title='bbox 404 4268 543 4326; x_wconf 88' lang='lat' dir='ltr'>ecelesiam</span> <span class='ocrx_word' id='word_1_511' title='bbox 563 4269 680 4326; x_wconf 90' lang='lat' dir='ltr'>cottidie.</span> <span class='ocrx_word' id='word_1_512' title='bbox 699 4299 732 4309; x_wconf 85' lang='lat'><em>-</em></span> <span class='ocrx_word' id='word_1_513' title='bbox 758 4269 893 4340; x_wconf 78' lang='grc'><strong>4503411.</strong></span> <span class='ocrx_word' id='word_1_514' title='bbox 913 4269 991 4328; x_wconf 87' lang='lat' dir='ltr'>lusti:</span> <span class='ocrx_word' id='word_1_515' title='bbox 1015 4269 1072 4326; x_wconf 88' lang='lat' dir='ltr'>suis</span> <span class='ocrx_word' id='word_1_516' title='bbox 1090 4267 1117 4322; x_wconf 93' lang='lat' dir='ltr'>in</span> <span class='ocrx_word' id='word_1_517' title='bbox 1136 4263 1238 4322; x_wconf 85' lang='lat' dir='ltr'>eunctis</span> <span class='ocrx_word' id='word_1_518' title='bbox 1258 4258 1364 4318; x_wconf 87' lang='lat' dir='ltr'>lavari-</span> 
     </span>
    </p>
   </div>
   <div class='ocr_carea' id='block_1_4' title="bbox 0 0 1496 4824">
    <p class='ocr_par' dir='ltr' id='par_1_4' title="bbox 0 0 1496 4824">
     <span class='ocr_line' id='line_1_48' title="bbox 0 0 1496 4824; baseline 0 3"><span class='ocrx_word' id='word_1_519' title='bbox 0 0 1496 4824; x_wconf 95' lang='lat' dir='ltr'> </span> 
     </span>
    </p>
   </div>
  </div>
 </body>
</html>
