3014 4822
238 159 311 238 424
631 135 796 218 romanus
815 159 976 218 turonus.

288 340 390 412 Filius
400 338 536 410 Palatini
554 337 658 410 dicms
668 337 835 431 Rupertns
853 334 945 408 duxit
957 337 989 406 in
1003 355 1143 408 uxorem
1160 333 1260 404 liliam
1277 333 1369 406 ducis

240 437 377 528 Georgii
406 436 448 507 de
474 435 618 508 Bovario
648 434 776 510 dictam,
794 433 1019 524 Margaretam
1047 454 1091 504 ex
1123 430 1368 524 dispensatione
1475 449 1476 531 j

239 533 424 607 Alexandri
448 553 553 628 popae
577 535 673 606 sexti.
709 531 795 604 Nem
818 551 903 604 uxor
923 529 1072 618 Palatini,
1096 550 1159 622 que
1183 528 1243 600 luit
1265 538 1370 600 mater
1475 559 1476 568 ³

239 632 388 726 Ruperti,
412 641 446 702 et
463 629 627 722 Georgius
644 629 725 718 dux,
752 631 806 721 qui
822 627 880 698 luit
895 638 990 722 pater
1005 627 1092 698 illius
1110 648 1255 720 sponsae
1273 623 1370 698 11111-
1475 625 1476 678 t

239 739 389 821 garslae
412 727 543 800 luerunt
559 727 690 800 insimul
706 727 825 798 fratres
843 735 876 796 et
894 746 1028 798 sorores
1045 725 1197 796 carnales
1215 726 1248 794 in
1265 727 1370 817 primo

240 829 314 897 sive
332 824 477 898 secundo
495 824 601 916 grodu
618 829 707 896 iuxta
725 831 909 915 compotum
927 843 1090 893 canonum
1107 830 1141 891 et
1155 822 1281 911 legum.
1310 822 1371 895 llic

240 921 406 1013 Georgius
430 920 498 994 dux
520 922 685 994 Bavsriae
709 920 786 992 obiit
815 917 859 1009 [l
878 919 973 992 1503
992 919 1063 990 deo.
1082 918 1120 1008 1]
1147 929 1181 990 et
1202 919 1371 1012 Ruperurs

240 1022 374 1090 maritus
392 1019 478 1090 filine
496 1023 568 1094 eius
586 1019 690 1092 voluit
706 1018 853 1092 obtinere
870 1029 993 1090 terram
1010 1020 1085 1089 sive
1102 1019 1239 1108 patriam
1251 1017 1372 1090 Bava-
1475 1083 1476 1096 ἢ

239 1119 309 1186 riae
327 1115 514 1187 inferiorem
534 1127 567 1187 et
584 1121 797 1210 superiorem.
835 1114 1018 1186 Noluerunt
1034 1123 1143 1184 autem
1160 1111 1322 1188 Alhertns
1340 1127 1372 1188 et

239 1211 467 1304 Wollgangus
496 1211 597 1286 duces
625 1213 789 1286 Bavariae
816 1213 947 1301 iratres,
976 1215 1028 1305 qui
1055 1207 1219 1282 habebant
1245 1211 1372 1284 Mona-

240 1307 375 1396 chium¹‚
396 1331 480 1400 rege
495 1309 717 1382 Maximiliano
735 1309 919 1382 declinante
937 1308 979 1379 ad
995 1318 1122 1402 portem
1132 1307 1262 1380 Alherti
1280 1308 1372 1382 ducis

240 1403 422 1490 Bavariae3
440 1428 516 1476 nam
534 1429 682 1478 sororem
696 1412 785 1479 eius2
798 1407 1112 1479 hahuitinuxorcm.
1137 1404 1218 1477 ldeo
1227 1407 1373 1478 Bavan'a

240 1499 469 1574 miserabiliter
485 1513 537 1573 cst
553 1501 725 1575 devastato
742 1527 803 1598 per
826 1503 968 1576 eundem
992 1525 1123 1594 regem,
1147 1501 1324 1576 Alhertum
1341 1515 1374 1575 et

240 1596 485 1690 Woligangum
522 1597 624 1668 duces
652 1599 817 1672 Bavariae
851 1611 884 1671 et
912 1599 1114 1672 Fridericum
1150 1599 1373 1672 marchionem

240 1691 615 1785 Brandenhurgensem³
634 1717 679 1764 ex
696 1717 774 1784 una,
792 1697 951 1770 etducem
963 1696 1149 1769 Udolricum
1162 1695 1373 1770 delumen-

241 1790 339 1884 herg‚
356 1791 565 1882 lantgralium
576 1790 791 1863 Wilhelmum
804 1792 944 1867 Hassiae
962 1793 1237 1866 etAlexandnrm
1254 1794 1374 1868 ducem

243 1885 285 1958 de
298 1887 457 1960 Bovaria⁴
475 1887 690 1960 devastantes
708 1888 920 1960 Palatinatum
931 1889 1052 1974 Rheni„
1069 1888 1373 1982 Norimhergenses

242 1983 456 2058 devastantes
468 1985 605 2056 alteram
615 1993 742 2078 partem
751 1983 915 2054 Bavariae
927 1989 1011 2056 circa
1022 1984 1175 2078 Amherg
1185 1999 1219 2058 et
1228 1987 1373 2061 Nouen-

241 2080 379 2153 marken
396 2081 456 2154 has
475 2084 624 2154 civitates
642 2078 846 2168 obsidentes„
864 2078 924 2152 sed
942 2103 1007 2152 non
1024 2081 1228 2166 obtinentem
1253 2108 1372 2158 verum

240 2177 389 2268 tanuen,
406 2177 611 2269 Hirschberg
628 2188 662 2250 ct
678 2179 739 2250 slia
752 2176 869 2272 oppida
888 2191 1129 2270 expugnarunt.
1157 2180 1374 2254 Obtinuernnt

240 2275 399 2350 Alhertus
424 2287 457 2348 et
478 2275 706 2368 Wollgangus
730 2274 848 2346 iratres
873 2277 1030 2346 maiorem
1058 2287 1184 2366 partem
1206 2278 1371 2351 Bavoriae

203 2399 208 2468 ss
240 2384 315 2466 post
339 2371 459 2446 ohitum
477 2374 562 2447 illius
579 2371 715 2466 Ruperti
736 2367 780 2463 [†
798 2370 894 2445 1504
912 2381 994 2464 sept
1013 2371 1077 2460 15]
1098 2381 1132 2443 et
1154 2377 1268 2446 uxoris
1291 2380 1369 2450 eins.

240 2469 345 2561 Nam,
372 2482 408 2542 ut
434 2470 566 2558 dicitur,
594 2469 726 2542 luerunt
753 2468 848 2542 ambo
875 2471 1040 2540 intoxicati
1065 2478 1098 2538 et
1120 2466 1271 2542 obierunt
1296 2483 1370 2546 ante

241 2571 365 2639 exitum
381 2565 475 2640 helii.
511 2567 595 2654 Quid
619 2564 793 2640 obtinuerit
815 2564 1001 2638 Fridericus
1026 2564 1170 2637 marchio
1192 2565 1370 2640 Branden-

241 2662 418 2756 burgensis
437 2661 795 2755 euNurenbergenses,
813 2663 890 2736 mihi
908 2671 997 2733 certo
1014 2683 1081 2734 non
1098 2672 1235 2735 constat
1263 2663 1369 2737 Udal-

239 2765 327 2833 ricus
352 2762 420 2834 dux
435 2761 744 2853 Wirtenbergensis
769 2763 886 2834 multos
914 2761 1063 2832 civitates
1088 2771 1122 2832 et
1144 2759 1262 2853 oppida
1285 2759 1368 2834 hona

240 2869 275 2929 et
289 2863 412 2931 mnnita
436 2863 562 2952 occepit
579 2881 652 2930 cum
670 2881 791 2950 magna
809 2858 915 2930 laude.
953 2857 1037 2943 Quid
1054 2878 1138 2928 vero
1155 2861 1265 2948 egerit
1281 2859 1368 2930 lant-

239 2955 364 3044 grafius
383 2955 581 3028 Wilhelmus
598 2955 754 3044 Hassiae,
779 2953 820 3026 de
844 2977 908 3049 quo
925 2953 1002 3025 mihi
1025 2963 1164 3044 constat,
1187 2960 1368 3048 sequelam⁵

287 3051 389 3124 Anno
408 3052 504 3126 1504
521 3053 574 3123 die
591 3053 648 3126 27.
667 3056 756 3142 maii,
781 3075 864 3146 quse
888 3051 948 3122 soit
973 3050 1118 3124 secunda
1144 3062 1367 3145 pentecostes,

238 3153 331 3222 venit
355 3173 478 3242 magno
502 3154 742 3240 cumexercitu
765 3147 921 3244 peditum,
946 3153 1089 3242 equitum
1107 3160 1141 3219 et
1157 3171 1312 3222 curruum
1328 3150 1366 3222 ad

238 3269 389 3340 campum
405 3245 640 3321 Eschersheim
658 3258 692 3319 et
705 3241 913 3318 Contuheim⁶
931 3244 1104 3318 distantem
1121 3269 1187 3318 uno
1204 3247 1331 3320 milliari
1347 3271 1365 3318 a

238 3342 470 3416 Francosordia
495 3355 529 3416 et
552 3347 657 3416 exivit
680 3355 790 3416 contra
808 3343 989 3439 Philippum
1014 3347 1165 3414 comitem
1187 3344 1365 3416 Palatinum

236 3449 397 3514 etomnes
415 3440 499 3514 lilios
517 3445 599 3514 eius.
625 3443 680 3514 Ac
697 3443 807 3512 ultinm
820 3441 970 3530 diemaii,
989 3462 1073 3534 quae
1090 3441 1149 3512 suit
1165 3451 1262 3514 sarda
1279 3465 1364 3536 pen-

235 3539 394 3627 tecostes,
411 3542 624 3633 pertransivit
641 3561 714 3610 cum
733 3536 880 3610 curribus
894 3537 921 3609 F
921 3537 1175 3628 rancofordiem
1192 3543 1265 3633 ipse
1285 3561 1363 3610 veno

234 3633 429 3726 lantgrafins
453 3659 527 3708 cum
552 3633 712 3730 peditibus
731 3647 764 3708 et
780 3633 940 3729 equitibus
957 3638 1170 3729 pertransivit
1185 3635 1362 3726 Moganum

235 3730 317 3802 inira
336 3731 612 3807 Francolordiom.
648 3733 690 3804 Et
712 3733 844 3806 luerunt
865 3736 1026 3804 numerati
1044 3755 1160 3805 conus
1179 3733 1277 3805 1120
1293 3753 1360 3806 oum

289 3936 318 4003 l)
344 3953 376 3992 so
396 3937 440 4006 8.,
465 3936 509 3991 die
534 3938 647 4009 iibrigen
672 3938 861 3994 monarchiam.
897 3935 928 4004 2)
952 3952 1075 3992 sororem
1093 3936 1261 3992 hlaximillaoi
1281 3935 1360 3992 Cuni-

234 4007 359 4076 gundam.
396 4003 427 4073 3)
445 4007 579 4064 Ausbech.
616 4009 647 4077 4)
665 4009 817 4064 Alexander
841 4025 892 4062 von
919 4005 1197 4062 Plalz-Zweihrtichcn
1225 4007 1277 4062 und
1296 4006 1358 4061 vet-

233 4078 324 4218 35⁰3:
343 4076 543 4206 1{gensum-Quid
570 4097 635 4136 vero
663 4079 833 4152 landgravius
861 4077 1020 4136 Wilhelmus
1049 4077 1202 4149 obtinuerit,
1230 4085 1358 4150 sequetur.
