2900 4820
215 201 288 282 272
512 201 678 264 nummus
697 201 1037 266 nunwunooaannsrs.

132 395 203 452 tota
217 379 374 456 Civitates
403 393 512 456 autem
528 382 681 474 Swevie,
709 385 771 480 ipsi
799 381 921 478 presidi
940 383 1061 474 vicine,
1089 381 1160 455 aliis
1188 387 1345 476 plantum

217 478 381 552 audebant
396 481 563 572 faventes,
590 481 768 577 presidem.
793 485 876 555 sicut
893 491 927 552 et
943 490 1070 575 patrem
1087 491 1119 552 et
1136 502 1249 569 avum.
1277 478 1345 548 ba-

216 575 357 650 buerunt
383 601 532 652 exosum.
568 578 710 676 Ipseque
733 577 944 652 Eberhardus
972 577 1103 674 opidum
1127 573 1342 668 Ladenburg¹

217 697 318 770 super
333 675 486 750 Ncckaro
505 681 650 773 episcopi
666 677 941 766 wormaciensis.
968 673 1054 770 quod
1070 685 1146 748 ante
1163 672 1347 746 Robcrtvun

217 772 334 846 ducem
351 773 494 847 Bavarie
512 774 700 849 defensorio
716 778 850 846 nomine
870 775 1016 870 episcopi
1037 777 1198 868 respexit,
1223 769 1285 847 sibi
1303 769 1345 842 de

217 873 319 965 ipsius
337 875 483 968 episcopi
501 895 668 947 consensu
684 872 833 945 adtraxit.
860 867 903 945 Et
918 875 1004 945 inter
1021 869 1138 944 ducem
1151 873 1347 944 etcomitem

217 971 382 1041 exercitus
401 980 648 1062 congregantur
659 974 934 1043 ιιῑιιιιιιίιῑιιιιιιιι.2
959 967 1124 1043 Robertus
1142 979 1253 1042 autom
1264 965 1346 1057 dux,

216 1067 250 1136 in
266 1065 422 1139 Bohemia
440 1067 562 1139 Karolo
585 1071 659 1160 regi
682 1071 778 1140 nimis
795 1067 962 1141 familiaris
980 1077 1033 1140 est
1050 1067 1197 1140 edoctus.
1232 1065 1298 1153 on
1314 1075 1348 1136 et

215 1166 360 1238 vicarius
386 1169 478 1257 regis
506 1165 593 1238 cffioi
619 1163 805 1256 dicebatur,
832 1176 1004 1260 postquam
1030 1165 1221 1238 bauuelem
1248 1185 1347 1237 suum

215 1260 409 1354 liebertum.
432 1283 530 1356 quem
547 1273 580 1334 et
596 1263 794 1336 Arnestum³
812 1266 992 1353 nominant,
1018 1260 1060 1333 de
1077 1263 1264 1358 captivitate
1282 1282 1347 1333 re-

216 1356 324 1430 demit.
359 1359 536 1454 Postquam
552 1363 585 1431 in
601 1359 843 1454 Brandenburg
865 1383 924 1456 pro
970 1382 1030 1431 ace
1047 1361 1220 1454 plurimum
1244 1355 1347 1429 labo-

215 1458 302 1529 ravit
319 1459 468 1531 civitates
485 1457 626 1532 Swevie
650 1469 762 1531 contra
780 1461 916 1532 comites
935 1383 976 1528 de
993 1455 1210 1548 Wirtenberg
1227 1459 1349 1528 acriter

216 1555 370 1626 incitavit.
404 1555 459 1628 Ac
474 1556 565 1628 multi
589 1561 735 1652 episcopi
759 1568 792 1629 et
815 1560 963 1647 minius,
988 1558 1041 1648 qui
1057 1551 1288 1626 Eberhardum
1305 1553 1348 1623 de

216 1649 566 1745 Wirtenbergbabere
583 1653 801 1727 credebantur
818 1676 958 1727 exosum
975 1663 1109 1748 propter
1119 1656 1192 1725 eius
1204 1655 1346 1725 virtutes

216 1759 250 1820 et
266 1752 340 1844 qnia
358 1750 477 1823 malam
501 1754 676 1825 timuerunt
698 1755 987 1847 consequenciam.
1011 1755 1040 1824 si
1063 1748 1228 1824 adversus
1254 1749 1347 1820 illum

215 1845 311 1943 opida
328 1848 553 1944 prevalerent.
577 1873 616 1925 se
633 1861 745 1924 mutuo
763 1851 967 1943 colligarunt.
1002 1847 1123 1946 Sicquc
1140 1848 1233 1922 furor
1250 1847 1349 1938 vulgi

217 1948 349 2040 quievit.

216 2131 266 2204 De
286 2141 388 2206 morte
414 2137 574 2208 Wnlrami
596 2139 797 2210 Coloniarum
820 2137 1070 2226 archicpiscopi.

276 2283 407 2360 Interea
441 2291 576 2362 moritur
609 2287 801 2362 Walramus
835 2287 1101 2384 archiepiscopus
1136 2285 1347 2361 (tolonensis

218 2385 311 2477 [aug.
331 2385 394 2476 14]
421 2397 584 2481 etpostea
603 2386 780 2459 demensa
804 2384 970 2459 decembri
992 2387 1094 2458 frater
1117 2389 1189 2460 eius
1213 2389 1347 2458 comes⁴

214 2480 406 2556 luliacensis
425 2506 443 2555 a
461 2483 535 2556 liliis
554 2487 623 2556 suis
649 2487 785 2586 capitur.
812 2483 854 2554 de
872 2482 1018 2556 sodomia
1046 2495 1231 2578 suspectus.
1268 2481 1348 2554 De-

216 2602 319 2653 canus
337 2603 421 2654 vero
439 2579 645 2654 Olmocensis
673 2583 888 2653 cancellarius
915 2584 1008 2672 regis
1036 2580 1123 2676 apud
1149 2602 1269 2676 papam
1287 2601 1348 2674 pro

216 2676 497 2774 archiepiscopatu
520 2677 662 2766 laborat3
686 2678 747 2752 sed
770 2700 854 2773 papa
871 2681 1053 2774 preposito⁵
1071 2677 1113 2749 de
1131 2679 1213 2750 inst
1230 2681 1287 2748 ruri
1305 2677 1349 2748 de

215 2775 354 2868 capitulo
368 2777 467 2847 multa
484 2779 623 2871 pecnnia
636 2787 768 2870 recepta
786 2775 936 2870 providit.
962 2774 1014 2846 De
1027 2797 1090 2870 qno
1102 2797 1178 2866 rex,
1196 2779 1348 2870 cuipapa

214 2870 257 2940 de
273 2869 422 2943 omnibns
440 2871 682 2968 episcopatibus
700 2873 897 2946 Alamannia
916 2883 1078 2967 ternpore.
1095 2894 1160 2966 quo
1178 2895 1216 2946 sc
1235 2876 1347 2943 intro-

214 2970 301 3039 misit
317 2968 359 3039 de
376 2991 495 3061 regno,
513 2975 708 3064 promiserat
724 2968 913 3065 providere.
931 2971 1106 3064 plurimum
1120 2981 1173 3043 est
1189 2991 1346 3042 commo-

213 3073 280 3155 tus.
306 3063 348 3138 de
364 3065 427 3139 hoc
450 3067 666 3140 cardinalibus
686 3077 719 3138 et
736 3067 810 3140 alibi
834 3066 1075 3162 conquerendo.
1113 3069 1200 3162 Papa
1219 3075 1347 3155 antem,

214 3171 341 3234 mortuo
358 3169 476 3236 comite
494 3163 728 3237 Convenarum
749 3168 822 3238 sine
845 3166 1013 3254 muscariis.
1036 3185 1136 3237 unam
1154 3163 1196 3235 de
1213 3161 1346 3236 filiabus

214 3263 339 3332 comitis
358 3259 423 3332 filio
440 3263 548 3335 fratria
567 3267 616 3335 sui
634 3265 838 3334 matrimonio
856 3263 1022 3357 copulavit
1034 3285 1107 3334 oum
1125 3266 1265 3356 pecunia
1282 3283 1349 3355 per

214 3354 432 3431 Colonienses
451 3357 534 3430 data.
568 3358 692 3432 Omnes
715 3358 862 3432 redditus
887 3359 1032 3432 sedecim
1050 3361 1174 3432 milium
1190 3357 1347 3430 floreno·-

212 3473 286 3524 rum
310 3475 436 3528 annuos
461 3477 543 3550 quos
565 3457 679 3529 relicte
696 3467 730 3528 et
746 3458 818 3528 aliis
842 3455 969 3530 filiabus
994 3460 1119 3530 comitis
1144 3459 1347 3548 assignavit,

213 3552 366 3622 comitatu
393 3551 499 3624 cidem
527 3553 634 3626 fratris
663 3553 729 3625 lilio
755 3564 959 3627 remanente.
1003 3553 1203 3626 Humbertus
1232 3564 1349 3625 autem

212 3643 377 3744 Delphini
404 3653 473 3724 vite
500 3649 738 3745 quodammodo
756 3651 916 3743 tediosus.
945 3662 1067 3724 terram
1095 3674 1190 3727 suam
1206 3654 1348 3724 retentis

264 3850 297 3935 l)
311 3867 343 3934 sp
356 3849 426 3934 ilict.
446 3851 534 3936 lande
548 3853 584 3909 B..
620 3853 651 3923 2)
665 3855 761 3911 Tamen
775 3851 883 3936 opidum
903 3853 989 3937 ipsum
1004 3871 1098 3910 comes
1117 3859 1226 3937 propter
1245 3853 1350 3912 bouum

213 3937 285 4005 pacis
312 3923 411 4005 damnant
429 3929 456 3978 et
473 3941 513 3980 sve
539 3925 683 3998 permansit
702 3927 728 3981 in
749 3927 824 3981 ducis
845 3925 1011 3982 defensione.
1041 3927 1132 4008 Quem·
1145 3939 1230 3982 eoram
1250 3925 1351 3984 ducem

213 3991 1350 4196 tid..tiabitt⁰tillidi?timiditati.imbibistis:

214 4143 309 4218 orente·
328 4141 355 4190 et
382 4144 481 4192 sciente
509 4137 579 4209 iolgt
607 4139 676 4222 noch
704 4156 731 4195 ιιι
759 4139 818 4222 Α..
852 4139 1032 4222 maestum
1051 4141 1080 4224 li²
1121 4139 1152 4221 d)
1172 4139 1291 4195 marchio
1312 4143 1348 4200 Α.

214 4207 245 4274 5)
264 4205 408 4264 erhelmo
427 4225 500 4280 prep.
520 4209 553 4265 de
571 4211 598 4266 Τ.
619 4227 664 4266 um
684 4211 717 4266 de
735 4225 839 4282 gremio
859 4211 964 4284 capituli
984 4209 1155 4270 colonensis
1175 4209 1221 4268 bat
1239 4209 1272 4268 A.
