2900 4820
227 235 299 308 276
525 231 691 288 llAl'llllAS
710 231 1050 290 NUEWENBURGENSIS.

144 422 215 481 1350
228 407 279 479 De
295 406 447 492 conflictu
468 406 708 478 llatrieeasium
725 413 842 478 contro
858 409 1006 478 comitem
1023 408 1065 478 dc
1081 405 1264 495 Habebam.

277 539 404 614 Eodem
421 562 509 613 anno
527 542 798 635 quinquagesimo
810 539 852 610 de
863 561 980 612 mense
1000 537 1356 629 marciiThurioenses‚

229 643 283 736 qui
300 649 376 712 ante
393 660 517 733 paucos
535 659 640 712 annos
666 635 781 728 [1337
799 648 881 732 sept.
900 637 964 728 21]
983 636 1162 709 Iohannem
1181 635 1223 706 de
1239 633 1356 708 Habe-

228 735 315 829 burg
331 737 520 809 occiderant
536 738 570 808 in
587 733 750 826 conflictu,
774 733 829 806 ubi
846 734 1060 828 Beringarius
1079 733 1121 806 de
1137 731 1358 825 Laudenberg

228 834 324 908 miles
341 833 538 908 fortissimus
562 833 692 906 oculum
709 841 784 928 post
804 854 961 924 magnum
983 831 1132 905 laborem
1155 833 1275 922 amisit,
1298 829 1358 902 lo-

228 929 372 1004 hannem
390 931 539 1004 eiusdem
553 927 707 1003 Iohannis
725 928 839 1021 libum,
857 953 903 1001 ex
918 933 1138 1027 persuasione
1156 927 1359 1023 quorundam

227 1032 478 1102 intrinsecorum
500 1039 598 1101 nocte
615 1049 691 1100 oum
707 1028 815 1101 multis
834 1031 966 1100 armatis
989 1026 1231 1120 ingredientem
1249 1029 1357 1098 animo

228 1125 378 1222 capiendi
395 1129 579 1216 dvitatem,
603 1135 781 1220 oeperunt,
803 1124 999 1218 Beringanic
1022 1125 1168 1219 predicto
1185 1124 1360 1217 multisque

227 1219 323 1295 bonis
340 1226 459 1296 occisis
478 1221 556 1316 [leb.
575 1221 700 1313 23-41.
733 1221 795 1309 Qui
812 1223 930 1295 multos
954 1225 1168 1296 civitatenses
1186 1219 1359 1316 decapita-

228 1325 315 1392 ront¹
335 1321 520 1414 multosque
543 1319 708 1392 flexerant
730 1340 832 1412 super
854 1329 954 1392 rotas.
988 1318 1129 1412 Egressi
1149 1327 1226 1392 sunt
1249 1329 1359 1392 autem

228 1428 305 1489 aute
322 1415 453 1512 opidum
470 1417 717 1511 Rapnehtnwile
742 1420 844 1511 ipsius
869 1419 1008 1508 comitis,
1033 1414 1118 1512 quod
1140 1415 1261 1491 iratres
1288 1419 1360 1488 eius

227 1517 384 1605 iuvenes,
401 1513 505 1587 occidi
516 1525 646 1609 captum
655 1517 821 1605 timentes,
838 1525 1038 1608 aperuerunt
1051 1514 1178 1588 eisdem
1191 1513 1359 1604 [marnAJ.

227 1610 265 1684 ln
282 1635 346 1708 quo
364 1616 480 1684 itinere
496 1611 657 1686 Rudolfus
675 1612 786 1683 Bruno
804 1615 964 1704 magister
980 1615 1133 1704 civitatis
1155 1609 1275 1705 diuque
1293 1633 1361 1708 po-

227 1712 297 1782 cior
312 1709 445 1801 itidem,
463 1712 614 1804 quamvis
631 1707 794 1804 plebeius,
813 1719 868 1784 est
883 1710 978 1784 miles
996 1709 1142 1784 effectus.

228 2045 614 2123 communnonus
657 2023 848 2124 monton
890 2049 1091 2125 namins
1134 2049 1362 2125 nonuun-

227 2163 485 2240 nunconsrs.
513 2161 1361 2356 1350-11ἒ57ἷῗέῗξ81365-1368.13734.

276 2508 387 2584 Antea
405 2519 515 2584 autem
531 2507 724 2586 habentibus
734 2509 954 2588 Waldnoriis²
966 2511 1008 2586 de
1018 2511 1110 2586 Sultn
1122 2511 1260 2588 Alsaoie
1270 2511 1362 2587 litem

226 2631 302 2682 cum
318 2608 483 2682 Mollitore
507 2611 606 2682 milite
623 2609 816 2684 Thurioensi
840 2621 874 2683 et
896 2609 1082 2684 nolentibus
1099 2611 1358 2686 Thuricensibus

226 2706 368 2800 aliquam
384 2708 447 2780 illis
465 2707 576 2779 lacere
593 2711 753 2782 iusticiam
777 2731 888 2781 coram
905 2707 1088 2781 civitatibus
1107 2711 1165 2781 vel
1182 2708 1271 2800 aliti,
1296 2713 1360 2782 nisi

226 2825 338 2875 coram
357 2803 495 2878 sculteto
512 2808 670 2899 ipsorum
688 2807 817 2900 illisque
834 2805 1082 2901 pignorantibus
1100 2805 1362 2880 Thuricensesl:

227 2912 457 2974 eccecentum
478 2903 571 2975 cives
588 2901 792 2978 Basilienses
810 2913 844 2976 et
861 2907 1070 2998 septinginta
1087 2904 1361 2996 Argentinenses

225 2999 260 3068 in
276 3001 550 3092 peregrinacione
568 3012 684 3075 euntes
703 2999 745 3072 ad
761 3005 997 3074 monasterium
1008 3001 1252 3074 Heremitarnm
1270 3027 1361 3098 oap-

226 3097 318 3168 tivoti
345 3107 423 3170 sunt
447 3099 481 3169 in
497 3095 654 3190 Thruego
682 3110 716 3172 et
741 3097 894 3170 induciati
911 3096 953 3170 ad
970 3109 1099 3194 tempus
1127 3097 1188 3172 sub
1214 3103 1362 3174 maxima

225 3197 394 3266 caucione.
429 3193 472 3266 Et
495 3217 569 3266 oum
592 3219 612 3267 a
635 3195 892 3269 Thuricensibus
914 3195 1127 3269 intolerabilia
1154 3207 1362 3291 peterentun

227 3293 395 3364 suntinea
419 3295 577 3366 umatum
595 3292 730 3365 reducti.
756 3292 798 3363 Et
816 3292 1036 3367 confederatis
1048 3295 1089 3366 ad
1103 3297 1362 3391 quinquennium

226 3406 300 3457 oum
331 3314 466 3460 ducibus
489 3387 626 3462 Austris
649 3390 971 3484 Argentinensibus,
996 3391 1254 3484 Basiliensibus‚
1278 3391 1362 3488 Fri-

225 3480 447 3576 burgensibus
467 3495 502 3556 et
516 3487 767 3562 Brisaoensibus
792 3487 1004 3580 civitatibus,
1028 3489 1222 3584 indictisque
1247 3512 1360 3564 exer-

224 3579 339 3656 citibus
362 3582 578 3679 omnibusque
601 3590 722 3679 paratis
740 3597 774 3657 et
789 3585 975 3659 volentibus
993 3586 1296 3681 Argentinensibus
1326 3599 1362 3660 et

222 3675 460 3754 Basiliensibus
478 3683 641 3779 episcopis
660 3707 733 3756 oum
744 3684 806 3756 illis
820 3686 1014 3780 inpersonis
1033 3688 1171 3781 propriis
1188 3683 1358 3779 proticisci

224 3781 344 3871 captivi
361 3780 528 3852 oiumtum
546 3791 622 3854 sunt
638 3785 786 3856 restituti.

273 3873 523 3948 Convenerant⁵
541 3888 651 3950 autem
668 3901 731 3954 rex
745 3877 882 3954 Carolus
896 3890 929 3953 et
941 3879 1145 3956 luodewicus
1158 3881 1305 3954 marohio
1325 3884 1362 3954 in

277 4023 307 4092 l)
333 4024 492 4097 decapitavit
514 4026 542 4084 Β.
578 4027 610 4096 2)
634 4027 799 4085 Walduariis
823 4029 855 4084 A
894 4029 924 4098 3)
950 4027 1156 4086 Thuricensibus
1181 4031 1213 4088 A.
1250 4033 1282 4102 4)
1307 4031 1361 4089 Die

222 4091 386 4152 bundesurlr.
406 4097 431 4153 d.
445 4097 471 4152 d.
484 4098 561 4154 Basel
581 4097 652 4155 1350
670 4117 724 4172 apr.
737 4099 774 4156 24
792 4099 818 4156 in
833 4099 998 4158 Schroibor's
1012 4100 1069 4158 Ull.
1090 4117 1143 4158 von
1157 4101 1287 4173 Freiburg
1304 4103 1360 4175 2b,

221 4165 282 4248 397„
319 4168 350 4235 5)
369 4168 417 4224 Die
432 4169 659 4242 chronologtsohe
673 4171 800 4242 ordnung
813 4172 861 4229 der
874 4173 1002 4229 naehsten
1017 4172 1114 4246 capitol
1126 4173 1162 4230 ist
1174 4175 1201 4229 iu
1215 4175 1359 4231 einzelnen

222 4235 319 4297 thulen
338 4237 460 4297 odachar
478 4247 561 4298 etwas
580 4242 716 4316 versum,
739 4243 818 4302 allein
837 4244 879 4302 ich
898 4259 977 4316 wago
996 4244 1069 4304 nicht
1087 4246 1159 4304 obue
1179 4245 1241 4304 eine
1267 4247 1360 4304 hand-
