2900 4820
252 249 325 328 254
550 245 717 308 numurus
736 245 1076 308 uuuwuueunouusm.

167 438 239 496 1348
253 425 464 498 intromittere
482 422 657 498 dicebatur.
684 423 737 496 Dc
755 435 870 520 quaet
890 425 1035 497 litteren
1052 423 1255 520 principibus
1266 424 1402 496 civita-

254 521 339 596 tibus
358 534 433 596 sunt
450 522 583 596 directe.
609 523 664 596 Ex
680 546 743 620 quo
761 527 794 594 in
811 523 988 596 Germania
1006 521 1152 596 turbario
1170 533 1224 596 est
1241 521 1400 595 suborta.

303 621 419 694 Nuucii
443 632 553 694 autem
569 620 965 694 Frauhenicrdensioma
987 643 1085 712 rege,
1110 623 1308 716 requirente
1337 643 1402 692 eos

256 741 357 815 super
380 722 430 791 sui
454 722 663 815 recepcione,
690 719 811 790 infecto
835 723 977 812 negocio
998 729 1222 790 recesserunt
1270 717 1404 813 Sicque

254 839 318 889 rex
335 839 409 889 cum
427 821 542 890 timore
559 817 784 889 Wormaciam
802 826 854 890 est
870 839 1042 890 reversus.
1080 815 1249 911 Maneque
1269 817 1404 888 volens

256 915 429 1006 recedereq
451 925 647 1011 expectante
664 917 752 986 omni
769 925 870 1006 gente
889 938 949 988 sua
968 923 1092 987 armata
1109 925 1186 987 ante
1204 913 1404 1010 hospicium
1441 1001 1442 1010 ἶ

254 1035 364 1103 suum„
393 1035 459 1085 non
481 1017 611 1108 pagetis
634 1010 815 1107 hospitibus
841 1017 931 1085 curie
956 1023 989 1084 ct
1010 1015 1149 1109 coquine
1173 1035 1251 1103 sue,
1280 1023 1321 1084 et
1347 1013 1404 1084 diu
1441 1013 1442 1016 ’

254 1121 450 1206 expectante
468 1121 532 1184 tota
550 1121 664 1202 gente,
687 1113 804 1181 iterum
825 1110 867 1181 ad
891 1112 1059 1206 querclam
1083 1110 1247 1183 carnificis
1273 1133 1404 1203 regem
1441 1121 1442 1204 t

254 1213 459 1300 anuescente,
475 1232 519 1280 nc
537 1208 734 1298 discederet,
751 1206 857 1282 factus
870 1211 964 1282 estin
1019 1208 1277 1303 puiotumultus.
1308 1210 1405 1282 Pno-
1441 1227 1442 1260 ³

254 1305 452 1380 mittentibus
480 1317 589 1379 autem
615 1304 781 1402 plmibus‚
808 1329 853 1378 nc
876 1305 926 1378 dis
991 1316 1087 1378 orent
1111 1305 1304 1402 hospitibus
1335 1331 1404 1380 nou
1441 1345 1442 1374 1

277 1408 396 1496 agatis,
420 1426 484 1478 rex
499 1404 630 1501 Spiram
653 1407 809 1501 perrexit.
853 1406 1039 1499 Proscriptc
1062 1414 1173 1475 autem
1191 1404 1404 1478 carnifices
1441 1457 1442 1504 p

302 1506 457 1595 ormacia,
484 1507 556 1598 ipse
573 1503 670 1600 Spire
687 1501 729 1574 ad
747 1504 892 1594 graciam
915 1507 1007 1596 regis
1024 1505 1181 1595 veniens,
1199 1501 1244 1574 od
1271 1527 1404 1599 preces

254 1604 367 1692 regius
385 1611 437 1674 cst
454 1612 652 1696 resumptus.
1441 1592 1442 1622 ¹

257 1807 406 1900 Qualiter
426 1809 646 1880 rectoratus
667 1811 707 1880 de
723 1755 826 1898 ¹Spita
847 1811 907 1880 icit
924 1811 960 1880 in
976 1809 1135 1881 Socctom
1152 1811 1202 1894 od
1219 1813 1405 1900 rcctpien-
1441 1767 1442 1862 h

355 1912 431 1978 dum
449 1909 641 1991 fidelitatem
661 1911 702 1978 de
723 1909 906 1979 natatibus
926 1912 1065 1998 imperti,
1090 1917 1122 1978 et
1140 1912 1292 1996 quotttcr
1315 1915 1409 1982 ocni!

353 2009 388 2076 in
404 2005 590 2096 dolendorp
610 2009 761 2077 comitum
778 2009 819 2077 dc
835 2007 1039 2096 Hohcnherp,
1060 2006 1117 2076 ubi
1134 2007 1405 2080 hastiludicrnm

354 2107 450 2174 curto
471 2113 520 2175 cst
540 2108 674 2176 indicto.

248 2321 250 2324 .
320 2255 536 2332 Ascendeute
563 2267 674 2330 autom
702 2258 856 2350 episcopo
881 2255 1121 2348 Argentinensi
1145 2265 1178 2328 et
1207 2254 1400 2332 baronibus

254 2356 392 2428 Alsacie
408 2358 463 2451 qui
479 2354 734 2445 descenderant
752 2375 816 2424 rex
823 2353 983 2426 Sueviom
995 2357 1152 2449 perrexit,
1169 2357 1288 2428 altimo
1308 2357 1405 2429 fide-
1441 2358 1442 2446 i

253 2453 377 2525 litatem
400 2477 420 2524 a
444 2451 628 2526 civitatibus
655 2453 782 2524 Sueuie
809 2448 987 2545 recipiendi
1014 2455 1048 2522 in
1073 2445 1182 2524 Ulma.
1236 2453 1403 2548 Pergens

255 2561 365 2623 autem
375 2549 572 2643 Rotenhurg
589 2553 741 2622 comihrm
759 2547 801 2618 de
811 2547 1027 2642 Hohenherg‚
1044 2546 1121 2621 inihi
1138 2548 1402 2624 hastiludiorum

254 2653 342 2720 curia
362 2661 416 2721 est
430 2647 561 2739 indicta„
587 2659 619 2719 et
636 2648 777 2720 latenter
799 2644 859 2717 suh
884 2650 983 2720 armis
1001 2645 1184 2718 Schilhardi
1209 2646 1256 2719 de
1274 2649 1405 2722 Rech-

254 2744 339 2839 berg
355 2744 573 2837 hastiludenm
590 2741 1016 2840 per...dehapidemilitem
1035 2743 1093 2816 iuit
1108 2747 1142 2814 in
1159 2755 1290 2818 terram
1311 2771 1404 2843 pro-
1441 2747 1442 2750 ’

255 2853 385 2917 stratus.
418 2843 611 2936 lntehigens
629 2854 739 2914 autem
756 2841 851 2912 miles
868 2863 986 2933 regem
1004 2865 1095 2931 esse,
1113 2840 1174 2914 sibi
1192 2865 1324 2937 equum
1346 2857 1404 2920 at-

254 2943 363 3032 traxit,
381 2962 477 3035 quem
494 2963 558 3014 rcx
574 2963 633 3036 pro
652 2941 827 3032 sexaginta
838 2943 957 3014 marcis
975 2937 1123 3012 redemit.
1156 2938 1262 3012 Mane
1282 2955 1403 3015 autem

253 3036 439 3114 volentibus
457 3039 519 3113 illis
537 3033 686 3110 dividere
706 3060 768 3132 per
785 3037 902 3128 galeas
919 3047 1171 3129 tomamentum„
1196 3048 1230 3108 et
1255 3054 1401 3135 repertu

253 3137 383 3210 casside
408 3140 480 3210 sinc
505 3139 614 3230 signo,
638 3135 870 3229 intellectoque
893 3133 979 3229 quod
1002 3139 1095 3226 regis
1119 3145 1224 3226 esset,
1252 3140 1403 3211 consitio

252 3237 330 3306 inito
348 3259 367 3305 a
384 3244 612 3307 torneamento
630 3237 827 3306 cessarunt.¹
853 3229 1015 3304 Dicebant
1031 3237 1135 3305 enim:
1158 3237 1188 3303 st
1206 3238 1402 3322 periclito-

251 3334 533 3422 recreatorum,
553 3341 665 3422 poscet
678 3334 747 3402 dict
763 3334 798 3401 to
820 3329 965 3415 semrom
982 3350 1094 3420 repen
1110 3333 1271 3402 nmium
1288 3333 1402 3419 same

248 3449 312 3520 per
329 3430 458 3502 Succos.
495 3430 646 3502 Veniens
664 3437 773 3500 autem
791 3427 933 3519 Uimam,
951 3425 1070 3498 ibidem
1088 3451 1108 3498 a
1126 3431 1401 3524 vigintiquatuor

252 3526 379 3602 Suevie
396 3529 501 3622 opidis
519 3525 579 3600 sub
599 3525 792 3622 quibusdam
809 3529 926 3620 pactis„
955 3528 1145 3599 iuramentis
1162 3549 1222 3620 per
1240 3549 1285 3600 ea
1305 3551 1400 3623 pre-

252 3627 348 3717 stitis
367 3635 419 3697 est
435 3635 597 3719 receptus.
641 3623 768 3697 Volcns
787 3631 896 3694 autern
913 3627 962 3693 irc
980 3622 1180 3716 Nitrenbcrg
1203 3633 1238 3696 et
1261 3624 1395 3699 deinde

251 3722 454 3812 schemam,
478 3725 591 3818 positis
610 3719 672 3795 sibi
687 3720 813 3794 insidiis
821 3743 893 3888 per
909 3720 1132 3792 marchionem
1149 3725 1182 3793 in
1198 3721 1396 3796 Branden-

252 3819 349 3914 burg,
366 3843 527 3894 reversus
546 3817 752 3909 esctumam,
771 3827 804 3889 et
844 3817 941 3890 einde
957 3819 1127 3912 paraliam
1137 3821 1227 3891 viam
1239 3827 1397 3894 veniens

251 3917 463 4011 Nitrenberg,
480 3916 672 3989 Bohemiam
690 3926 741 3990 est
758 3937 920 3988 reversus
940 3915 1050 4006 [ieh.].
1088 3915 1217 3988 Eodem
1237 3941 1333 3992 anno
1354 3921 1397 3991 de

251 4037 368 4098 mense
385 4019 497 4088 marcii
514 4017 600 4089 misit
616 4035 773 4106 magnam
790 4024 925 4104 gentem
943 4013 1166 4104 deBohemia,
1184 4037 1251 4109 que
1262 4026 1395 4089 terram

251 4112 386 4185 Roherti
411 4114 502 4194 ducis
524 4113 668 4186 Bavurie
685 4112 822 4183 Palatini
844 4111 1018 4207 plurimum
1043 4111 1243 4186 devastavit.
1288 4115 1397 4188 Con-

306 4260 336 4332 1)
354 4279 386 4318 so
406 4263 485 4334 hirst,
507 4261 624 4320 cessauit
641 4262 670 4320 B.
