2900 4820
213 223 286 297 294
394 221 613 283 commodato
632 223 799 282 battutas
818 225 1157 284 ttottwtrtouttomtsts.

130 407 200 466 1366
214 397 337 473 toribus
364 400 469 473 voluit
495 399 719 473 fraudulenter
752 403 882 496 cepisse
910 404 1074 474 civitatem
1103 423 1163 474 seu
1189 400 1346 497 oppidum

213 495 364 590 Friburg.
393 497 462 570 Sed
480 501 572 571 cives
589 502 763 592 premoniti
780 503 907 596 parum¹
929 501 1118 573 clauserunt
1134 509 1245 595 portas
1263 523 1345 574 suas

215 604 248 666 et
265 599 448 669 exteriores
460 595 597 667 fraudati
609 595 889 670 suntadesiderio
903 621 973 672 suo.
994 597 1114 671 Postea
1125 601 1208 669 intra
1219 597 1345 693 pascha

81 741 86 750 -
214 703 247 764 et
263 703 479 788 pentecosten
496 693 697 767 destructum
714 695 772 767 brit
789 705 932 769 castrum
942 693 1083 788 Friburg
1092 718 1152 791 per
1163 699 1256 769 cives
1265 695 1347 768 Fri·

213 789 420 884 burgenses3
439 815 483 866 ex
499 789 562 863 boc
578 803 648 865 orta
668 803 719 866 est
735 792 828 886 briga
847 797 932 866 inter
949 798 1101 866 comitem
1118 805 1152 866 et
1169 797 1274 869 cives,

130 897 224 957 1367·
264 891 365 963 Anno
395 889 480 962 dom.
511 891 727 964 mocclxvii.
759 895 792 962 in
821 889 873 964 die
901 891 988 964 beati
1015 891 1104 963 Luce
1134 893 1348 984 evangeliste

216 989 294 1081 [oct.
306 989 368 1079 18]
388 987 543 1061 bellatum
561 1011 622 1060 seu
640 1001 819 1084 pugnatum
837 991 896 1062 luit
907 1015 925 1061 a
937 993 1054 1062 comite
1066 1001 1099 1061 et
1116 987 1243 1064 civibus
1261 1013 1348 1086 pre-

215 1087 307 1158 dictis
332 1110 349 1156 a
374 1087 417 1158 ud
434 1085 611 1178 Endingen
638 1097 671 1158 et
696 1089 861 1182 prevaluit
887 1109 1013 1179 comes,
1042 1086 1168 1160 civibus
1196 1091 1348 1182 graviter

215 1109 516 1276 subcumbentibus7
534 1187 576 1256 ita
596 1182 681 1280 quod
698 1208 744 1258 ex
760 1195 853 1280 parte
871 1189 991 1258 civium
1003 1196 1036 1257 et
1051 1206 1164 1256 eorum
1181 1185 1347 1258 lautorum

214 1281 288 1378 plus
314 1305 410 1375 pram
436 1282 525 1354 mille
548 1285 648 1355 occisi
673 1293 748 1355 sunt
766 1294 799 1354 et
815 1285 943 1378 plurimi
968 1287 1088 1377 captivi
1105 1281 1233 1356 abducti
1252 1294 1346 1372 srmt3

215 1384 316 1452 ceteri
342 1380 510 1472 fugierunt
527 1405 546 1451 a
563 1381 647 1452 sacia
665 1385 800 1454 comitis.
837 1381 908 1453 Heu
933 1382 1121 1453 acciderunt
1138 1385 1187 1454 eis
1213 1391 1349 1476 propter

215 1475 401 1571 superbiam
420 1501 547 1569 eorumq
575 1483 647 1574 quia
665 1482 708 1549 ita
727 1479 803 1550 elati
819 1480 951 1550 fuerunt
973 1479 1064 1571 lacti,
1088 1478 1173 1573 quod
1190 1477 1348 1551 nolebant

214 1575 379 1648 dominum
411 1599 507 1649 suum
534 1580 712 1671 proprium,
742 1579 867 1650 scilicet
890 1581 1041 1649 comitem
1064 1575 1256 1672 predictumq
1284 1599 1348 1648 re-

215 1695 421 1765 cognoscere
440 1695 498 1768 pro
517 1673 648 1746 domino
667 1697 728 1746 suo
742 1685 774 1746 et
792 1679 865 1770 quia
882 1685 1085 1748 rennuerunt
1102 1671 1226 1745 babere
1242 1675 1347 1767 ligam

213 1775 304 1867 pacis
326 1795 399 1842 cum
417 1771 733 1864 Argentinensibus,
752 1795 847 1868 quam
865 1778 955 1868 prius
973 1773 1047 1868 plus
1065 1795 1161 1868 quam
1178 1793 1241 1868 per
1257 1795 1347 1867 qua-

215 1870 364 1961 draginta
390 1891 495 1942 annos
519 1874 661 1942 cumeis
684 1868 885 1959 habuerant3
909 1893 1007 1966 quam
1025 1873 1052 1943 si
1070 1873 1255 1944 tenuissent
1272 1890 1347 1941 uum

215 1969 278 2056 ais,
295 1966 358 2038 hec
374 1969 562 2040 nullatenus
580 1979 692 2040 contra
703 1991 763 2041 eos
782 1979 969 2064 attemptata
986 1969 1137 2040 fuissent.
1163 1969 1243 2040 Post
1260 1966 1348 2041 sub-

215 2064 365 2136 diderunt
382 2087 420 2137 se
438 2064 512 2137 duci
529 2066 679 2158 Austris,
703 2089 824 2159 magna
843 2089 969 2140 summa
988 2069 1128 2160 pecunie
1146 2066 1221 2138 data
1238 2068 1347 2137 comiti

213 2184 274 2258 pro
291 2165 362 2234 lure
379 2185 454 2252 suo,
478 2161 564 2257 quod
586 2161 698 2235 habuit
714 2164 796 2236 inira
821 2185 932 2237 muros
957 2185 1019 2237 scu
1042 2167 1251 2253 territorium,
1275 2167 1348 2234 iure

215 2270 374 2332 exboneo
393 2258 453 2333 sibi
470 2272 655 2334 reservato.
688 2261 730 2334 Et
748 2266 796 2334 sic
812 2273 944 2358 propter
961 2259 1147 2357 superbiam
1166 2283 1282 2332 eorum
1299 2263 1347 2333 ira

214 2356 267 2430 dei
291 2357 440 2431 ascendit
457 2381 557 2453 super
580 2382 640 2434 eos
659 2371 692 2432 et
716 2360 833 2432 occidit
855 2363 997 2455 pingues
1023 2379 1138 2430 eorum
1156 2369 1190 2431 et
1213 2381 1347 2430 omnem

213 2465 321 2527 actum
344 2479 460 2528 eorum
477 2457 658 2551 impedivit,
681 2462 725 2530 ita
743 2457 829 2554 quod
845 2481 911 2531 non
935 2460 1086 2531 serviunt
1108 2479 1198 2529 mmo
1214 2455 1347 2529 domino

214 2575 288 2642 suo,
307 2552 367 2625 sed
385 2555 445 2626 diis
466 2555 592 2628 alienis.

130 2657 200 2718 1368
262 2652 363 2724 Anno
389 2651 474 2724 dom.
493 2653 722 2727 m.ccc.lx.viii.
740 2666 815 2748 post
838 2653 959 2749 pascha
985 2655 1071 2725 circa
1089 2651 1252 2726 kalendas
1271 2655 1346 2723 maii

213 2749 375 2822 transtulit
399 2773 437 2823 se
462 2750 615 2825 Urbanus
639 2755 769 2846 quintus
797 2775 881 2847 papa
906 2750 947 2823 de
971 2751 1140 2823 Avinionc
1164 2747 1207 2821 ad
1230 2747 1346 2821 urbem

213 2843 396 2919 Romanam
414 2851 507 2943 quasi
524 2847 567 2920 ibi
582 2853 704 2942 iugiter
721 2850 896 2940 monendo,
921 2854 994 2944 quia
1013 2853 1102 2922 curia
1119 2849 1272 2920 Romana
1290 2849 1348 2920 vcl

214 2944 314 3018 sedes
339 2946 516 3041 apostolica
540 2948 737 3042 permultos
764 2969 869 3020 annos
887 2957 1024 3020 steterat
1040 2951 1073 3018 in
1090 2947 1271 3019 Avinione.
1305 2943 1347 3016 llt

215 3047 365 3136 sequenti
382 3066 469 3115 anno
486 3068 646 3119 reversus
665 3053 717 3118 est
734 3046 775 3117 ad
789 3047 1000 3118 Avinionem.
1026 3044 1108 3118 Item
1125 3045 1347 3116 intencionem

212 3137 324 3214 habuit
341 3143 532 3215 revertendi
548 3143 702 3234 Romamq
721 3142 780 3217 sed
798 3155 902 3216 morte
920 3153 1101 3238 preventus
1118 3143 1187 3214 brit.

130 3244 199 3302 1373
262 3239 364 3310 Anno
388 3239 473 3312 dom.
492 3242 720 3314 mccclxxiii.
740 3251 869 3337 captum
887 3253 958 3314 erut
975 3253 1118 3315 castrum
1135 3238 1347 3312 Herlesheim

213 3359 275 3431 per
291 3336 457 3431 presidem
474 3337 610 3412 Alsacic
629 3349 662 3410 et
677 3340 773 3433 opida
800 3343 924 3434 imperii
943 3350 976 3411 et
992 3340 1275 3432 Argentinenses.
1307 3339 1349 3411 Et

214 3434 443 3529 comprehensi
461 3441 586 3508 suntin
603 3459 645 3508 eo
663 3441 893 3533 quinquaginta
912 3437 1077 3531 predones
1092 3435 1192 3509 etalii
1209 3440 1347 3530 pessimi

213 3553 368 3626 nequam,
394 3557 531 3629 quorum
555 3536 652 3630 aliqui
670 3533 826 3629 capitibus
851 3539 988 3608 truncati
1015 3545 1103 3626 sunt„
1127 3533 1245 3628 reliqui
1263 3557 1349 3607 vero

213 3630 363 3724 patibulis
382 3643 458 3706 sunt
475 3635 638 3726 suspensi.

130 3733 200 3790 tstt
262 3729 363 3801 Anno
381 3729 466 3802 dom.
479 3731 716 3802 mccclxmiiii.
728 3743 894 3805 venerunt
910 3743 978 3806 tres
995 3729 1225 3804 inundationes
1238 3755 1349 3828 aqua-

212 3849 285 3898 mm
304 3827 523 3914 succedentes
542 3851 580 3900 se
598 3827 681 3900 infru
699 3829 819 3903 festum
837 3828 1010 3924 epiphanie
1027 3831 1105 3920 [ian.
1115 3828 1153 3920 6]
1173 3839 1208 3900 et
1225 3828 1347 3904 festum

215 3929 318 3998 sancti
330 3924 498 3997 Valentini
519 3925 691 4018 [leb.14]‚
708 3931 751 3998 ita
769 3927 855 4023 quod
873 3931 1001 4000 interim
1018 3948 1084 3999 non
1102 3938 1173 3999 erat
1189 3932 1348 4002 transitus

213 4037 274 4117 per
291 4023 426 4096 lluvium
444 4023 563 4095 dictum
580 4022 733 4116 Suelling
748 4029 811 4098 nisi
829 4026 994 4098 mediante
1010 4027 1156 4118 navigio.

268 4241 297 4318 1)
317 4242 391 4321 prins
409 4242 558 4302 vermutbet
575 4243 681 4306 Studes.
