3036 4822
272 231 347 326 308
565 233 1104 306 omrnannmouorerruaouur.

272 403 387 468 solutas
415 407 535 486 prestito
563 407 740 482 iuramento,
769 405 846 485 quod
874 405 964 468 eidem
985 405 1139 468 haderico
1167 403 1202 466 de
1223 414 1320 466 cetero
1346 423 1402 470 noa

272 489 403 564 assistat,
426 489 481 549 nisi
502 484 586 549 luerit
608 508 671 550 cum
693 487 818 550 ecclesia
840 489 1010 550 reformatus
1035 487 1110 568 trgi.
1132 507 1161 568 p.
1183 483 1245 547 232
1267 485 1403 548 schiuss·

271 577 363 644 sata),
385 571 484 630 weitar
505 570 550 630 die
571 571 690 652 capitel:
713 576 760 631 De
775 581 943 632 terremotu
957 580 1013 631 etc.
1034 606 1064 615 -
1089 573 1136 630 De
1149 573 1334 647 pestilencia
1349 579 1402 630 etc.

271 683 309 698 -·
333 657 381 712 De
409 657 490 714 mala
516 655 606 728 sama
633 663 688 715 etc.
713 683 750 696 -
783 658 830 714 Bc
858 659 1014 730 prtnetpto
1040 657 1219 730 pestilencia
1239 661 1294 714 etc.
1328 649 1403 712 oben

271 753 299 816 p.
322 731 486 796 aot-26⁷
515 734 571 796 und
601 734 657 796 das
680 753 743 816 erp.
770 739 913 806 Qualiter
940 755 1029 813 papa
1047 737 1179 796 taleida&
1198 741 1255 796 etc.
1276 753 1307 814 p.
1328 733 1402 810 275,

271 815 383 878 woraui
401 816 451 878 dar
466 817 543 886 teri.
565 815 746 896 selbsttadig
767 816 959 880 waltarithrt:

273 955 276 964 '
321 942 397 1016 Orto
416 954 469 1017 est
485 953 594 1016 autern
612 943 751 1018 hiisdem
759 945 876 1016 diebus
895 945 1020 1019 scilicet
1037 966 1123 1016 anno
1134 943 1401 1016 dominiiuccel.

271 1046 443 1114 contencio
460 1045 545 1114 iuter
560 1053 672 1137 partes
689 1046 722 1112 in
734 1041 883 1116 Gewilre
901 1053 935 1113 et
951 1045 1069 1114 vicinia
1089 1051 1122 1113 et
1139 1037 1290 1112 abbatem
1303 1039 1403 1112 Mor-

270 1137 462 1228 bacensem„
490 1143 543 1234 qui
570 1149 696 1234 partem
725 1142 854 1212 sculteti
880 1143 992 1211 tenuit.
1032 1140 1234 1234 Postquam
1264 1142 1402 1234 sopitam

270 1235 374 1309 Rhter
385 1237 426 1308 de
437 1235 672 1329 Stoudenberg
683 1238 779 1310 etalii
797 1237 927 1334 quidum
939 1237 1190 1309 Hanemanuum
1203 1235 1403 1326 Waldenea

270 1343 424 1428 nepotem
441 1334 700 1426 Argentinensis
719 1345 752 1406 et
767 1335 960 1408 Basiheusis
985 1339 1227 1429 episcoporum
1250 1337 1284 1403 in
1305 1333 1403 1428 opido

269 1430 355 1502 horo
372 1433 405 1502 in
423 1451 539 1504 mensa
558 1429 731 1505 sedentem
748 1442 845 1503 nocte
862 1431 1050 1505 occidentes
1067 1433 1277 1503 ultramuros
1295 1431 1403 1522 lnge-

270 1531 353 1600 runt.
380 1529 589 1624 Quapropter
602 1528 799 1602 Bertholdus
818 1533 992 1624 episcopus
1006 1531 1278 1624 Argentinensisq
1297 1532 1352 1622 qui
1371 1537 1404 1600 et

269 1635 346 1697 oute
363 1637 505 1699 castrum
523 1624 758 1718 Stouiienberg
773 1625 946 1716 destruxit,
970 1629 1113 1699 totaliter
1128 1629 1246 1698 iterum
1262 1628 1295 1696 iu
1315 1645 1403 1696 auno

268 1721 388 1795 iubileo
412 1722 454 1794 de
480 1745 598 1795 meuse
622 1727 752 1816 augusti
776 1745 836 1818 pro
859 1735 952 1818 parte
976 1724 1111 1820 prodisti
1128 1723 1235 1795 auter
1255 1721 1402 1796 funditus

269 1818 445 1892 demolivit.
481 1821 543 1893 ilic
559 1821 664 1892 Rhter
686 1832 801 1916 postea
826 1843 912 1894 anno
938 1821 1263 1894 dom.1u.cec.l.v.in
1285 1820 1401 1892 ridica

269 1915 423 1990 Conrado
451 1916 492 1989 de
519 1917 798 2008 Waschensteim
826 1917 954 1992 duobus
981 1917 1025 1990 de
1047 1919 1225 2006 Hadestatq
1252 1915 1402 1988 Iohanne

268 2009 499 2088 Waldeneret
514 2017 599 2106 aliis,
618 2015 659 2087 de
677 2025 774 2087 nocte
792 2019 985 2090 intromissis
1004 2039 1065 2111 per
1082 2014 1240 2112 quosdam
1256 2015 1400 2087 famulos

267 2111 453 2204 traditores
470 2117 504 2184 in
521 2117 593 2208 ipso
611 2121 719 2187 castro
737 2111 912 2186 crudeliter
929 2124 982 2188 est
997 2119 1137 2187 occisus.

272 2227 274 2232 ’
314 2225 512 2304 Bertholdus
547 2249 676 2326 quoque
711 2233 886 2324 episcopus
915 2231 1174 2322 Argentiuensis
1210 2227 1352 2300 redemit
1382 2249 1400 2299 a

268 2324 507 2398 marchionibus
532 2323 573 2397 de
590 2323 705 2397 Baden
723 2326 764 2396 de
789 2347 954 2399 consensu
978 2331 1071 2420 regis
1089 2325 1184 2422 opida
1204 2323 1399 2420 Odenburffi

267 2421 505 2516 Gangenbach,
529 2421 622 2494 Zelle
640 2443 714 2495 cum
739 2427 934 2516 atunencits,
961 2423 1111 2516 obligans
1129 2445 1188 2518 pro
1205 2423 1267 2498 hiis
1285 2423 1400 2496 thelo-
1510 2429 1511 2438 ‘

266 2541 367 2591 noum
383 2520 644 2613 Argentinense.
680 2520 761 2592 ltern
785 2525 948 2593 coustituit
970 2520 1150 2593 lohanueru
1178 2519 1220 2592 de
1237 2520 1399 2592 Liehteu-

266 2611 351 2710 hcrg
359 2621 562 2713 prepositum
571 2618 856 2710 Argentiuensem
869 2621 1175 2691 amministratorem
1187 2622 1398 2713 episcopatus

265 2713 341 2809 post
358 2725 497 2787 mortem
514 2725 548 2785 et
564 2718 755 2787 iuraverunt
773 2719 816 2806 eiff
840 2726 874 2787 ut
893 2719 934 2790 sit
950 2719 1110 2808 minister,
1135 2719 1232 2787 etiarn
1251 2715 1293 2787 de
1312 2737 1398 2786 con-

266 2831 369 2884 sensu
393 2823 426 2884 et
450 2807 660 2884 ordinacione
686 2813 869 2886 consulum.
905 2815 977 2901 Que
1003 2811 1176 2885 Cuuradus
1204 2813 1246 2883 de
1269 2809 1398 2907 Kprkel

265 2905 489 2984 thesaurarius
508 2921 540 2981 et
557 2909 753 2982 Ludewicus
771 2909 814 2980 de
831 2909 1017 2984 Thiersteiu
1041 2913 1243 2984 camerarius
1262 2923 1296 2983 et
1320 2910 1398 3005 qui-

265 3003 341 3076 dam
359 3007 412 3078 alii
429 3030 514 3102 pape
533 3005 717 3080 scribentes
735 3007 926 3080 scandalum
943 3012 1151 3082 suscitarunt.

313 3119 476 3196 Decubuit
492 3131 602 3193 aulem
618 3121 803 3194 infirmitate
820 3121 957 3194 durabili
974 3128 1007 3195 in
1017 3123 1227 3196 Mollesheim
1237 3121 1396 3197 Barthol-

264 3215 326 3292 dus
344 3223 518 3314 episcopus
542 3218 719 3314 predictus
743 3223 796 3316 qui
812 3219 993 3292 Iohannem
1014 3219 1055 3291 de
1072 3218 1296 3314 Liehtenberg
1313 3245 1396 3316 pre-

264 3315 397 3408 dictum,
414 3320 505 3409 regis
524 3321 750 3407 secretarium
768 3320 927 3390 vicarium
944 3321 1107 3392 constituit
1123 3319 1157 3390 iu
1175 3318 1395 3411 spiritualibus

264 3423 298 3492 ct
314 3413 559 3510 temporahbus‚
578 3423 611 3486 et
626 3437 687 3508 pro
698 3437 738 3486 eo
749 3413 949 3508 preficiendo
968 3417 1111 3488 ecclesie
1128 3418 1200 3510 ipse
1218 3419 1396 3512 episcopus

264 3533 338 3598 cum
355 3513 494 3607 capitulo
513 3522 547 3583 et
562 3535 625 3585 rex
641 3535 726 3607 pape
742 3511 855 3586 literas
873 3511 1018 3604 dirigunt
1036 3515 1192 3586 seriosas.

311 3626 461 3700 Mortuus
480 3637 533 3700 cst
548 3638 658 3698 autem
675 3626 875 3700 venerabilis
892 3625 1101 3718 Bounomos,
1123 3630 1299 3724 episcopus
1317 3628 1393 3700 Ar-

262 3728 469 3818 gentiucusis
496 3729 529 3796 iu
552 3722 761 3798 hiollcsheim
787 3747 874 3796 armo
901 3724 987 3796 dom.
1012 3725 1190 3797 mcccliii.
1218 3727 1252 3796 iu
1277 3725 1391 3818 vigilia

262 3833 376 3896 sancte
393 3821 570 3894 Katheriue
590 3823 683 3913 [nov.
702 3821 765 3911 24]
786 3825 818 3892 in
842 3833 950 3912 nocta
976 3833 1009 3894 et
1031 3826 1065 3894 in
1089 3822 1142 3894 die
1160 3821 1340 3906 Koiheriue
1357 3826 1392 3896 iu

261 3921 403 3992 ccclesia
421 3921 661 4013 Argenthrensi
684 3922 716 3990 in
739 3919 879 4014 capella,
902 3943 964 4014 per
988 3941 1027 3992 se
1049 3923 1082 3990 in
1111 3919 1272 3992 honorem
1294 3917 1392 3990 beate

261 4015 440 4090 liutherius
457 4019 701 4111 preciosissimo
719 4027 905 4088 constructa
918 4028 950 4088 et
967 4039 1025 4110 pro
1044 4025 1181 4110 quatuor
1219 4014 1390 4090 reshiteris

261 4113 348 4184 laute
365 4113 486 4204 doato,
504 4137 578 4186 cum
589 4117 812 4186 veneracione
830 4117 972 4186 maxima
989 4113 1157 4208 sepelitur.
1186 4038 1288 4187 gntus
1305 4135 1391 4208 pro-

260 4214 372 4306 geniei
394 4211 654 4308 lantgraviorum
671 4211 714 4284 de
729 4209 887 4286 Buchehe
911 4211 1020 4284 nuilus
1038 4209 1080 4282 de
1098 4233 1226 4306 genere
1250 4234 1391 4284 mascu-
