2982 4824
297 239 476 304 bdtotrtntt
494 239 684 304 motantur
703 241 809 304 (idd'ld
828 243 1068 306 mrunttotttttt.
1176 246 1249 322 667

116 441 258 514 regnum
277 430 310 493 et
325 439 442 494 omues
468 417 645 514 dignitates
669 441 748 492 suas
767 427 799 492 et
815 415 918 492 libero
937 417 1028 494 abire
1044 422 1249 515 permittitur,

138 520 335 592 remissione
358 521 540 590 iuramento
568 517 707 608 murata
735 516 820 612 quod
847 539 964 592 omnes
991 516 1138 611 obsides,
1166 543 1248 616 quos

115 541 258 688 babebat
280 615 323 688 de
339 616 487 706 Austris,
509 613 606 688 Stiria
630 626 727 711 alapae
746 615 936 712 Garinduyn
960 613 1062 688 adim
1123 627 1249 692 atonem

116 715 298 786 remitteret
314 723 349 786 et
361 716 471 788 omnia
487 713 637 786 fortalitia
654 716 788 787 istorum
804 717 1039 810 provintiarum
1138 725 1151 786 t
1167 719 1198 788 ei
1216 727 1250 789 st

116 811 242 902 ligram
259 809 402 886 nobilem
418 813 594 885 dunum.
619 809 795 886 Demissus
811 823 920 886 autem
938 821 1030 906 paolo
1048 811 1159 906 fregit,
1182 811 1249 888 ob-

118 907 209 984 sides
225 913 394 982 remittere
411 919 445 982 et
460 909 610 982 lortalida
627 913 803 984 restituere
815 932 882 982 non
900 931 1102 1005 proponens.
1118 909 1249 1008 Requi-

118 1010 199 1082 ritur
222 1010 353 1097 iterum,
374 1016 409 1080 ut
424 1017 518 1103 panta
542 1018 734 1098 eonservat,
759 1009 901 1104 alioquin
917 1011 1029 1098 seirat,
1053 1011 1126 1104 quia
1143 1008 1249 1084 dissi·-

116 1105 239 1200 plinam
264 1105 466 1201 imperialem
490 1107 636 1180 sentiret.
673 1107 825 1200 Temptat
850 1128 925 1179 oum
952 1107 1061 1180 mutilis
1087 1105 1248 1182 nobilibus
1377 1153 1383 1160 ·
1489 1091 1490 1102 ἵ

116 1202 293 1276 Alamanie
319 1201 496 1276 machinari
519 1201 742 1276 rebellionem.
768 1205 932 1278 Brutenos
957 1214 991 1276 st
1012 1202 1164 1278 infideles
1187 1204 1249 1280 sibi

116 1303 151 1372 iu
174 1298 366 1374 adiutorium
384 1311 490 1373 vooat
524 1299 592 1374 Sed
618 1301 682 1375 deo
706 1300 901 1398 disponente
919 1301 1071 1374 Bruteuis
1089 1310 1123 1373 et
1138 1301 1247 1376 Blanis

116 1401 202 1469 iuter
219 1420 258 1471 sa
268 1396 527 1472 discordantibus
545 1420 607 1472 suo
617 1421 680 1472 rex
689 1399 827 1472 Boemie
843 1401 1009 1495 proposito
1027 1397 1248 1473 demandatur.

116 1494 229 1587 Rogat
244 1499 375 1586 iterum,
400 1518 464 1591 que
481 1496 524 1569 ad
541 1519 656 1591 paoem
675 1509 762 1588 sunt,
786 1507 820 1570 et
835 1498 984 1570 remissis
1001 1495 1168 1572 obsidibus
1185 1519 1248 1570 rs-

117 1594 308 1666 oouriliatur
324 1596 357 1665 in
374 1597 512 1686 gratim
529 1598 735 1689 promittens,
759 1593 845 1691 quod
862 1593 986 1687 Egram
1010 1597 1199 1668 restitueret
1215 1605 1249 1668 et

115 1695 150 1764 in
169 1688 324 1764 fidelitate
347 1693 553 1786 imperatoris
576 1703 821 1787 perseveraret.
852 1691 1018 1766 Dimissus
1043 1692 1138 1764 malis
1162 1693 1248 1766 mala

115 1787 241 1860 addere
266 1809 333 1860 nou
355 1787 495 1880 desistit,
519 1789 721 1864 machinatur
744 1813 818 1863 oum
841 1787 1034 1888 quibusdam
1057 1789 1100 1862 de
1116 1788 1248 1863 Vienna

56 1885 59 1891 ’
115 1889 149 1958 in
174 1896 311 1958 mortem
334 1889 426 1979 regis
443 1887 632 1978 Alamannia,
659 1899 693 1960 et
716 1888 873 1984 quosdam
897 1890 1062 1986 prinsipes
1085 1889 1119 1962 iu
1136 1890 1248 1962 mani-

114 1984 235 2058 festsm
252 1980 467 2062 rebellionem
484 1984 642 2075 adducis,
663 1987 782 2060 multos
802 1987 885 2062 alios
900 2008 962 2082 per
977 1989 1149 2082 peenniam
1167 2007 1249 2060 cor-

114 2085 248 2176 rumpit
273 2092 309 2152 ut
326 2103 387 2175 per
406 2082 614 2156 Alamaniam
638 2083 819 2158 discordias
836 2087 980 2158 exomni
996 2093 1030 2156 et
1045 2082 1163 2158 fideles
1180 2087 1248 2156 im-

114 2182 277 2275 peratoris
294 2179 483 2274 impediant,
507 2203 550 2252 ns
573 2193 721 2278 tempore
741 2184 912 2274 assignato
934 2184 1062 2277 possint
1078 2180 1120 2253 sd
1136 2183 1249 2277 impe-

114 2279 235 2352 sotoris
253 2280 434 2350 exereitum
451 2283 640 2374 pervenire.

166 2375 238 2448 iliis
256 2377 355 2467 igitur
370 2375 660 2452 maehinnlionibus
679 2377 823 2452 conlisus
840 2400 905 2450 rex
923 2377 1060 2452 Boemis
1077 2399 1164 2450 anno
1182 2377 1249 2451 do—

115 2475 196 2546 mini
222 2473 455 2548 meolamviii.
483 2475 640 2549 audacter
667 2499 741 2548 eum
768 2479 917 2548 exercitu
944 2497 1086 2568 regnum
1111 2476 1248 2549 Bnemie

115 2591 295 2664 egressus,
319 2593 437 2646 mense
453 2583 595 2665 augusto
611 2577 645 2647 in
665 2573 849 2646 Moraviam
867 2597 941 2646 eum
959 2575 1107 2647 exereitu
1124 2583 1249 2669 poton-

114 2672 244 2744 tissimo
255 2670 348 2742 venit
364 2679 537 2766 nostraque
553 2671 647 2744 sortia
659 2682 692 2744 et
704 2671 823 2744 malms
840 2681 960 2763 terras,
977 2694 1059 2766 quas
1070 2669 1113 2744 de
1130 2670 1249 2746 duoatu

113 2767 255 2841 Austris
271 2764 471 2859 reddiderat,
495 2771 527 2840 in
545 2768 742 2842 deditionem
760 2772 898 2865 aceepit,
922 2770 1070 2865 expulsis
1087 2769 1164 2842 inde
1181 2791 1249 2842 no—

113 2862 234 2938 bilibus
252 2885 334 2959 quos
351 2886 415 2938 rex
432 2866 597 2942 Rodulbrs
609 2865 652 2940 ibi
667 2868 847 2940 looaverat.
873 2867 951 2944 Rex
967 2879 1076 2942 autem
1087 2867 1249 2943 Rodudlus

113 2965 200 3036 ultra
222 2958 408 3034 Danubium
424 2961 557 3038 obviam
579 2964 711 3038 festinat
733 2986 909 3038 ooourrero
934 2977 967 3038 et
984 2969 1056 3040 eins
1079 2964 1249 3040 senatibus

113 3059 267 3151 obviare,
290 3058 416 3134 babens
443 3083 556 3134 senum
582 3064 700 3136 milites
724 3061 938 3154 danastrin,
964 3061 1127 3136 Corinthia
1151 3073 1249 3158 atque

114 3159 214 3230 Stiria
225 3160 285 3230 vix
301 3156 367 3231 duo
384 3159 483 3250 milia,
503 3183 578 3234 oum
598 3183 662 3256 quo
679 3162 776 3232 stiam
794 3161 1016 3253 rstugario
1033 3160 1105 3250 luit,
1122 3158 1249 3234 babens

113 3261 148 3328 in
166 3259 319 3330 eomitiva
337 3279 397 3330 sua
409 3258 578 3351 Ungarios'
594 3257 811 3332 etGumurios
829 3259 912 3332 ultra
929 3256 1144 3352 quadraginta
1161 3257 1249 3331 milia
1352 3331 1355 3337 ,

115 3365 151 3428 ut
167 3354 273 3426 fertum
289 3357 322 3426 in
338 3357 446 3450 equis,
469 3355 585 3453 quibus
610 3378 691 3428 usus
716 3366 768 3428 est
793 3355 961 3452 pugnandi
979 3358 1011 3428 in
1035 3365 1166 3428 arnust
1186 3378 1248 3429 sa-

113 3455 228 3548 gyptis
245 3455 353 3544 magis
367 3475 463 3547 quam
481 3453 609 3548 gladiis.
635 3455 712 3527 Rex
723 3453 859 3528 Boemie
870 3455 974 3528 ierim
990 3451 1147 3528 habuisse
1164 3453 1248 3528 ultra

112 3552 246 3641 miginta
265 3551 351 3622 milia
369 3554 511 3646 equitum
528 3551 614 3624 bene
632 3563 843 3645 armatorum,
860 3558 945 3626 inter
954 3573 1036 3648 quos
1053 3561 1148 3626 erant
1157 3551 1248 3624 multi

113 3647 235 3720 milites
252 3646 455 3740 insoniunt,
481 3653 535 3745 qul
552 3649 594 3722 ad
611 3672 687 3723 eum
713 3655 910 3725 transierant
927 3648 1100 3745 eupiditate
1117 3651 1248 3744 stipen-

88 3785 93 3790 ·
114 3745 347 3840 diorum-quia
364 3769 530 3842 pauperes
547 3759 653 3839 erant,
671 3751 778 3840 magis
794 3770 891 3844 quam
902 3746 1044 3820 odiovsl
1062 3755 1248 3840 eonmmptu
1267 3765 1270 3770 ’
1378 3769 1380 3772 ·

112 3846 330 3936 imperatoris.
356 3842 505 3918 Festinat
519 3848 618 3938 igitur
635 3869 699 3920 rex
713 3845 850 3918 Boemie
869 3848 992 3933 eniens,
1010 3848 1084 3938 quia
1102 3843 1144 3916 de
1158 3843 1247 3916 Ala·-

112 3943 222 4012 mania
248 3942 368 4016 milites
392 3941 434 4014 ad
459 3946 664 4038 imperatoris
689 3943 845 4016 auxilium
873 3941 1018 4014 nondum
1041 3942 1248 4014 advenerant

112 4059 179 4112 neo
193 4041 312 4111 venire
335 4050 498 4135 poterant,
523 4061 598 4116 oum
617 4041 720 4116 lratm
742 4039 833 4116 dunis
849 4041 1017 4134 brugeria
1036 4037 1177 4112 etmulti
1194 4035 1248 4110 elii

112 4134 257 4212 barones
274 4137 422 4214 faumros
432 4141 504 4216 eius
521 4143 662 4216 narsus
672 4135 859 4216 volentibus
878 4141 1072 4214 resisterent
1084 4145 1151 4212 toto
1161 4136 1246 4210 nisui.

167 4257 199 4328 r)
218 4257 316 4316 anatur
334 4260 375 4316 re.
