3014 4822
450 235 604 298 amenas
623 239 923 300 mordensimnis.
1174 243 1246 317 489

117 420 236 492 civitas
252 437 313 510 per
327 418 497 490 cirmittrm
520 419 703 490 arctissime
727 429 779 490 est
798 418 927 490 vallata.
965 417 1061 490 Unde
1085 431 1160 514 post
1184 442 1248 492 sex
1263 429 1334 488 1248

117 536 259 588 menses
269 512 449 587 obsidionis
468 517 642 588 interiores
660 516 854 589 vacillantes
871 519 1035 610 petierunt
1051 517 1247 612 colloquium

117 611 260 684 Conradi
285 611 521 706 melriepieoepi
545 610 769 703 Colonienslm
798 617 851 709 qui
874 623 991 708 potens
1016 623 1050 685 et
1071 619 1247 710 precipuus

116 721 188 782 erat
209 713 245 782 in
267 710 434 797 exoroitrm
458 731 522 804 quo
545 710 709 782 mediante
732 733 771 785 se
797 715 871 804 regi
895 710 1054 785 dedentes
1078 710 1119 783 ad
1144 715 1248 806 ipsius

116 811 260 903 gratim
275 805 484 878 admittmrtur
502 810 580 899 [oct
593 807 669 898 18].
696 807 810 903 ltaque
828 813 862 880 in
878 809 966 882 leste
982 813 1126 882 omnium
1144 833 1249 883 sane-

116 921 225 980 tornm
245 905 339 996 [nor.
358 904 399 994 1]
415 903 566 978 donmrns
583 903 783 980 Wilbelmus
800 907 927 980 electos
944 904 984 977 ab
1002 907 1249 1002 archiepiscopo

117 1005 309 1078 madent
327 1001 481 1076 residens
495 1007 530 1074 in
543 1003 626 1076 sede
641 1008 735 1096 regia
751 1007 785 1076 in
802 1023 920 1096 regem
930 1015 1153 1078 consecratur.
1171 1005 1250 1079 Post

116 1101 334 1193 neclegens
357 1098 399 1170 ad
422 1103 545 1172 curiam
570 1121 656 1196 pape
678 1105 874 1192 reuertiturq
897 1123 961 1176 rex
977 1123 1062 1174 vero
1084 1106 1117 1174 in
1140 1113 1250 1178 oasbtt

117 1198 284 1289 werden,
301 1195 387 1294 quad
403 1197 459 1270 din
475 1201 566 1294 pius
583 1201 615 1270 si
629 1197 792 1272 redditum
809 1197 928 1290 iuerat
945 1203 1108 1295 recipinu.

166 1299 247 1392 lpso
261 1316 367 1386 anuo,
387 1315 468 1368 cnm
491 1296 667 1390 capitulum
685 1294 884 1371 Coloniense
901 1319 961 1392 pro
979 1297 1165 1370 omnimoda
1183 1299 1250 1372 de-

117 1397 445 1472 monomenta
475 1393 619 1468 eooleeie
648 1398 780 1490 unique
808 1406 841 1466 et
869 1398 1078 1490 reparatione
1105 1397 1250 1470 melioris

117 1503 282 1586 sta-petme
305 1490 348 1562 de
370 1513 537 1566 consensu
561 1491 799 1587 archiepiscopi
821 1501 856 1564 et
877 1495 1022 1588 priorum
1044 1493 1251 1569 concordas-

118 1601 197 1666 sert
211 1589 386 1684 testmque
402 1590 503 1662 raldo
522 1592 672 1682 magistri
689 1594 801 1685 operis
817 1589 1009 1662 orientalem
1027 1601 1153 1687 partem
1170 1615 1250 1664 mu-

116 1709 230 1762 rem
256 1687 400 1763 eoclem‘e
421 1697 619 1781 orassent„
647 1690 748 1759 nimio
776 1691 864 1780 ignis
890 1687 1037 1760 lomento
1063 1701 1249 1782 aggregata

118 1789 210 1880 Qua
237 1795 429 1858 cavatrrranr
449 1784 665 1858 subdecane
691 1789 811 1858 incauti
839 1782 1060 1876 succendam
1084 1797 1120 1857 ut
1144 1789 1250 1861 moles

116 1883 264 1978 desuper
280 1893 372 1955 mans
389 1886 454 1956 cit)
469 1893 591 1956 rueret.
624 1883 693 1954 Sed
718 1885 806 1974 ignis
832 1883 1044 1957 invalescens
1062 1895 1164 1957 vento
1183 1884 1250 1957 de-

116 1991 230 2056 sonte
237 1977 315 2052 illud
327 1979 529 2074 nobileopus
541 1982 686 2054 ecclesie
698 1981 774 2053 loct
786 1985 952 2074 andqnum
962 2001 1036 2055 cnm
1046 1980 1173 2056 duabus
1186 2005 1251 2056 oo-

116 2081 211 2152 renis
219 2077 386 2152 deauratis
395 2081 483 2151 intua
492 2076 752 2171 dependentibus
769 2089 882 2172 preter
897 2079 988 2151 solos
1005 2101 1117 2154 muros
1134 2083 1251 2176 parie-

115 2189 187 2250 tur
204 2177 334 2270 multus
351 2179 562 2270 causampait.
597 2175 724 2246 Verum
748 2175 858 2247 divim
879 2179 983 2249 virtus
1001 2177 1250 2250 evidentissima

116 2272 336 2370 potuitquae
357 2293 457 2368 capsa
474 2273 570 2344 nium
590 2293 709 2366 regum
726 2272 769 2344 dc
788 2273 862 2345 loco
879 2293 942 2348 suo
958 2274 991 2345 in
1007 2273 1116 2346 medio
1133 2276 1251 2347 ecels-

118 2375 171 2445 sie
196 2374 369 2444 mutituta
392 2369 434 2441 ad
462 2373 594 2441 ianuam
618 2371 762 2444 ecclesie
786 2382 864 2443 ante
889 2373 1140 2445 succensionem
1163 2376 1251 2464 ignis

117 2469 230 2542 delata
245 2467 368 2558 mun,
391 2489 460 2539 non
481 2471 598 2539 timore
619 2471 707 2560 ignis
725 2467 786 2541 sed
802 2471 919 2540 timore
936 2471 1154 2564 quassationis
1171 2491 1252 2541 mn·-
1281 2463 1286 2480 ¹

116 2587 250 2656 manna,
271 2575 305 2638 et
321 2563 663 2655 commentatore„
687 2587 762 2637 cum
780 2567 921 2639 ecelesia
939 2575 1004 2638 tota
1021 2564 1112 2638 fumo
1128 2567 1252 2661 imple-

116 2675 223 2754 renna„
241 2666 314 2736 sins
331 2664 438 2758 eliqua
451 2662 584 2736 lesione
598 2666 729 2754 integra
747 2673 801 2735 est
816 2674 961 2736 servata.
995 2663 1166 2736 Conrndus
1184 2687 1251 2736 au-

116 2772 188 2834 tern
204 2759 482 2856 archiepiscopus
499 2759 633 2855 prelatis
651 2761 904 2851 ecciesiasticis,
930 2759 1090 2834 nobilibus
1107 2772 1195 2832 terre
1212 2785 1253 2833 ae

116 2857 386 2933 rainisterialibus
401 2862 470 2932 snis
488 2861 636 2930 cvomtis
655 2858 949 2954 innumerabilique
964 2858 1167 2931 multitudine
1184 2875 1251 2954 po'-

116 2959 188 3054 puli
198 2955 303 3028 verbo
321 2953 555 3028 exhortationis
571 2976 633 3050 per
648 2954 872 3050 predicatores
890 2959 1046 3045 aruceus,
1063 2967 1138 3051 post
1154 2979 1252 3029 oom-

189 3057 197 3072 '
321 3055 479 3127 solemnis
502 3057 605 3126 misse
631 3057 665 3125 in
689 3051 742 3124 die
766 3057 997 3148 assumptionis
1026 3052 1123 3126 beate
1146 3053 1252 3125 Maris

117 3155 261 3246 vmffl'nie
281 3155 374 3244 [ag.
393 3151 457 3242 15]
476 3153 663 3246 primarium
687 3149 828 3245 lapidem
846 3155 953 3245 ponit7
977 3161 1043 3222 tam
1061 3155 1251 3223 auctoritate

117 3251 242 3323 dmnini
265 3271 351 3344 pape
375 3271 471 3344 quam
493 3269 555 3320 sua
578 3251 708 3343 propria
727 3248 877 3340 ntegro
893 3269 958 3320 neo
973 3269 1040 3320 uon
1057 3259 1091 3319 et
1107 3251 1251 3320 omnium

117 3348 406 3438 suffraganeorum
435 3345 644 3418 Coloniensis
673 3345 817 3416 ecclesio
846 3343 1047 3438 iududgentie
1082 3345 1252 3442 hucusque

117 3442 264 3518 inaudita
280 3441 430 3517 fidelibus
446 3441 534 3534 dara„
552 3447 605 3538 qui
622 3465 702 3516 suas
712 3443 770 3514 vel
787 3440 903 3514 darent
920 3444 976 3516 vel
995 3446 1156 3516 mitterent
1173 3444 1253 3516 ele-

117 3545 288 3616 emomnas
306 3541 349 3612 ad
365 3539 521 3614 lubricam
537 3541 680 3615 ecclesie
696 3551 886 3614 memorate.
914 3538 970 3614 Ab
986 3541 1042 3614 illo
1059 3562 1143 3636 ergo
1160 3553 1252 3615 tem·

116 3663 201 3737 pore
223 3638 472 3711 fundamentum
492 3661 583 3711 nove
606 3635 741 3710 basilice
764 3637 850 3710 beati
867 3639 954 3710 Petri
978 3639 1103 3712 seilicet
1119 3641 1251 3712 maioris

118 3737 265 3810 ecclesie
291 3739 325 3808 in
353 3735 489 3810 Colonia
516 3739 598 3808 mire
625 3735 800 3810 latitudinis
833 3747 867 3808 et
896 3734 1121 3830 profunditatis
1148 3738 1251 3828 largis

118 3833 302 3930 sumptibus
317 3845 372 3908 est
386 3838 554 3908 inidatum.

166 3930 296 4003 Eodem
313 3955 402 4004 amno
414 3931 586 4007 Corradus
604 3933 868 4029 archiepiscopus
880 3931 1089 4004 Coloniensis
1108 3929 1149 4001 ad
1167 3951 1250 4003 suo-

118 4051 252 4104 earsnm
277 4029 526 4126 archiepiscopo
541 4031 741 4105 'lbeverensi
765 4028 936 4103 ferendum
960 4039 1115 4125 properat
1138 4037 1251 4100 conns

117 4127 240 4202 maltos
258 4125 388 4204 nobiles
404 4139 440 4202 et
454 4139 606 4225 potontm
623 4133 761 4225 partium
778 4131 997 4224 superiorum,
1014 4130 1067 4223 qui
1084 4137 1150 4200 tam
1167 4147 1252 4221 pre-

174 4249 205 4321 l)
223 4265 288 4309 vcro
306 4251 349 4309 lta.
1244 4279 1248 4286 ·
