2904 4822
329 230 864 294 mmaoosoaomssanaovms.
1145 245 1193 318 23

84 401 232 491 omma
241 405 435 476 naamon
451 408 492 477 da
502 407 659 480 Romarm
669 411 757 481 matt
771 411 1023 484 ambassiatores
1032 417 1080 484 ad
1088 415 1197 488 Bane·

162 505 281 574 άὲεωηι
294 523 362 592 pro
378 505 580 576 obsobottoaa
597 511 825 580 eteoacoroto.
843 509 893 582 De
909 513 1111 584 absolutionc
1123 514 1197 586 dle-

161 605 325 674 dtoloaen.
344 609 378 672 at
391 605 535 674 alarum
552 607 725 678 atattatam.
749 608 827 678 item
844 611 885 678 de
902 611 1094 696 palladam
1106 632 1197 701 pope

85 747 93 752 --
160 701 430 772 rmoaattoaibos.
451 701 620 790 Quomodo
636 705 784 776 osbtbm‘t
798 707 991 793 mibrodom
1008 713 1197 780 cordam-

162 799 357 886 amorerat,
376 802 465 887 oood
476 803 649 872 doobioae
658 802 745 891 tecit,
763 809 1026 876 examinandam.
1043 807 1094 876 lic
1110 829 1196 897 cop-

160 902 282 970 tioitato
293 901 594 987 qooraadompape
604 899 830 990 famdwrtom,
847 905 928 974 etde
938 907 1128 976 investitura
1137 925 1196 976 re-

158 1001 209 1089 pis
224 999 419 1086 Aropoaaas
435 999 470 1068 ta
487 997 642 1068 Sardinia
659 1007 691 1068 at
706 999 814 1070 Scotto
831 1021 948 1090 repam.
1057 1005 1135 1092 Cap.
1152 1008 1193 1076 oi.

116 1135 191 1206 Item
207 1155 297 1206 anno
315 1130 435 1202 donum
452 1153 697 1222 moccxxuu,
714 1133 766 1206 iiii.
784 1133 849 1206 kal.
861 1137 936 1206 maii
950 1137 1033 1230 [apr.
1046 1133 1110 1228 28]
1123 1159 1193 1208 ve·
1208 1153 1278 1212 1³³5

75 1239 113 1304 nit
128 1255 235 1306 comes
246 1229 448 1303 Ludewious
465 1233 571 1302 imrior
588 1230 630 1302 de
642 1227 818 1323 Oettingen
836 1232 878 1304 ad
895 1255 1013 1328 papam
1023 1232 1193 1308 Benedic-

75 1341 131 1403 tum
142 1335 275 1404 xiicum
287 1329 389 1400 tribus
403 1328 529 1401 clericis
543 1339 578 1399 et
589 1326 984 1404 militibosinambassiato
995 1331 1194 1405 dominibu-

75 1430 190 1520 depici,
207 1430 263 1526 qui
283 1449 321 1501 se
337 1447 397 1523 pro
407 1429 603 1520 imperatore
615 1425 766 1518 gerebat7
783 1427 859 1501 licet
869 1427 1194 1526 perlohannempa-

74 1551 137 1624 pem
157 1530 236 1600 xxii
264 1523 433 1622 depositus
458 1535 491 1595 et
514 1529 815 1598 excommunicatus
833 1526 959 1600 iniisset.
982 1527 1067 1624 Ipsis
1085 1540 1194 1600 autem

74 1631 100 1698 in
115 1629 197 1698 ouria
215 1620 449 1712 existentibus,
474 1619 727 1697 ambassiatores
750 1621 984 1720 Medpolanen.
1009 1637 1042 1698 et
1059 1629 1194 1700 abarum

74 1727 225 1796 omimium
243 1725 295 1796 eis
313 1720 595 1792 consedemtarum
605 1743 690 1816 pape
701 1719 926 1794 obedienciam
936 1723 1069 1818 iaciunt,
1087 1722 1194 1796 etab-

74 1823 258 1894 solutionem
276 1815 422 1891 obtinent
445 1841 463 1890 a
482 1821 651 1892 sententiis
670 1817 786 1914 quibus
804 1843 864 1914 per
879 1820 1059 1893 Iohannem
1076 1845 1195 1918 papam

71 1923 138 1992 xxii.
156 1919 289 1992 fuerant
299 1919 424 2006 metit„
441 1919 666 2010 promittentes
680 1939 719 1991 sc
730 1939 894 2013 nonquam
906 1920 1046 2014 aliquem
1056 1923 1194 2015 proim·

71 2027 210 2110 peratore
227 2024 422 2109 recepturos
439 2017 503 2086 nisi
519 2017 609 2109 prius
626 2037 688 2110 per
699 2037 818 2109 papam
830 2027 921 2090 esset
937 2015 1143 2113 approbatus.

71 2113 141 2188 ltem
157 2113 263 2210 pridie
278 2112 344 2184 kal.
363 2113 441 2183 iunii
457 2111 545 2184 idem
561 2135 646 2209 papa
662 2111 861 2188 Benedictus
879 2119 1052 2188 revocavit
1062 2119 1096 2188 iu
1106 2139 1193 2187 oon-

72 2217 188 2286 sistorio
201 2233 321 2284 omnes
339 2207 540 2282 mutuandas
551 2209 654 2283 iactas
671 2233 733 2308 per
744 2231 822 2283 suos
833 2211 1192 2307 predecessores3ex-

71 2314 162 2406 ceptis
186 2305 425 2397 cardinalibusq
455 2329 592 2404 quorum
615 2306 816 2382 commendas
839 2310 984 2384 nondum
1010 2315 1193 2384 revocavit.

71 2407 199 2504 insuper
214 2409 320 2500 legati
336 2406 560 2478 Romanorum
576 2405 731 2501 petebant
748 2410 918 2499 instanter7
942 2417 977 2480 ut
993 2411 1056 2482 iret
1073 2407 1114 2480 ad
1131 2431 1194 2481 ur-

70 2501 147 2598 lem,
165 2503 283 2604 quibus
300 2502 484 2599 respondit:
502 2525 537 2574 sa
553 2509 680 2596 tarum,
699 2503 759 2576 sad
777 2503 864 2576 diem
881 2516 1005 2578 certum
1024 2505 1197 2603 superhoo

70 2607 112 2676 eis
128 2627 193 2676 non
211 2604 407 2695 assignavit.
506 2601 623 2673 Teroio
647 2613 757 2673 autem
778 2623 884 2675 nonas
901 2605 967 2676 iulii
987 2605 1055 2698 [iol.
1075 2607 1113 2697 5]
1133 2627 1195 2676 re-

70 2710 236 2775 cesserunt
253 2697 509 2774 ambassiatores
525 2698 661 2794 predicti
679 2697 798 2772 domini
815 2699 985 2774 Ludewioi
1003 2701 1045 2773 de
1067 2705 1195 2776 Avini-

71 2807 331 2896 comportantes
357 2797 496 2892 quedam
520 2809 615 2892 pacta
639 2818 702 2894 que
719 2821 803 2894 papa
827 2797 960 2894 petebat
976 2823 1036 2896 pro
1054 2798 1194 2873 emenda

71 2919 196 2972 suorum
209 2917 424 2986 excessuum
437 2893 551 2990 quibus
564 2893 745 2992 adimpletis
754 2893 947 2991 sperabatur
956 2901 1101 2994 ipsorum
1109 2920 1195 2971 oon-

71 2996 181 3068 cordia.
284 2993 392 3066 Pridie
416 3003 526 3066 autem
549 3015 654 3067 nonas
679 2993 813 3090 predicti
838 2997 976 3086 mensisa
1001 2994 1053 3065 die
1071 2998 1196 3068 scilicet

71 3097 213 3188 sequenti
229 3096 391 3190 prouimaa
408 3113 492 3187 papa
509 3090 707 3165 Benedictus
724 3095 783 3164 ivit
793 3091 834 3163 ad
845 3103 977 3188 pontem
987 3091 1108 3184 Sergia
1125 3114 1194 3165 vo-

71 3191 160 3262 lendo
177 3189 221 3264 ibi
236 3191 429 3265 vacationes
446 3188 625 3278 deducere„
644 3199 678 3262 et
693 3185 803 3262 habuit
814 3211 927 3264 seeum
938 3190 1051 3285 plures
1061 3191 1194 3282 magis-

71 3297 131 3360 tros
148 3293 181 3360 in
197 3289 376 3382 llreoloya.
394 3283 437 3358 Et
454 3307 564 3358 coram
581 3286 644 3359 illis
668 3297 701 3357 et
719 3286 856 3360 dominis
875 3284 1092 3360 cardinalibus
1117 3290 1194 3382 qad-

71 3383 126 3456 bus
142 3387 262 3482 placuit
277 3389 441 3457 interesse
458 3383 535 3456 iecit
551 3385 619 3477 legi
636 3379 766 3476 librum„
784 3407 881 3480 quiem
898 3389 970 3481 ipse
981 3409 1066 3482 papa
1076 3385 1194 3458 Bene-

71 3480 167 3554 dictus
186 3486 394 3578 composuit¹‚
412 3493 445 3554 et
462 3485 670 3554 auctoritates
688 3479 730 3552 ibi
747 3487 870 3577 positas
889 3484 966 3555 lecit
981 3505 1043 3580 per
1058 3482 1194 3580 predio

71 3589 116 3650 tos
132 3584 308 3674 magistros
326 3583 507 3652 examinari
524 3603 566 3651 an
583 3591 699 3653 essent
715 3585 929 3675 pertinentes7
948 3592 981 3653 et
990 3579 1033 3653 ibi
1044 3585 1195 3679 questio-

71 3699 141 3749 nem
156 3682 293 3752 visionis
311 3681 521 3751 examinavit.
620 3675 770 3751 Mortuus
787 3689 957 3752 estantem
968 3679 1117 3751 dominus
1134 3679 1195 3750 lo·

72 3773 194 3849 baanes
210 3777 371 3871 Gapetani
393 3778 427 3848 in
445 3777 557 3870 vigilia
577 3781 678 3850 sancti
696 3777 875 3868 Augustini
893 3777 1063 3872 dyaconus
1082 3776 1195 3848 cardi-

72 3873 150 3944 ualis
168 3884 202 3945 et
216 3875 346 3968 legatus
362 3875 495 3964 tuscie„
520 3885 553 3945 et
569 3876 717 3970 sepultus
736 3886 789 3948 est
805 3873 891 3971 apud
908 3875 1028 3948 iratres
1046 3873 1194 3946 Minores

73 3971 102 4038 in
117 3970 169 4042 die
185 3969 269 4046 beati
285 3973 455 4063 linguliui.
472 3969 600 4044 Eodem
623 3995 709 4046 anno
732 3977 765 4044 in
789 3995 906 4046 meuse
930 3970 1107 4068 septembri
1130 3994 1194 4044 se-

75 4067 176 4138 condo
194 4067 243 4140 die
259 4072 383 4142 mensis
401 4069 549 4142 eiusdem
559 4073 676 4142 iterum
687 4074 774 4144 misit
789 4071 1001 4160 Ludewieusa
1019 4073 1123 4166 quise
1135 4092 1195 4165 pro

79 4166 265 4257 imperatore
283 4171 402 4262 gessit,
419 4167 599 4261 predictum
617 4172 768 4241 comitem
785 4167 827 4239 de
845 4167 1022 4266 Oetingem
1039 4191 1103 4240 una
1122 4190 1195 4242 oum

107 4276 136 4346 1)
151 4282 297 4352 composuit
310 4281 344 4338 de
357 4278 470 4339 risione.
484 4280 536 4338 tto.
