2966 4842
324 235 858 296 mmucusoaomssnnnovnns.
1132 241 1176 315 21

74 435 218 508 nmquam
228 433 443 486 ascensurum
454 435 573 508 equum
583 413 640 486 vel
651 413 774 486 mulum
784 413 847 486 nisi
857 411 1076 486 iretltomam.
1087 411 1182 501 Quod
1195 414 1267 475 ¹³³4

75 521 101 586 ct
114 514 265 602 servavit,
283 515 356 606 quia
373 514 508 603 navigio
525 514 584 584 ivit
600 533 705 606 usque
722 511 936 602 Avinionem
954 519 988 583 et
996 511 1101 606 pedes
1119 533 1181 586 as-

74 609 181 684 scendit
195 609 362 706 palatium
379 608 421 680 de
438 631 502 704 quo
519 619 635 704 postea
652 611 714 682 nisi
725 608 874 682 meando
884 609 1061 684 ecelesiam
1071 613 1181 682 maio-

73 730 141 800 rem,
156 730 217 804 que
233 711 387 802 maligna
404 718 457 782 est
472 707 611 802 palacio,
628 729 695 780 non
712 711 824 781 exivit.
841 707 884 781 Et
895 711 943 782 sie
955 729 1051 781 suum
1062 729 1182 782 saera-

73 816 197 878 mentum
214 807 378 896 servavit,
401 809 475 900 quia
492 815 826 901 post'sacramentum
842 809 1025 902 prestitum,
1049 809 1078 880 si
1095 804 1182 901 quod

74 904 146 995 lecit,
168 925 330 999 nunqnam
354 905 519 997 equitavit.
538 903 634 976 Unde
658 901 831 976 cardinalis
854 903 1020 1000 predictus
1038 901 1099 976 sibi
1115 925 1182 975 non
1205 917 1209 924 '

73 1003 146 1074 lavit
162 1001 227 1074 Sed
244 1023 330 1096 papa
346 1000 572 1074 nichilominus
591 1023 701 1074 eornm
712 1001 783 1075 aliis
794 1000 1013 1075 cardinalibus
1024 997 1183 1096 disposuit

72 1103 121 1171 rite
136 1110 167 1172 et
180 1100 325 1192 legitime
343 1109 574 1174 testamentum
592 1121 700 1188 suum,
718 1099 1023 1173 etreconmendans
1035 1109 1182 1172 eandam

72 1197 226 1272 ecclesiam
242 1208 277 1269 et
286 1207 425 1293 nepotes
436 1219 516 1273 suos
527 1195 755 1270 cardinalibus.
771 1196 815 1270 Et
825 1202 913 1272 sicii.
924 1219 1030 1272 nonas
1041 1197 1182 1270 decem-

72 1292 126 1368 bris
140 1305 208 1390 posi
224 1295 367 1368 auditam
384 1300 519 1368 nussam
535 1299 569 1367 in
587 1317 704 1366 aurora
723 1295 799 1386 diet,
823 1307 858 1368 et
873 1299 1102 1368 communione
1118 1317 1181 1366 re-

72 1401 160 1486 cepta,
176 1392 299 1465 orando
315 1395 471 1486 migravit
487 1394 529 1464 de
546 1392 610 1466 hoc
626 1393 739 1466 seculo
756 1393 836 1467 hora
854 1397 954 1466 tenda
972 1403 1007 1466 et
1021 1393 1181 1466 dominica

73 1488 125 1580 die,
145 1494 195 1586 qni
217 1501 290 1564 erat
306 1501 385 1564 tunc
400 1495 431 1564 ii.
449 1513 555 1564 nonas
573 1487 757 1564 decembris
777 1490 864 1584 [dec.
885 1492 937 1583 41.
956 1491 1111 1586 Sepultus
1130 1500 1182 1564 est

74 1598 163 1660 annm
177 1591 347 1661 Avinione
364 1593 397 1661 in
415 1589 556 1662 ecelesia
573 1586 753 1661 kathedrali
771 1593 866 1674 nonis
878 1587 1073 1662 decembris.
1090 1587 1183 1660 Sedit

73 1695 161 1758 anem
176 1690 268 1759 sums
285 1689 369 1760 xviii
386 1698 419 1760 et
435 1685 603 1760 mensibus
620 1687 663 1758 iiii
680 1689 787 1760 minus
804 1691 825 1759 ii
841 1686 966 1760 diebus.
989 1685 1032 1759 lli
1048 1688 1183 1760 vacavi

73 1781 153 1854 sodes
167 1788 225 1858 xvi
240 1783 369 1858 diebus.
393 1784 461 1858 Sed
482 1787 550 1857 xiii.
568 1781 632 1856 kal.
650 1786 787 1858 ianuarii
803 1787 977 1878 elegerant
998 1781 1182 1858 nundinales

73 1889 100 1950 ut
111 1880 183 1954 nida
200 1885 356 1978 seqttitur.

76 2157 114 2228 lie
127 2159 293 2232 Benedicta
317 2163 378 2234 cii.
402 2169 435 2232 et
450 2162 559 2232 cciiii.
578 2161 736 2249 pontifice
752 2179 776 2232 a
795 2161 930 2252 Christo,
948 2169 981 2234 et
998 2165 1067 2234 cim
1082 2161 1182 2332 gud

1129 2282 1164 2352 p.

110 2389 198 2463 Anno
221 2390 386 2464 dominice
401 2393 639 2466 incarnacionis
657 2393 920 2484 mammasti„
937 2390 1024 2487 ydus
1042 2391 1182 2466 decem-

76 2483 127 2560 bris
145 2485 223 2580 [dee.
243 2489 307 2580 13]
330 2487 512 2564 cardinales
529 2489 1012 2564 omnesinelndunmrnumero
1020 2493 1183 2588 xidiiiper

76 2589 201 2658 mnium
216 2586 402 2660 Novelum²
418 2591 451 2660 in
460 2589 588 2683 palacio
598 2588 832 2679 Avinionen'si
843 2591 876 2660 in
888 2609 951 2683 quo
962 2611 1046 2685 papa
1056 2587 1182 2663 lohan-

76 2703 122 2752 nes
136 2683 281 2758 decessit.
298 2685 339 2758 ln
355 2687 469 2793 vig&
481 2695 591 2758 nutem
601 2683 726 2758 'liome
736 2686 887 2781 apostola
906 2687 1105 2760 scilicetxiii.
1116 2687 1181 2761 kal.

76 2782 185 2854 lunarii
194 2783 279 2874 [dcc.
287 2783 354 2873 20]
364 2805 449 2856 anno
458 2784 578 2856 domini
586 2805 850 2876 mecenxxmnn
858 2783 1041 2857 cardinales
1048 2786 1183 2880 predicti

76 2897 187 2951 numero
208 2885 300 2954 xxiiii
319 2882 494 2975 elegenmt
509 2885 543 2954 in
560 2903 678 2977 papam
694 2903 796 2954 unum
814 2905 858 2956 ex
876 2905 927 2973 se,
944 2881 1100 2956 videlicet
1117 2882 1183 2957 do-

77 2977 175 3048 nnum
188 2977 343 3052 lacobnm
366 2978 583 3075 presbiterum
607 2977 807 3052 cardinalem
829 2979 909 3054 nui
927 2992 1040 3054 sancte
1056 2981 1182 3074 Prisca

77 3084 163 3146 naum
173 3075 212 3148 de
221 3081 391 3172 provincia
401 3077 600 3166 Tholosana,
618 3077 812 3150 monachum
829 3075 951 3152 ordinis
963 3077 1182 3172 Cystercien-

78 3171 122 3258 sia
136 3178 319 3266 magistram
336 3174 503 3270 theoloye,
519 3185 632 3247 natium
649 3198 694 3250 ex
709 3179 831 3271 patret,
849 3185 1030 3249 etvocatus
1049 3176 1182 3250 estBe-

78 3267 198 3346 nedictus
219 3276 274 3345 xii.
292 3275 356 3362 Qui
378 3277 411 3346 in
432 3278 538 3369 primo
555 3295 616 3347 sno
634 3277 826 3347 consistorio
844 3272 930 3369 qaod
946 3272 1067 3365 hahuit
1088 3275 1182 3350 seili-

79 3372 163 3438 cetai
184 3369 262 3443 tals
277 3375 414 3444 ianuarii
441 3369 528 3464 [deo.
553 3371 637 3462 221,
661 3370 829 3444 mandavit
852 3371 1011 3446 ecclesias
1035 3376 1182 3468 reparari

80 3459 232 3540 Romanas⁵
249 3473 354 3543 sanod
371 3470 471 3560 Petri
489 3471 566 3541 itenr
584 3468 759 3542 ecclesiam
775 3468 1033 3544 lateranensem
1051 3481 1084 3544 et
1100 3473 1181 3546 alias

81 3561 210 3638 telesim
233 3577 266 3638 et
287 3566 413 3662 palacia
435 3566 556 3638 ibidem
578 3565 739 3658 desolata„
762 3579 795 3639 ei
812 3567 853 3640 ad
870 3566 1025 3642 fabricem
1048 3569 1183 3644 donavit

82 3747 956 3856 n„

295 3787 311 3834 r
498 3787 519 3834 e
706 3787 805 3836 arum
865 3787 942 3838 nam
967 3788 1028 3840 een
1063 3787 1096 3836 nn
1113 3787 1181 3838 mr-

108 3901 130 3970 ¹)
142 3907 178 3964 die
190 3911 249 3967 Zalrl
267 3910 334 3968 lelrlt
347 3909 374 3967 in
389 3911 436 3967 der
450 3911 500 3982 hs,
514 3912 549 3968 im
564 3913 691 3969 ntichsten
707 3929 762 3986 cap.
778 3912 847 3968 aiod
862 3913 908 3968 mit
921 3913 946 3968 vi
962 3912 1097 3983 unrichtig
1110 3913 1180 3968 wei-

82 3977 365 4111 ddiddld'iiddil
379 3983 488 4112 odidi
502 3983 1180 4112 ddi?‘lidii⁸⁵⁸¹‘dnd2dildddd'diuae

87 4111 155 4234 31-826
166 4137 194 4177 nu
206 4096 375 4196 sergleiclred
388 4126 444 4210 ist...
468 4127 499 4195 3)
514 4143 546 4183 so
566 4126 592 4182 in
612 4074 660 4182 daec
672 4128 722 4194 ha,
735 4069 791 4181 [dd
801 4125 881 4196 Rayn.
898 4125 952 4181 und
966 4099 1018 4181 Bal.
1034 4073 1121 4182 dedier
1137 4075 1180 4184 dds

99 4201 127 4241 tn
137 4190 221 4273 leuton
233 4204 326 4253 worm.
363 4197 395 4265 4)
409 4215 454 4254 nn.
469 4197 520 4253 kal.
536 4197 621 4253 haben
643 4215 690 4254 aus
711 4199 759 4254 der
772 4204 822 4252 vat.
838 4197 878 4253 lie.
894 4197 975 4271 Rayn.
990 4197 1044 4254 und
1059 4197 1111 4254 Bal.
1149 4201 1180 4270 5)

89 4259 196 4320 mtairn
209 4269 321 4342 capuaci
335 4267 479 4328 Romanam
493 4269 574 4342 Rayn.
590 4269 644 4326 und
659 4269 714 4330 Bal.
