2960 4832
352 217 862 278 mmnrousonnmssnmovm.
1150 217 1200 293 47

86 395 130 462 lie
145 394 295 477 contmtn
317 397 404 484 renis
420 395 538 483 Annlte
554 402 670 464 conon
686 413 796 483 renem
812 394 953 464 Francie
975 399 1009 462 et
1029 393 1070 463 de
1086 357 1208 482 tecoli-

173 512 235 564 cne
252 492 346 578 sueta
358 513 421 582 per
440 494 630 566 Clementem
642 512 769 582 popam
786 495 834 562 nd
847 499 1025 582 utrumqne.

127 625 315 698 Edwardus
333 635 441 698 autem
457 647 521 700 rex
537 625 662 718 Anglie
673 625 792 698 eodem
802 645 888 696 anno
898 628 1015 697 iterum
1025 633 1290 704 contram-1345

84 747 155 818 gem
170 724 312 796 Francie
329 722 510 820 Philippum
526 724 762 814 transfretavit,
780 727 911 796 mittens
922 745 1021 795 unam
1038 725 1209 818 epistolam

84 845 160 917 pape
176 821 354 912 clement,
371 824 403 892 in
464 845 483 892 a
502 843 540 894 se
558 825 687 915 scripsit
702 843 820 912 regem
837 820 1037 894 Francorum
1061 823 1209 914 etAng-

83 921 121 990 lic
137 931 169 992 et
185 919 354 991 dominum
372 918 427 1013 ily
449 923 554 1008 ernie,
572 917 762 1010 significans
779 940 864 1013 pape
875 919 960 1013 quod
970 929 1209 1013 proptertreu-

84 1039 138 1108 gas
154 1028 268 1111 ruptas
286 1039 348 1112 per
364 1038 481 1108 regem
497 1016 636 1088 Francie
653 1015 844 1110 predictum
861 1020 968 1111 ipsum
984 1039 1102 1108 regam
1119 1015 1209 1088 diffl-

84 1113 176 1204 davit,
201 1113 354 1188 scribens
380 1135 456 1184 eum
480 1118 631 1186 mnutcm
653 1123 776 1184 tanmm
799 1112 961 1206 Fallisie¹,
985 1124 1018 1184 et
1035 1137 1074 1186 se
1090 1135 1208 1208 regern

84 1211 212 1283 Francie
231 1211 404 1306 appellens
421 1215 518 1304 regni
537 1215 587 1284 sui
605 1233 691 1282 anno
709 1214 766 1301 vi,
785 1211 910 1302 Anglie
921 1234 1004 1284 vero
1020 1214 1090 1284 xix.
1108 1209 1151 1284 Et
1161 1214 1210 1286 sic

84 1311 157 1380 ultra
196 1307 396 1402 rogrcdiens
414 1319 526 1380 contra
542 1329 660 1400 regem
677 1307 877 1380 Francorum
895 1313 986 1400 genti
998 1331 1058 1382 sue
1070 1309 1209 1382 conilio÷

85 1417 143 1477 tum
166 1333 267 1496 dedit,
293 1409 327 1477 in
351 1429 414 1502 quo
438 1407 556 1480 multos
574 1404 715 1478 barones
732 1409 824 1498 regis
842 1404 981 1477 Francie
999 1409 1092 1502 cepit.
1111 1406 1208 1479 Unde

84 1527 157 1598 papa
174 1514 285 1577 motus
304 1525 385 1576 suos
401 1503 531 1596 legatos
550 1503 709 1595 adneges
727 1502 889 1597 predictos
902 1503 1087 1594 destinavit,
1105 1507 1209 1599 primo

85 1599 229 1674 videlicet
259 1601 427 1673 dominum
450 1599 634 1694 Nycolaum
657 1599 937 1694 archiepiscopum
967 1601 1206 1674 Ravennatem.

84 1699 137 1785 ou
162 1698 240 1769 dum
265 1698 365 1770 nichil
388 1697 573 1792 proliceret,
598 1697 657 1770 sed
680 1697 803 1769 bellum
820 1703 927 1790 magis
945 1699 1134 1770 dilataretur
1172 1719 1209 1770 er

85 1817 187 1886 reges,
204 1817 294 1891 papa
311 1800 429 1867 iterum
446 1795 529 1867 duos
546 1797 676 1886 legatos
693 1798 781 1867 misit
791 1795 832 1867 de
843 1795 960 1885 latere,
978 1721 1209 1869 videlicetdo-
1309 1826 1313 1832 ·

86 1897 195 1965 umam
212 1891 435 1965 Hanibaidum
462 1896 652 1988 episcopum
670 1892 868 1964 cardinalem
887 1915 928 1964 ac
944 1892 1108 1966 dominum
1125 1893 1209 1965 Ste-

86 1989 216 2082 phanum
244 1991 553 2062 claromontensem
581 1987 799 2084 presbiterum
826 1989 1044 2082 mennatem,
1072 2012 1209 2086 quorum

87 2091 164 2180 prior
179 2087 221 2159 ad
237 2110 360 2180 regem
378 2087 515 2179 Anglie,
534 2109 678 2182 sequens
697 2086 738 2158 ad
755 2107 872 2178 regem
890 2087 1028 2159 Francie
1046 2109 1209 2160 accesse-

87 2195 161 2274 nmt,
184 2183 391 2256 conabantur
413 2185 557 2256 lomento
581 2183 704 2256 dissidii
721 2183 866 2255 obolere.
890 2183 959 2254 Sed
977 2188 1048 2280 quis
1066 2195 1209 2258 evenus

87 2285 210 2449 {ueniat
225 2287 401 2376 ignoratur
415 2285 495 2377 ipsis
512 2285 546 2352 in
562 2277 781 2374 legationibus
799 2281 1015 2354 existentibus
1032 2303 1099 2354 non
1123 2303 1207 2377 per-

136 2387 211 2452 ag}
312 2437 315 2442 ἱ
440 2422 442 2430 ,

89 2655 130 2726 lie
149 2677 345 2841 1)ῶοῖῗωῦ
364 2659 499 2826 genimis
528 2625 780 2728 Commodemls
813 2654 906 2741 faeta
933 2659 1065 2729 domino
1097 2659 1208 2730 lltrtca

216 2775 234 2826 e
261 2777 299 2826 er
345 2775 364 2826 r
388 2777 408 2824 e.

130 2887 226 2960 Anno
254 2891 362 2960 eciam
379 2888 523 2984 predicto
545 2889 641 2979 ὼε,
658 2891 735 2960 xiiii.
754 2887 818 2960 kal.
836 2887 1026 2962 novembris
1047 2893 1125 2981 [oct.
1145 2889 1207 2982 19]

90 2981 231 3058 [lenens
249 2990 297 3060 vi.
315 2984 457 3080 providit
472 2983 514 3058 de
532 2987 674 3060 ccclesia
692 2985 934 3058 Constantiensi
952 2985 1082 3058 domino
1099 2987 1210 3060 Uirioo

90 3081 292 3155 Pleberhardi
310 3083 437 3154 decano
455 3081 602 3156 eiusdem
621 3085 775 3173 ecclesia
794 3086 944 3178 quamvis
962 3093 1029 3155 tres
1054 3083 1095 3154 de
1114 3089 1210 3180 capi-

91 3179 147 3251 tulo
162 3184 319 3252 nominati
337 3190 452 3252 essent
476 3191 587 3253 conoe
604 3183 723 3275 ipsum,
741 3179 896 3251 videlicet
913 3178 1062 3251 dominus
1080 3178 1210 3252 Alben-

91 3283 134 3348 tus
150 3277 189 3348 de
205 3276 413 3369 Hohcnberg
430 3301 555 3369 comcsa
574 3277 723 3350 dominus
740 3277 781 3348 H.
801 3288 834 3347 et
851 3275 999 3349 dominus
1019 3276 1054 3349 Ο.
1073 3278 1210 3373 dapiferi

91 3371 125 3443 de
139 3371 408 3464 Diessenhoven,
426 3375 543 3448 iratres
562 3385 595 3446 et
612 3379 758 3447 canonici
770 3373 1049 3448 constantienses.
1068 3375 1211 3474 Exqui-

92 3467 143 3541 bns
164 3483 275 3545 tamen
298 3476 423 3544 menis
448 3471 607 3544 decanum
652 3472 801 3544 retulerit
824 3470 953 3543 domino
971 3471 1109 3546 Alberto
1127 3497 1211 3570 pre-

93 3563 164 3641 dicto
185 3575 346 3660 nescitur,
370 3591 429 3664 pro
447 3592 509 3665 quo
537 3593 600 3642 rex
626 3497 827 3641 drancorum
855 3580 888 3639 et
908 3573 1036 3662 regina
1065 3571 1149 3646 filius
1178 3583 1212 3643 et

94 3672 259 3756 moreius„
279 3667 348 3739 dux
358 3667 493 3738 Austric
506 3665 676 3758 tilbertus
694 3665 762 3739 dux
778 3665 982 3758 Burgundie,
1001 3667 1069 3740 dux
1084 3667 1210 3740 Lotbo-

93 3763 197 3854 ningie,
221 3765 308 3836 lilius
332 3768 424 3856 regis
441 3763 599 3835 Bohemie
624 3765 861 3860 supplicarunt3
884 3765 1024 3857 providit
1047 3769 1077 3836 ei
1099 3777 1210 3837 tamen

95 3855 128 3926 de
144 3862 281 3934 ecclesia
294 3860 523 3955 Herbipolensi
535 3862 652 3934 eadem
663 3862 724 3933 die.
743 3859 797 3933 Ad
809 3883 906 3956 quam
917 3861 1042 3933 electus
1053 3862 1110 3933 tun
1125 3883 1210 3957 pre-

95 3959 203 4048 positus
220 3963 325 4054 ipsius
350 3960 491 4030 ecclesie
515 3971 610 4034 natus
635 3961 677 4032 de
700 3957 911 4046 Hohenloch,
935 3960 986 4028 cui
1009 3981 1075 4030 non
1092 3959 1212 4054 proluit

96 4073 217 4128 concors
235 4057 364 4128 electio,

125 4163 150 4234 i)
167 4167 190 4222 d.
208 4169 225 4224 i.
280 4170 310 4225 al
324 4186 379 4225 non
397 4170 499 4227 Volcis.
536 4169 567 4239 2)
586 4170 628 4226 dic
647 4169 744 4227 letnten
762 4167 887 4226 vieraebn
906 4175 993 4227 morte
1012 4187 1043 4227 so
1063 4169 1090 4227 in
1111 4169 1210 4228 derha.

98 4233 125 4288 is
142 4237 173 4293 ist
184 4240 244 4296 nob
274 4257 307 4296 au
325 4241 413 4297 lesen:
433 4243 550 4299 tomenta
569 4241 672 4298 dissidii
692 4241 800 4298 abolere
813 4273 846 4282 -
866 4241 893 4298 iu
912 4241 1048 4314 legatione
1067 4259 1090 4300 s.
1110 4259 1136 4300 u.
1155 4262 1181 4317 p.
