2904 4822
260 221 310 294 92
590 219 764 277 matous
779 217 824 274 DE
838 213 1100 274 umssuuuovuu.

261 391 410 480 Qualiter
427 394 514 462 idern
528 391 691 462 totatuta
714 393 884 480 optemus
907 392 1084 462 sabbatii
1103 385 1249 480 primam
1266 392 1393 458 musam
1437 453 1438 458 ,

361 491 556 578 Cantante,
580 497 612 560 at
632 493 793 578 pamoodo
811 491 951 559 iatubtrit
970 509 1011 559 ae
1030 491 1145 558 cleriei
1166 491 1225 574 oui
1246 495 1393 558 tonsuras

357 607 422 656 aaa
439 585 640 672 doffaruoot
654 591 773 657 diuma
789 591 983 675 interessent,
1008 595 1041 656 et
1054 587 1216 673 puoawdo
1228 593 1393 672 protesto-

359 686 455 755 betur
470 705 506 755 se
521 688 602 754 oolla
618 689 785 755 madere
800 703 899 773 super
915 683 1150 768 reformatione
1165 684 1256 752 aaa.
1437 679 1438 730 ῗ

176 839 246 898 test
309 835 390 907 Item
404 834 679 930 prediotomense
693 833 923 924 iuliirtiiibal.
936 836 1067 926 augusti
1081 831 1393 925 [iul.20]prediotus
1437 831 1438 834 ’

262 932 411 1004 dominus
434 931 598 1004 lohannes
622 935 796 1026 episeopus
814 931 1073 1004 Constantiensis
1100 933 1238 1024 primam
1263 932 1394 1002 missam
1437 957 1438 960 ¹

262 1053 356 1104 suam
381 1029 570 1101 Constantia
593 1027 784 1118 celebravit,
833 1027 1018 1101 resentibus
1042 1027 1150 1098 multis
1177 1025 1314 1121 prelatis
1340 1048 1394 1098 sue
1437 1103 1438 1108 ,

262 1127 426 1221 dpoaesis.
444 1126 486 1198 Et
496 1124 788 1198 tunaEberhardus
800 1052 900 1198 abbas
908 1127 1021 1217 Augia
1032 1127 1163 1196 maioris
1181 1125 1264 1215 legit
1271 1146 1394 1195 ewan-
1437 1133 1438 1220 ]

262 1225 399 1316 pelium,
417 1227 592 1317 episcopus
609 1243 693 1295 vero
707 1223 926 1296 Castoriensis
943 1225 1026 1314 legit
1042 1222 1222 1316 epistolam.
1240 1220 1312 1291 Sed
1323 1233 1394 1292 tunc
1437 1247 1438 1250 ¹

263 1324 438 1415 episcopus
456 1321 717 1393 Constantiensis
733 1323 810 1393 xiiii.
835 1320 899 1392 kal.
922 1321 1053 1412 augusti
1071 1319 1236 1390 eanonieis
1255 1317 1395 1390 eeclesia
1437 1365 1438 1398 2

264 1416 524 1490 constantiensis
542 1416 676 1488 inhibuit
692 1419 744 1510 qui
761 1429 930 1490 tonsuram
947 1417 1133 1488 clericalem
1150 1437 1217 1486 non
1233 1415 1394 1496 serebant

263 1524 299 1586 ut
315 1513 434 1587 divinis
452 1519 596 1588 smenon
614 1517 815 1587 interessent
827 1517 889 1586 nisi
907 1537 945 1586 se
958 1513 1141 1584 tonderent.
1159 1512 1256 1584 Unde
1268 1511 1395 1606 qnidam

150 1705 151 1708 Ἴ
263 1632 330 1683 non
346 1611 574 1699 interfuerunt,
592 1611 743 1684 nolentes
754 1613 865 1682 iacere
876 1633 1026 1684 eoronas.
1045 1610 1210 1682 Attamen
1223 1613 1395 1704 episeopus
1437 1613 1438 1682 i

263 1707 359 1796 dinit:¹
381 1731 416 1780 se
434 1731 489 1781 eoa
505 1711 728 1798 compulsores
744 1713 792 1779 ad
812 1707 874 1780 too
891 1711 1018 1779 nautio
1041 1728 1132 1796 pope
1148 1711 1292 1796 atrapis.
1316 1706 1396 1776 Nam
1437 1705 1438 1792 ξ

263 1806 372 1879 clerus
400 1817 478 1877 tuno
500 1807 600 1878 multo
627 1815 775 1900 tempore
799 1809 871 1879 sine
893 1807 1079 1878 visitatione
1105 1814 1239 1876 steterat
1266 1813 1398 1897 propter

263 1902 574 1997 dissensionemque
586 1902 645 1973 iuit
654 1906 739 1974 inter
750 1925 868 1998 papam
878 1899 1057 1974 iohannem
1068 1903 1148 1972 xxii.
1163 1911 1196 1972 et
1205 1898 1396 1972 Ludwienn

264 2001 317 2093 qui
341 2023 378 2072 se
400 2024 461 2095 pro
487 2003 683 2095 imperatore
707 1997 854 2092 gerebat.
883 1997 980 2070 Unde
1003 1997 1132 2092 quidam
1155 2009 1190 2067 ut
1217 1997 1339 2068 milites
1364 2019 1397 2068 se

263 2093 436 2188 gerebant„
454 2101 632 2193 postposita
646 2119 767 2168 oorona
785 2109 819 2169 et
834 2107 932 2170 veste
944 2096 1094 2167 olerioali.
1112 2093 1209 2166 Unde
1222 2098 1397 2188 episcopus
1437 2103 1438 2162 t

261 2203 368 2361 mopprp
389 2205 536 2289 utsupra
555 2193 595 2264 ad
612 2193 876 2266 reformationem
894 2195 974 2265 oleri
991 2215 1029 2266 se
1046 2192 1135 2264 velle
1151 2189 1305 2263 laborare
1316 2213 1397 2285 pro-

261 2299 312 2364 tes
370 2300 450 2364 atur.
1437 2307 1438 2338 ¹

261 2477 311 2548 De
328 2482 433 2548 tereto
450 2483 710 2568 eoaqrapaeione
727 2476 820 2561 foeta
832 2497 895 2566 par
912 2479 1026 2545 dacem
1036 2477 1164 2544 Austris
1181 2483 1300 2544 conoe
1316 2475 1399 2544 ibu-
1437 2487 1438 2540 i

361 2579 510 2666 risorem,
540 2585 572 2645 et
587 2579 627 2644 de
644 2578 784 2644 aduentu
800 2579 888 2662 repa
904 2575 1022 2643 doreti
1038 2573 1086 2641 od
1101 2591 1173 2642 eram
1188 2573 1253 2640 eibi
1269 2575 1307 2640 in
1323 2573 1400 2642 sub-

362 2676 489 2762 sidium,
507 2681 540 2742 at
554 2692 626 2742 aum
647 2691 786 2758 qaorum
803 2675 968 2740 ciuitatum
985 2671 1072 2758 airis,
1090 2672 1401 2756 attemperatione
1437 2671 1438 2754 t

363 2772 478 2859 oppidi
495 2773 577 2840 dieti
592 2771 799 2857 Repreaotle.
1437 2757 1438 2808 ³

315 2920 396 2992 Item
413 2940 499 2991 anno
516 2917 581 2990 liiii.
600 2939 716 2990 mense
733 2921 865 3009 augusti
881 2914 1039 2989 albertus
1058 2916 1126 2987 dux
1141 2916 1279 2987 Austris
1300 2917 1403 2986 tereio
1437 2903 1438 2996 i

266 3041 360 3090 suum
378 3019 561 3090 exereitum
578 3025 689 3087 oonua
698 3013 918 3087 Thuriaenses
931 3025 964 3085 et
973 3013 1152 3085 Vallenses
1170 3015 1402 3104 congregavit.

264 3116 306 3189 Et
331 3119 435 3210 primo
459 3113 589 3207 opidum
614 3113 733 3183 diuum
749 3113 963 3206 Represwile
988 3119 1084 3181 antea
1107 3108 1402 3182 a'i'burioensibns

265 3223 418 3286 exustum
436 3211 617 3283 desolatum
635 3213 866 3304 eomparavita
878 3212 994 3280 comite
1005 3205 1150 3280 Iohanne
1160 3205 1204 3276 de
1211 3205 1401 3301 Habspurg.
1437 3223 1438 3266 ῑ

264 3309 307 3379 Et
323 3313 371 3381 sie
388 3307 596 3379 devastatum
607 3317 719 3378 conba
726 3304 946 3378 Thurioenses
963 3308 1110 3398 reparari
1125 3304 1213 3393 feeit„
1231 3314 1267 3374 et
1280 3302 1403 3374 ibidem

266 3427 360 3477 suum
385 3407 566 3476 exereitum
589 3407 708 3497 posuit,
737 3405 790 3497 qui
812 3406 917 3497 primo
939 3403 1051 3473 villam
1074 3400 1191 3472 dietam
1210 3399 1401 3472 Kussnaeb¹
1437 3435 1438 3484 1

265 3501 492 3590 devastarunt„
519 3512 553 3572 et
576 3505 625 3573 sio
648 3520 768 3574 versus
791 3500 981 3591 iburegum
1003 3503 1065 3570 iter
1088 3521 1183 3571 suum
1206 3497 1404 3589 dirigebant
1437 3491 1438 3522 ³

264 3598 333 3669 Sed
351 3597 493 3670 Karalus
509 3621 572 3670 rex
588 3597 811 3669 Romanorum
834 3601 976 3668 veniens
1000 3599 1142 3668 erastino
1169 3598 1404 3688 assumptionis
1437 3617 1438 3692 ζ

268 3700 360 3788 [aug.
374 3695 435 3786 16]
454 3699 487 3766 in
504 3694 659 3789 oppidum
666 3694 872 3766 Wintertbur
889 3692 931 3764 ad
948 3692 1065 3764 duoem
1081 3691 1262 3786 prediatum
1278 3695 1315 3762 in
1334 3697 1405 3763 eius
1437 3709 1438 3726 ³

265 3792 457 3881 subsidium
474 3790 634 3864 mandans
646 3791 829 3864 ciuitatibus
846 3793 971 3884 imperii
987 3800 1024 3861 ut
1040 3793 1116 3860 eum
1126 3800 1352 3882 sequerentur
1367 3787 1405 3859 ab
1437 3791 1438 3822 ³

265 3889 433 3983 Herbipoli
449 3889 613 3961 inolusive
630 3911 734 3983 usque
746 3887 787 3958 ad
794 3889 983 3980 Augustam
994 3888 1181 3972 enatusive,
1199 3882 1320 3978 quibus
1332 3891 1406 3980 ipse
1437 3887 1438 3922 t

265 3987 397 4059 indulsit
418 3997 454 4058 ut
480 3985 606 4079 pedites
629 3997 849 4057 remanerent.
868 3984 1043 4055 Veneramt
1063 3982 1107 4054 ad
1131 3989 1260 4073 regem.
1277 3983 1406 4070 ombus
1437 3999 1438 4054 t

304 4133 332 4199 1)
348 4133 442 4188 Dieser
456 4149 533 4188 name
547 4133 641 4189 wurde
656 4151 699 4188 um
715 4133 762 4189 das
773 4132 898 4188 andedos
910 4105 1082 4187 itiniuebnten
1097 4130 1271 4185 iabrbuudert
1284 4133 1338 4186 aui
1350 4131 1407 4187 eino
1437 4109 1438 4122 ἵ

266 4219 343 4259 rasus
359 4204 426 4258 oder
439 4204 467 4258 in
482 4203 525 4258 dia
540 4205 595 4259 leer
609 4205 750 4273 gelassena
764 4204 838 4258 stede
853 4203 1037 4272 gesobriebsn.
