<?xml version="1.0" encoding="UTF-8"?>
<!DOCTYPE html PUBLIC "-//W3C//DTD XHTML 1.0 Transitional//EN"
    "http://www.w3.org/TR/xhtml1/DTD/xhtml1-transitional.dtd">
<html xmlns="http://www.w3.org/1999/xhtml" xml:lang="en" lang="en">
 <head>
  <title>
</title>
<meta http-equiv="Content-Type" content="text/html;charset=utf-8" />
  <meta name='ocr-system' content='tesseract 3.04.00' />
  <meta name='ocr-capabilities' content='ocr_page ocr_carea ocr_par ocr_line ocrx_word'/>
</head>
<body>
  <div class='ocr_page' id='page_1' title='image "./fontesrerumgerm01hubegoog_0478.png"; bbox 0 0 3014 4822; ppageno 0'>
   <div class='ocr_carea' id='block_1_1' title="bbox 489 292 1227 370">
    <p class='ocr_par' dir='ltr' id='par_1_1' title="bbox 489 292 1227 370">
     <span class='ocr_line' id='line_1_1' title="bbox 489 292 1227 370; baseline -0.014 -14"><span class='ocrx_word' id='word_1_1' title='bbox 489 292 833 357; x_wconf 79' lang='lat' dir='ltr'><strong>rcunnnsmromn.</strong></span> <span class='ocrx_word' id='word_1_2' title='bbox 1156 292 1227 370; x_wconf 78' lang='lat'><strong>403</strong></span> 
     </span>
    </p>
   </div>
   <div class='ocr_carea' id='block_1_2' title="bbox 96 470 1234 1054">
    <p class='ocr_par' dir='ltr' id='par_1_2' title="bbox 96 470 1234 1054">
     <span class='ocr_line' id='line_1_2' title="bbox 97 470 1234 611; baseline -0.004 -64"><span class='ocrx_word' id='word_1_3' title='bbox 97 470 304 593; x_wconf 60' lang='lat' dir='ltr'><strong>contulerint</strong></span> <span class='ocrx_word' id='word_1_4' title='bbox 329 475 439 547; x_wconf 81' lang='lat' dir='ltr'><strong>minua</strong></span> <span class='ocrx_word' id='word_1_5' title='bbox 455 471 631 548; x_wconf 86' lang='lat' dir='ltr'><strong>obscmum</strong></span> <span class='ocrx_word' id='word_1_6' title='bbox 656 483 709 546; x_wconf 84' lang='lat' dir='ltr'><strong>est</strong></span> <span class='ocrx_word' id='word_1_7' title='bbox 725 484 760 545; x_wconf 82' lang='lat' dir='ltr'><strong>et</strong></span> <span class='ocrx_word' id='word_1_8' title='bbox 776 493 816 544; x_wconf 79' lang='lat' dir='ltr'><strong>ea</strong></span> <span class='ocrx_word' id='word_1_9' title='bbox 834 473 989 568; x_wconf 82' lang='lat' dir='ltr'><strong>persequi</strong></span> <span class='ocrx_word' id='word_1_10' title='bbox 1001 483 1079 586; x_wconf 87' lang='lat' dir='ltr'><strong>non</strong></span> <span class='ocrx_word' id='word_1_11' title='bbox 1096 481 1148 543; x_wconf 86' lang='lat' dir='ltr'><strong>ast</strong></span> <span class='ocrx_word' id='word_1_12' title='bbox 1164 473 1234 611; x_wconf 49' lang='lat' dir='ltr'><strong>mig</strong></span> 
     </span>
     <span class='ocr_line' id='line_1_3' title="bbox 97 582 1230 763; baseline -0.004 -22"><span class='ocrx_word' id='word_1_13' title='bbox 97 582 245 741; x_wconf 57' lang='lat' dir='ltr'><strong>msbblrbo</strong></span> <span class='ocrx_word' id='word_1_14' title='bbox 261 671 311 742; x_wconf 87' lang='lat' dir='ltr'><strong>bis</strong></span> <span class='ocrx_word' id='word_1_15' title='bbox 328 673 425 743; x_wconf 87' lang='lat' dir='ltr'><strong>initiis</strong></span> <span class='ocrx_word' id='word_1_16' title='bbox 443 670 614 742; x_wconf 85' lang='lat' dir='ltr'><strong>delmentis</strong></span> <span class='ocrx_word' id='word_1_17' title='bbox 637 670 797 763; x_wconf 76' lang='lat' dir='ltr'><strong>quaedam</strong></span> <span class='ocrx_word' id='word_1_18' title='bbox 815 602 859 739; x_wconf 80' lang='lat' dir='ltr'><strong>ex</strong></span> <span class='ocrx_word' id='word_1_19' title='bbox 876 667 1018 740; x_wconf 80' lang='lat' dir='ltr'><strong>nistoriis</strong></span> <span class='ocrx_word' id='word_1_20' title='bbox 1032 665 1172 761; x_wconf 85' lang='lat' dir='ltr'><strong>publicis</strong></span> <span class='ocrx_word' id='word_1_21' title='bbox 1190 689 1230 738; x_wconf 86' lang='lat' dir='ltr'><strong>ao</strong></span> 
     </span>
     <span class='ocr_line' id='line_1_4' title="bbox 97 765 1230 862; baseline -0.006 -22"><span class='ocrx_word' id='word_1_22' title='bbox 97 771 237 861; x_wconf 73' lang='lat' dir='ltr'><strong>privatis</strong></span> <span class='ocrx_word' id='word_1_23' title='bbox 255 771 383 862; x_wconf 83' lang='lat' dir='ltr'><strong>scriptis</strong></span> <span class='ocrx_word' id='word_1_24' title='bbox 401 765 577 840; x_wconf 82' lang='lat' dir='ltr'><strong>observata</strong></span> <span class='ocrx_word' id='word_1_25' title='bbox 595 766 637 837; x_wconf 88' lang='lat' dir='ltr'><strong>ad</strong></span> <span class='ocrx_word' id='word_1_26' title='bbox 653 771 814 838; x_wconf 82' lang='lat' dir='ltr'><strong>notionem</strong></span> <span class='ocrx_word' id='word_1_27' title='bbox 830 775 1014 860; x_wconf 87' lang='lat' dir='ltr'><strong>temporum</strong></span> <span class='ocrx_word' id='word_1_28' title='bbox 1025 773 1057 836; x_wconf 88' lang='lat' dir='ltr'><strong>et</strong></span> <span class='ocrx_word' id='word_1_29' title='bbox 1069 782 1230 836; x_wconf 87' lang='lat' dir='ltr'><strong>annorum</strong></span> 
     </span>
     <span class='ocr_line' id='line_1_5' title="bbox 96 859 1229 958; baseline -0.004 -23"><span class='ocrx_word' id='word_1_30' title='bbox 96 863 249 956; x_wconf 72' lang='lat' dir='ltr'><strong>digesta,</strong></span> <span class='ocrx_word' id='word_1_31' title='bbox 279 863 401 958; x_wconf 62' lang='lat' dir='ltr'><strong>⁴rpribus</strong></span> <span class='ocrx_word' id='word_1_32' title='bbox 440 869 664 957; x_wconf 64' lang='lat' dir='ltr'><strong>contignum,</strong></span> <span class='ocrx_word' id='word_1_33' title='bbox 710 862 855 936; x_wconf 84' lang='lat' dir='ltr'><strong>breviter</strong></span> <span class='ocrx_word' id='word_1_34' title='bbox 893 859 1229 934; x_wconf 69' lang='lat' dir='ltr'><strong>commemorabimus.</strong></span> 
     </span>
     <span class='ocr_line' id='line_1_6' title="bbox 97 959 708 1054; baseline 0 -22"><span class='ocrx_word' id='word_1_35' title='bbox 97 959 235 1032; x_wconf 73' lang='lat' dir='ltr'><strong>Adriani</strong></span> <span class='ocrx_word' id='word_1_36' title='bbox 251 960 317 1050; x_wconf 76' lang='lat' dir='ltr'><strong>atti,</strong></span> <span class='ocrx_word' id='word_1_37' title='bbox 335 961 467 1032; x_wconf 88' lang='lat' dir='ltr'><strong>demant</strong></span> <span class='ocrx_word' id='word_1_38' title='bbox 484 972 517 1032; x_wconf 89' lang='lat' dir='ltr'><strong>et</strong></span> <span class='ocrx_word' id='word_1_39' title='bbox 534 965 708 1054; x_wconf 82' lang='lat' dir='ltr'><strong>corrigant.</strong></span> 
     </span>
    </p>
   </div>
   <div class='ocr_carea' id='block_1_3' title="bbox 98 1067 1232 1852">
    <p class='ocr_par' dir='ltr' id='par_1_3' title="bbox 98 1067 1232 1658">
     <span class='ocr_line' id='line_1_7' title="bbox 146 1067 1230 1178; baseline -0.007 -28"><span class='ocrx_word' id='word_1_40' title='bbox 146 1076 250 1150; x_wconf 84' lang='lat' dir='ltr'><strong>Anno</strong></span> <span class='ocrx_word' id='word_1_41' title='bbox 266 1075 340 1148; x_wconf 81' lang='lat'><strong>753</strong></span> <span class='ocrx_word' id='word_1_42' title='bbox 357 1077 502 1178; x_wconf 63' lang='lat' dir='ltr'><strong>Pipinus,</strong></span> <span class='ocrx_word' id='word_1_43' title='bbox 524 1081 635 1170; x_wconf 79' lang='lat' dir='ltr'><strong>magni</strong></span> <span class='ocrx_word' id='word_1_44' title='bbox 654 1075 762 1147; x_wconf 86' lang='lat' dir='ltr'><strong>Caroii</strong></span> <span class='ocrx_word' id='word_1_45' title='bbox 782 1085 887 1170; x_wconf 39' lang='lat' dir='ltr'><strong>paterp</strong></span> <span class='ocrx_word' id='word_1_46' title='bbox 905 1071 959 1143; x_wconf 86' lang='lat' dir='ltr'><strong>diu</strong></span> <span class='ocrx_word' id='word_1_47' title='bbox 976 1067 1230 1143; x_wconf 85' lang='lat' dir='ltr'><strong>Francoibrdiae</strong></span> 
     </span>
     <span class='ocr_line' id='line_1_8' title="bbox 98 1165 1231 1266; baseline -0.004 -21"><span class='ocrx_word' id='word_1_48' title='bbox 98 1183 257 1246; x_wconf 81' lang='lat' dir='ltr'><strong>versatus</strong></span> <span class='ocrx_word' id='word_1_49' title='bbox 286 1183 485 1246; x_wconf 87' lang='lat' dir='ltr'><strong>conventum</strong></span> <span class='ocrx_word' id='word_1_50' title='bbox 510 1195 583 1245; x_wconf 89' lang='lat' dir='ltr'><strong>cum</strong></span> <span class='ocrx_word' id='word_1_51' title='bbox 612 1172 747 1246; x_wconf 90' lang='lat' dir='ltr'><strong>statibus</strong></span> <span class='ocrx_word' id='word_1_52' title='bbox 771 1173 868 1266; x_wconf 83' lang='lat' dir='ltr'><strong>regni</strong></span> <span class='ocrx_word' id='word_1_53' title='bbox 892 1173 942 1243; x_wconf 86' lang='lat' dir='ltr'><strong>sui</strong></span> <span class='ocrx_word' id='word_1_54' title='bbox 966 1168 1076 1240; x_wconf 77' lang='lat' dir='ltr'><strong>habuit</strong></span> <span class='ocrx_word' id='word_1_55' title='bbox 1097 1165 1231 1258; x_wconf 76' lang='lat' dir='ltr'><strong>miden,</strong></span> 
     </span>
     <span class='ocr_line' id='line_1_9' title="bbox 100 1263 1230 1366; baseline -0.004 -26"><span class='ocrx_word' id='word_1_56' title='bbox 100 1293 186 1365; x_wconf 79' lang='lat' dir='ltr'><strong>quiae</strong></span> <span class='ocrx_word' id='word_1_57' title='bbox 205 1273 427 1366; x_wconf 85' lang='lat' dir='ltr'><strong>antiquissima</strong></span> <span class='ocrx_word' id='word_1_58' title='bbox 447 1281 497 1344; x_wconf 90' lang='lat' dir='ltr'><strong>est</strong></span> <span class='ocrx_word' id='word_1_59' title='bbox 515 1275 671 1343; x_wconf 86' lang='lat' dir='ltr'><strong>memoria</strong></span> <span class='ocrx_word' id='word_1_60' title='bbox 690 1269 775 1364; x_wconf 86' lang='lat' dir='ltr'><strong>apud</strong></span> <span class='ocrx_word' id='word_1_61' title='bbox 793 1289 846 1340; x_wconf 90' lang='lat' dir='ltr'><strong>me</strong></span> <span class='ocrx_word' id='word_1_62' title='bbox 864 1271 988 1364; x_wconf 82' lang='lat' dir='ltr'><strong>patriae</strong></span> <span class='ocrx_word' id='word_1_63' title='bbox 1005 1265 1145 1360; x_wconf 81' lang='lat' dir='ltr'><strong>excepta</strong></span> <span class='ocrx_word' id='word_1_64' title='bbox 1162 1263 1230 1355; x_wconf 63' lang='lat' dir='ltr'><strong>tila,</strong></span> 
     </span>
     <span class='ocr_line' id='line_1_10' title="bbox 100 1361 1231 1464; baseline -0.004 -26"><span class='ocrx_word' id='word_1_65' title='bbox 100 1386 198 1462; x_wconf 87' lang='lat' dir='ltr'><strong>quum</strong></span> <span class='ocrx_word' id='word_1_66' title='bbox 217 1393 316 1464; x_wconf 87' lang='lat' dir='ltr'><strong>supra</strong></span> <span class='ocrx_word' id='word_1_67' title='bbox 335 1367 376 1440; x_wconf 91' lang='lat' dir='ltr'><strong>de</strong></span> <span class='ocrx_word' id='word_1_68' title='bbox 394 1365 585 1439; x_wconf 87' lang='lat' dir='ltr'><strong>Genebaldo</strong></span> <span class='ocrx_word' id='word_1_69' title='bbox 602 1367 807 1439; x_wconf 83' lang='lat' dir='ltr'><strong>Francomac</strong></span> <span class='ocrx_word' id='word_1_70' title='bbox 824 1367 907 1436; x_wconf 92' lang='lat' dir='ltr'><strong>duce</strong></span> <span class='ocrx_word' id='word_1_71' title='bbox 925 1361 1024 1436; x_wconf 78' lang='lat' dir='ltr'><strong>abuit.</strong></span> <span class='ocrx_word' id='word_1_72' title='bbox 1060 1363 1170 1457; x_wconf 88' lang='lat' dir='ltr'><strong>Atque</strong></span> <span class='ocrx_word' id='word_1_73' title='bbox 1186 1366 1231 1434; x_wconf 82' lang='lat' dir='ltr'><strong>ita</strong></span> 
     </span>
     <span class='ocr_line' id='line_1_11' title="bbox 102 1458 1232 1559; baseline -0.004 -24"><span class='ocrx_word' id='word_1_74' title='bbox 102 1475 192 1559; x_wconf 89' lang='lat' dir='ltr'><strong>patet</strong></span> <span class='ocrx_word' id='word_1_75' title='bbox 210 1477 286 1538; x_wconf 84' lang='lat' dir='ltr'><strong>ante</strong></span> <span class='ocrx_word' id='word_1_76' title='bbox 303 1465 456 1540; x_wconf 80' lang='lat' dir='ltr'><strong>Carolum</strong></span> <span class='ocrx_word' id='word_1_77' title='bbox 474 1487 630 1558; x_wconf 84' lang='lat' dir='ltr'><strong>magnum</strong></span> <span class='ocrx_word' id='word_1_78' title='bbox 655 1485 775 1537; x_wconf 88' lang='lat' dir='ltr'><strong>nomen</strong></span> <span class='ocrx_word' id='word_1_79' title='bbox 797 1483 890 1537; x_wconf 91' lang='lat' dir='ltr'><strong>suam</strong></span> <span class='ocrx_word' id='word_1_80' title='bbox 908 1459 1063 1534; x_wconf 75' lang='lat' dir='ltr'><strong>habuisse</strong></span> <span class='ocrx_word' id='word_1_81' title='bbox 1085 1480 1148 1556; x_wconf 88' lang='lat' dir='ltr'><strong>qao</strong></span> <span class='ocrx_word' id='word_1_82' title='bbox 1165 1458 1232 1530; x_wconf 83' lang='lat' dir='ltr'><strong>ati·-</strong></span> 
     </span>
     <span class='ocr_line' id='line_1_12' title="bbox 101 1561 507 1658; baseline 0.005 -26"><span class='ocrx_word' id='word_1_83' title='bbox 101 1561 165 1634; x_wconf 88' lang='lat' dir='ltr'><strong>bac</strong></span> <span class='ocrx_word' id='word_1_84' title='bbox 183 1563 365 1658; x_wconf 85' lang='lat' dir='ltr'><strong>appellatur</strong></span> <span class='ocrx_word' id='word_1_85' title='bbox 382 1566 507 1635; x_wconf 87' lang='lat' dir='ltr'><strong>civitas.</strong></span> 
     </span>
    </p>

    <p class='ocr_par' dir='ltr' id='par_1_4' title="bbox 101 1653 1232 1852">
     <span class='ocr_line' id='line_1_13' title="bbox 149 1653 1232 1756; baseline -0.002 -26"><span class='ocrx_word' id='word_1_86' title='bbox 149 1663 252 1732; x_wconf 87' lang='lat' dir='ltr'><strong>Anno</strong></span> <span class='ocrx_word' id='word_1_87' title='bbox 269 1659 343 1732; x_wconf 83' lang='lat'><strong>&#39;793</strong></span> <span class='ocrx_word' id='word_1_88' title='bbox 360 1658 498 1732; x_wconf 84' lang='lat' dir='ltr'>Carolus</span> <span class='ocrx_word' id='word_1_89' title='bbox 515 1681 657 1752; x_wconf 86' lang='lat' dir='ltr'><strong>magnus</strong></span> <span class='ocrx_word' id='word_1_90' title='bbox 675 1659 818 1732; x_wconf 88' lang='lat' dir='ltr'><strong>nondum</strong></span> <span class='ocrx_word' id='word_1_91' title='bbox 837 1661 1014 1756; x_wconf 82' lang='lat' dir='ltr'><strong>imperator</strong></span> <span class='ocrx_word' id='word_1_92' title='bbox 1029 1653 1232 1728; x_wconf 80' lang='lat' dir='ltr'><strong>Francoior-</strong></span> 
     </span>
     <span class='ocr_line' id='line_1_14' title="bbox 101 1755 938 1852; baseline 0 -24"><span class='ocrx_word' id='word_1_93' title='bbox 101 1757 175 1830; x_wconf 78' lang='lat' dir='ltr'><strong>diae</strong></span> <span class='ocrx_word' id='word_1_94' title='bbox 193 1757 316 1852; x_wconf 81' lang='lat' dir='ltr'><strong>pascha</strong></span> <span class='ocrx_word' id='word_1_95' title='bbox 335 1757 479 1830; x_wconf 85' lang='lat' dir='ltr'><strong>celebrat</strong></span> <span class='ocrx_word' id='word_1_96' title='bbox 495 1755 644 1852; x_wconf 83' lang='lat' dir='ltr'><strong>Mariano</strong></span> <span class='ocrx_word' id='word_1_97' title='bbox 661 1755 761 1828; x_wconf 84' lang='lat' dir='ltr'><strong>Scoto</strong></span> <span class='ocrx_word' id='word_1_98' title='bbox 779 1765 812 1828; x_wconf 91' lang='lat' dir='ltr'><strong>et</strong></span> <span class='ocrx_word' id='word_1_99' title='bbox 829 1755 910 1828; x_wconf 84' lang='lat' dir='ltr'><strong>aiiis.</strong></span> <span class='ocrx_word' id='word_1_100' title='bbox 934 1768 938 1777; x_wconf 90' lang='lat'>&#39;</span> 
     </span>
    </p>
   </div>
   <div class='ocr_carea' id='block_1_4' title="bbox 100 1867 1234 2552">
    <p class='ocr_par' dir='ltr' id='par_1_5' title="bbox 100 1867 1234 2552">
     <span class='ocr_line' id='line_1_15' title="bbox 150 1867 1234 1968; baseline 0.002 -24"><span class='ocrx_word' id='word_1_101' title='bbox 150 1871 343 1947; x_wconf 71' lang='lat' dir='ltr'><strong>Anactes</strong></span> <span class='ocrx_word' id='word_1_102' title='bbox 365 1871 815 1968; x_wconf 68' lang='lat' dir='ltr'><strong>SynodusFrnncoiordiauu</strong></span> <span class='ocrx_word' id='word_1_103' title='bbox 840 1869 879 1948; x_wconf 86' lang='lat' dir='ltr'><strong>ab</strong></span> <span class='ocrx_word' id='word_1_104' title='bbox 906 1869 1024 1944; x_wconf 87' lang='lat' dir='ltr'><strong>eodem</strong></span> <span class='ocrx_word' id='word_1_105' title='bbox 1049 1867 1234 1956; x_wconf 85' lang='lat' dir='ltr'><strong>celebratur</strong></span> 
     </span>
     <span class='ocr_line' id='line_1_16' title="bbox 102 1963 1233 2070; baseline 0.002 -30"><span class='ocrx_word' id='word_1_106' title='bbox 102 1967 149 2042; x_wconf 87' lang='lat'><strong>38</strong></span> <span class='ocrx_word' id='word_1_107' title='bbox 167 1973 398 2070; x_wconf 89' lang='lat' dir='ltr'><strong>episcoporum</strong></span> <span class='ocrx_word' id='word_1_108' title='bbox 415 1981 526 2044; x_wconf 85' lang='lat' dir='ltr'><strong>contra</strong></span> <span class='ocrx_word' id='word_1_109' title='bbox 544 1969 690 2044; x_wconf 83' lang='lat' dir='ltr'><strong>Felicem</strong></span> <span class='ocrx_word' id='word_1_110' title='bbox 707 1966 945 2068; x_wconf 77' lang='lat' dir='ltr'><strong>Urgeiitanum.</strong></span> <span class='ocrx_word' id='word_1_111' title='bbox 978 1963 1118 2049; x_wconf 75' lang='lat' dir='ltr'><strong>Enetum</strong></span> <span class='ocrx_word' id='word_1_112' title='bbox 1135 1969 1233 2062; x_wconf 81' lang='lat' dir='ltr'><strong>frag-</strong></span> 
     </span>
     <span class='ocr_line' id='line_1_17' title="bbox 102 2065 1233 2159; baseline -0.002 -19"><span class='ocrx_word' id='word_1_113' title='bbox 102 2075 211 2142; x_wconf 84' lang='lat' dir='ltr'><strong>menta</strong></span> <span class='ocrx_word' id='word_1_114' title='bbox 236 2069 270 2138; x_wconf 86' lang='lat' dir='ltr'><strong>in</strong></span> <span class='ocrx_word' id='word_1_115' title='bbox 295 2072 389 2140; x_wconf 87' lang='lat' dir='ltr'><strong>tomis</strong></span> <span class='ocrx_word' id='word_1_116' title='bbox 420 2069 642 2157; x_wconf 64' lang='lat' dir='ltr'><strong>conciliorum„</strong></span> <span class='ocrx_word' id='word_1_117' title='bbox 670 2071 807 2142; x_wconf 88' lang='lat' dir='ltr'><strong>citantur</strong></span> <span class='ocrx_word' id='word_1_118' title='bbox 830 2071 950 2159; x_wconf 76' lang='lat' dir='ltr'><strong>integri</strong></span> <span class='ocrx_word' id='word_1_119' title='bbox 976 2065 1048 2141; x_wconf 86' lang='lat' dir='ltr'><strong>libri</strong></span> <span class='ocrx_word' id='word_1_120' title='bbox 1072 2077 1105 2138; x_wconf 89' lang='lat' dir='ltr'><strong>et</strong></span> <span class='ocrx_word' id='word_1_121' title='bbox 1129 2093 1166 2148; x_wconf 83' lang='lat' dir='ltr'><strong>on</strong></span> <span class='ocrx_word' id='word_1_122' title='bbox 1190 2071 1233 2140; x_wconf 85' lang='lat' dir='ltr'><strong>ita</strong></span> 
     </span>
     <span class='ocr_line' id='line_1_18' title="bbox 100 2091 1232 2238; baseline 0 -4"><span class='ocrx_word' id='word_1_123' title='bbox 100 2164 198 2236; x_wconf 90' lang='lat' dir='ltr'><strong>buius</strong></span> <span class='ocrx_word' id='word_1_124' title='bbox 217 2166 343 2238; x_wconf 84' lang='lat' dir='ltr'><strong>concilii</strong></span> <span class='ocrx_word' id='word_1_125' title='bbox 361 2189 380 2235; x_wconf 90' lang='lat' dir='ltr'><strong>a</strong></span> <span class='ocrx_word' id='word_1_126' title='bbox 398 2163 594 2237; x_wconf 84' lang='lat' dir='ltr'><strong>Geneburdo</strong></span> <span class='ocrx_word' id='word_1_127' title='bbox 612 2175 645 2236; x_wconf 92' lang='lat' dir='ltr'><strong>et</strong></span> <span class='ocrx_word' id='word_1_128' title='bbox 662 2165 798 2238; x_wconf 84' lang='lat' dir='ltr'><strong>Claudio</strong></span> <span class='ocrx_word' id='word_1_129' title='bbox 816 2162 857 2236; x_wconf 87' lang='lat' dir='ltr'><strong>de</strong></span> <span class='ocrx_word' id='word_1_130' title='bbox 876 2168 1008 2238; x_wconf 84' lang='lat' dir='ltr'><strong>sanctis.</strong></span> <span class='ocrx_word' id='word_1_131' title='bbox 1037 2163 1127 2236; x_wconf 87' lang='lat' dir='ltr'><strong>Vero</strong></span> <span class='ocrx_word' id='word_1_132' title='bbox 1146 2091 1232 2236; x_wconf 68' lang='lat' dir='ltr'><strong>abiud</strong></span> 
     </span>
     <span class='ocr_line' id='line_1_19' title="bbox 102 2258 1232 2359; baseline 0.004 -27"><span class='ocrx_word' id='word_1_133' title='bbox 102 2262 298 2356; x_wconf 88' lang='lat' dir='ltr'><strong>opusculum</strong></span> <span class='ocrx_word' id='word_1_134' title='bbox 322 2285 401 2336; x_wconf 88' lang='lat' dir='ltr'><strong>esse</strong></span> <span class='ocrx_word' id='word_1_135' title='bbox 424 2271 512 2358; x_wconf 84' lang='lat' dir='ltr'><strong>puto.</strong></span> <span class='ocrx_word' id='word_1_136' title='bbox 547 2261 646 2341; x_wconf 84' lang='lat' dir='ltr'><strong>Facto</strong></span> <span class='ocrx_word' id='word_1_137' title='bbox 671 2273 747 2336; x_wconf 82' lang='lat' dir='ltr'><strong>sunt</strong></span> <span class='ocrx_word' id='word_1_138' title='bbox 768 2258 822 2334; x_wconf 89' lang='lat' dir='ltr'><strong>hio</strong></span> <span class='ocrx_word' id='word_1_139' title='bbox 846 2266 988 2333; x_wconf 83' lang='lat' dir='ltr'><strong>earmina</strong></span> <span class='ocrx_word' id='word_1_140' title='bbox 1011 2259 1232 2359; x_wconf 78' lang='lat' dir='ltr'><strong>pulcherrima</strong></span> 
     </span>
     <span class='ocr_line' id='line_1_20' title="bbox 101 2355 1233 2454; baseline -0.001 -25"><span class='ocrx_word' id='word_1_141' title='bbox 101 2368 216 2430; x_wconf 86' lang='lat' dir='ltr'><strong>eontra</strong></span> <span class='ocrx_word' id='word_1_142' title='bbox 242 2359 471 2450; x_wconf 67' lang='lat' dir='ltr'><strong>iconoclastae,</strong></span> <span class='ocrx_word' id='word_1_143' title='bbox 497 2382 560 2454; x_wconf 88' lang='lat' dir='ltr'><strong>que</strong></span> <span class='ocrx_word' id='word_1_144' title='bbox 577 2363 785 2432; x_wconf 87' lang='lat' dir='ltr'><strong>conterranci</strong></span> <span class='ocrx_word' id='word_1_145' title='bbox 809 2362 873 2432; x_wconf 93' lang='lat' dir='ltr'><strong>mei</strong></span> <span class='ocrx_word' id='word_1_146' title='bbox 889 2361 990 2430; x_wconf 91' lang='lat' dir='ltr'><strong>menti</strong></span> <span class='ocrx_word' id='word_1_147' title='bbox 1007 2355 1149 2450; x_wconf 84' lang='lat' dir='ltr'><strong>infigere</strong></span> <span class='ocrx_word' id='word_1_148' title='bbox 1168 2357 1233 2428; x_wconf 84' lang='lat' dir='ltr'><strong>de-</strong></span> 
     </span>
     <span class='ocr_line' id='line_1_21' title="bbox 102 2453 1020 2552; baseline 0.008 -28"><span class='ocrx_word' id='word_1_149' title='bbox 102 2453 220 2544; x_wconf 79' lang='lat' dir='ltr'><strong>beant3</strong></span> <span class='ocrx_word' id='word_1_150' title='bbox 239 2479 279 2528; x_wconf 87' lang='lat' dir='ltr'><strong>ea</strong></span> <span class='ocrx_word' id='word_1_151' title='bbox 297 2459 329 2528; x_wconf 93' lang='lat' dir='ltr'><strong>in</strong></span> <span class='ocrx_word' id='word_1_152' title='bbox 347 2457 486 2552; x_wconf 69' lang='lat' dir='ltr'><strong>gratim</strong></span> <span class='ocrx_word' id='word_1_153' title='bbox 503 2457 631 2531; x_wconf 83' lang='lat' dir='ltr'><strong>illorum</strong></span> <span class='ocrx_word' id='word_1_154' title='bbox 649 2455 869 2532; x_wconf 81' lang='lat' dir='ltr'><strong>subscribam:</strong></span> <span class='ocrx_word' id='word_1_155' title='bbox 1017 2523 1020 2531; x_wconf 80' lang='grc'>,</span> 
     </span>
    </p>
   </div>
   <div class='ocr_carea' id='block_1_5' title="bbox 226 2533 1087 2772">
    <p class='ocr_par' dir='ltr' id='par_1_6' title="bbox 226 2533 1087 2772">
     <span class='ocr_line' id='line_1_22' title="bbox 226 2533 1053 2676; baseline -0.001 -21"><span class='ocrx_word' id='word_1_156' title='bbox 226 2579 383 2674; x_wconf 78' lang='lat' dir='ltr'><strong>Effigiem</strong></span> <span class='ocrx_word' id='word_1_157' title='bbox 399 2579 519 2657; x_wconf 74' lang='lat' dir='ltr'><strong>Christi</strong></span> <span class='ocrx_word' id='word_1_158' title='bbox 537 2603 610 2657; x_wconf 87' lang='lat' dir='ltr'><strong>cum</strong></span> <span class='ocrx_word' id='word_1_159' title='bbox 627 2585 749 2656; x_wconf 73' lang='lat' dir='ltr'><strong>cansa</strong></span> <span class='ocrx_word' id='word_1_160' title='bbox 765 2603 899 2676; x_wconf 80' lang='lat' dir='ltr'><strong>semper</strong></span> <span class='ocrx_word' id='word_1_161' title='bbox 915 2533 1053 2672; x_wconf 64' lang='lat' dir='ltr'><strong>bononi,</strong></span> 
     </span>
     <span class='ocr_line' id='line_1_23' title="bbox 229 2677 1087 2772; baseline 0 -22"><span class='ocrx_word' id='word_1_162' title='bbox 229 2677 304 2757; x_wconf 85' lang='lat' dir='ltr'><strong>Nou</strong></span> <span class='ocrx_word' id='word_1_163' title='bbox 320 2689 431 2755; x_wconf 70' lang='lat' dir='ltr'><strong>umen</strong></span> <span class='ocrx_word' id='word_1_164' title='bbox 448 2679 594 2770; x_wconf 74' lang='lat' dir='ltr'><strong>effigiem</strong></span> <span class='ocrx_word' id='word_1_165' title='bbox 613 2677 674 2752; x_wconf 87' lang='lat' dir='ltr'><strong>sed</strong></span> <span class='ocrx_word' id='word_1_166' title='bbox 691 2698 789 2772; x_wconf 81' lang='lat' dir='ltr'><strong>quem</strong></span> <span class='ocrx_word' id='word_1_167' title='bbox 806 2677 960 2771; x_wconf 79' lang='lat' dir='ltr'><strong>designat</strong></span> <span class='ocrx_word' id='word_1_168' title='bbox 976 2679 1087 2754; x_wconf 80' lang='lat' dir='ltr'><strong>adora</strong></span> 
     </span>
    </p>
   </div>
   <div class='ocr_carea' id='block_1_6' title="bbox 100 2809 1236 4368">
    <p class='ocr_par' dir='ltr' id='par_1_7' title="bbox 100 2809 1234 3099">
     <span class='ocr_line' id='line_1_24' title="bbox 100 2809 1233 2908; baseline 0.003 -25"><span class='ocrx_word' id='word_1_169' title='bbox 100 2811 231 2883; x_wconf 78' lang='lat' dir='ltr'><strong>Eodem</strong></span> <span class='ocrx_word' id='word_1_170' title='bbox 258 2833 344 2882; x_wconf 82' lang='lat' dir='ltr'><strong>anno</strong></span> <span class='ocrx_word' id='word_1_171' title='bbox 372 2814 506 2882; x_wconf 84' lang='lat' dir='ltr'><strong>moritur</strong></span> <span class='ocrx_word' id='word_1_172' title='bbox 530 2810 584 2882; x_wconf 85' lang='lat' dir='ltr'><strong>bic</strong></span> <span class='ocrx_word' id='word_1_173' title='bbox 606 2809 808 2884; x_wconf 82' lang='lat' dir='ltr'><strong>Fastradana</strong></span> <span class='ocrx_word' id='word_1_174' title='bbox 829 2815 969 2904; x_wconf 66' lang='lat' dir='ltr'><strong>regina,</strong></span> <span class='ocrx_word' id='word_1_175' title='bbox 997 2811 1124 2908; x_wconf 87' lang='lat' dir='ltr'><strong>sepulta</strong></span> <span class='ocrx_word' id='word_1_176' title='bbox 1152 2809 1233 2886; x_wconf 85' lang='lat' dir='ltr'><strong>bio-</strong></span> 
     </span>
     <span class='ocr_line' id='line_1_25' title="bbox 102 2907 1234 3004; baseline 0.001 -22"><span class='ocrx_word' id='word_1_177' title='bbox 102 2913 239 3000; x_wconf 72' lang='lat' dir='ltr'><strong>ganuae</strong></span> <span class='ocrx_word' id='word_1_178' title='bbox 262 2908 304 2978; x_wconf 86' lang='lat' dir='ltr'><strong>ad</strong></span> <span class='ocrx_word' id='word_1_179' title='bbox 327 2919 476 2980; x_wconf 78' lang='lat' dir='ltr'><strong>sanctum</strong></span> <span class='ocrx_word' id='word_1_180' title='bbox 494 2907 672 2998; x_wconf 38' lang='lat' dir='ltr'><strong>Albanump</strong></span> <span class='ocrx_word' id='word_1_181' title='bbox 696 2931 783 2981; x_wconf 91' lang='lat' dir='ltr'><strong>nunc</strong></span> <span class='ocrx_word' id='word_1_182' title='bbox 807 2909 1003 3004; x_wconf 70' lang='lat' dir='ltr'><strong>epitaphium</strong></span> <span class='ocrx_word' id='word_1_183' title='bbox 1026 2914 1098 2982; x_wconf 88' lang='lat' dir='ltr'><strong>eins</strong></span> <span class='ocrx_word' id='word_1_184' title='bbox 1123 2922 1234 2986; x_wconf 82' lang='lat' dir='ltr'><strong>exstat</strong></span> 
     </span>
     <span class='ocr_line' id='line_1_26' title="bbox 105 3006 762 3099; baseline 0.006 -25"><span class='ocrx_word' id='word_1_185' title='bbox 105 3009 285 3078; x_wconf 80' lang='lat' dir='ltr'><strong>insnnmro</strong></span> <span class='ocrx_word' id='word_1_186' title='bbox 301 3006 432 3099; x_wconf 83' lang='lat' dir='ltr'><strong>templo.</strong></span> <span class='ocrx_word' id='word_1_187' title='bbox 759 3026 762 3035; x_wconf 56' lang='lat'><strong><em>¹</em></strong></span> 
     </span>
    </p>

    <p class='ocr_par' dir='ltr' id='par_1_8' title="bbox 102 3100 1234 3392">
     <span class='ocr_line' id='line_1_27' title="bbox 149 3100 1234 3198; baseline 0.002 -24"><span class='ocrx_word' id='word_1_188' title='bbox 149 3105 254 3174; x_wconf 78' lang='lat' dir='ltr'><strong>Anno</strong></span> <span class='ocrx_word' id='word_1_189' title='bbox 269 3103 343 3174; x_wconf 92' lang='grc'><strong>822</strong></span> <span class='ocrx_word' id='word_1_190' title='bbox 360 3126 379 3174; x_wconf 92' lang='lat' dir='ltr'><strong>a</strong></span> <span class='ocrx_word' id='word_1_191' title='bbox 396 3100 564 3174; x_wconf 74' lang='lat' dir='ltr'><strong>Lndomco</strong></span> <span class='ocrx_word' id='word_1_192' title='bbox 581 3106 634 3198; x_wconf 91' lang='lat' dir='ltr'><strong>pio</strong></span> <span class='ocrx_word' id='word_1_193' title='bbox 650 3104 831 3176; x_wconf 82' lang='lat' dir='ltr'><strong>exstruitur</strong></span> <span class='ocrx_word' id='word_1_194' title='bbox 854 3104 1022 3198; x_wconf 64' lang='lat' dir='ltr'><strong>palatium,</strong></span> <span class='ocrx_word' id='word_1_195' title='bbox 1044 3107 1149 3197; x_wconf 78' lang='lat' dir='ltr'><strong>vtrlgo</strong></span> <span class='ocrx_word' id='word_1_196' title='bbox 1174 3111 1234 3176; x_wconf 80' lang='lat' dir='ltr'><strong>der</strong></span> 
     </span>
     <span class='ocr_line' id='line_1_28' title="bbox 102 3195 1232 3296; baseline 0.002 -26"><span class='ocrx_word' id='word_1_197' title='bbox 102 3199 239 3289; x_wconf 67' lang='lat' dir='ltr'><strong>Salboff,</strong></span> <span class='ocrx_word' id='word_1_198' title='bbox 255 3199 344 3271; x_wconf 84' lang='lat' dir='ltr'><strong>ands</strong></span> <span class='ocrx_word' id='word_1_199' title='bbox 360 3195 533 3293; x_wconf 86' lang='lat' dir='ltr'><strong>aliquando</strong></span> <span class='ocrx_word' id='word_1_200' title='bbox 551 3205 664 3272; x_wconf 86' lang='lat' dir='ltr'><strong>vocari</strong></span> <span class='ocrx_word' id='word_1_201' title='bbox 680 3202 822 3292; x_wconf 85' lang='lat' dir='ltr'><strong>legimus</strong></span> <span class='ocrx_word' id='word_1_202' title='bbox 841 3211 965 3272; x_wconf 80' lang='lat' dir='ltr'><strong>curtem</strong></span> <span class='ocrx_word' id='word_1_203' title='bbox 983 3202 1183 3296; x_wconf 80' lang='lat' dir='ltr'><strong>imperialem</strong></span> <span class='ocrx_word' id='word_1_204' title='bbox 1201 3201 1232 3272; x_wconf 85' lang='lat' dir='ltr'><strong>nl</strong></span> 
     </span>
     <span class='ocr_line' id='line_1_29' title="bbox 102 3296 999 3392; baseline -0.004 -24"><span class='ocrx_word' id='word_1_205' title='bbox 102 3305 154 3368; x_wconf 85' lang='lat' dir='ltr'><strong>est</strong></span> <span class='ocrx_word' id='word_1_206' title='bbox 170 3296 295 3368; x_wconf 85' lang='lat' dir='ltr'><strong>coriam</strong></span> <span class='ocrx_word' id='word_1_207' title='bbox 315 3298 526 3392; x_wconf 85' lang='lat' dir='ltr'><strong>imperialem.</strong></span> <span class='ocrx_word' id='word_1_208' title='bbox 727 3307 730 3315; x_wconf 84' lang='grc'><strong>“</strong></span> <span class='ocrx_word' id='word_1_209' title='bbox 995 3299 999 3310; x_wconf 73' lang='grc'><em>“</em></span> 
     </span>
    </p>

    <p class='ocr_par' dir='ltr' id='par_1_9' title="bbox 150 3391 1129 3487">
     <span class='ocr_line' id='line_1_30' title="bbox 150 3391 1129 3487; baseline 0.003 -23"><span class='ocrx_word' id='word_1_210' title='bbox 150 3395 254 3465; x_wconf 80' lang='lat' dir='ltr'><strong>Anao</strong></span> <span class='ocrx_word' id='word_1_211' title='bbox 269 3393 343 3464; x_wconf 80' lang='grc'><strong>828</strong></span> <span class='ocrx_word' id='word_1_212' title='bbox 360 3391 547 3466; x_wconf 75' lang='lat' dir='ltr'><strong>bodonicus</strong></span> <span class='ocrx_word' id='word_1_213' title='bbox 564 3393 817 3467; x_wconf 79' lang='lat' dir='ltr'><strong>Francoiordiac</strong></span> <span class='ocrx_word' id='word_1_214' title='bbox 835 3405 1034 3468; x_wconf 84' lang='lat' dir='ltr'><strong>conveniam</strong></span> <span class='ocrx_word' id='word_1_215' title='bbox 1052 3397 1129 3487; x_wconf 81' lang='lat' dir='ltr'><strong>egit.</strong></span> 
     </span>
    </p>

    <p class='ocr_par' dir='ltr' id='par_1_10' title="bbox 102 3489 1233 3861">
     <span class='ocr_line' id='line_1_31' title="bbox 151 3489 1232 3588; baseline 0.006 -27"><span class='ocrx_word' id='word_1_216' title='bbox 151 3491 254 3562; x_wconf 80' lang='lat' dir='ltr'><strong>Anno</strong></span> <span class='ocrx_word' id='word_1_217' title='bbox 270 3489 349 3561; x_wconf 84' lang='grc'>838·</span> <span class='ocrx_word' id='word_1_218' title='bbox 367 3490 477 3562; x_wconf 84' lang='lat' dir='ltr'><strong>habuit</strong></span> <span class='ocrx_word' id='word_1_219' title='bbox 500 3494 629 3562; x_wconf 78' lang='lat' dir='ltr'><strong>curiam</strong></span> <span class='ocrx_word' id='word_1_220' title='bbox 646 3492 699 3564; x_wconf 83' lang='lat' dir='ltr'><strong>hic</strong></span> <span class='ocrx_word' id='word_1_221' title='bbox 720 3513 781 3586; x_wconf 89' lang='lat' dir='ltr'><strong>pro</strong></span> <span class='ocrx_word' id='word_1_222' title='bbox 807 3494 1032 3588; x_wconf 86' lang='lat' dir='ltr'><strong>componenda</strong></span> <span class='ocrx_word' id='word_1_223' title='bbox 1058 3493 1232 3586; x_wconf 62' lang='lat' dir='ltr'><strong>discordia</strong></span> 
     </span>
     <span class='ocr_line' id='line_1_32' title="bbox 103 3586 1233 3686; baseline 0.003 -28"><span class='ocrx_word' id='word_1_224' title='bbox 103 3608 200 3681; x_wconf 80' lang='lat' dir='ltr'><strong>qoam</strong></span> <span class='ocrx_word' id='word_1_225' title='bbox 219 3604 293 3659; x_wconf 84' lang='lat' dir='ltr'><strong>enm</strong></span> <span class='ocrx_word' id='word_1_226' title='bbox 312 3589 384 3660; x_wconf 83' lang='lat' dir='ltr'><strong>titiis</strong></span> <span class='ocrx_word' id='word_1_227' title='bbox 402 3586 523 3677; x_wconf 65' lang='lat' dir='ltr'><strong>habuit</strong></span> <span class='ocrx_word' id='word_1_228' title='bbox 541 3593 602 3659; x_wconf 88' lang='lat' dir='ltr'><strong>etsi</strong></span> <span class='ocrx_word' id='word_1_229' title='bbox 619 3609 686 3662; x_wconf 90' lang='lat' dir='ltr'><strong>non</strong></span> <span class='ocrx_word' id='word_1_230' title='bbox 709 3593 750 3662; x_wconf 84' lang='lat' dir='ltr'><strong>sit</strong></span> <span class='ocrx_word' id='word_1_231' title='bbox 765 3594 955 3680; x_wconf 81' lang='lat' dir='ltr'><strong>terminata3</strong></span> <span class='ocrx_word' id='word_1_232' title='bbox 972 3591 1105 3663; x_wconf 87' lang='lat' dir='ltr'><strong>demum</strong></span> <span class='ocrx_word' id='word_1_233' title='bbox 1116 3591 1233 3686; x_wconf 84' lang='lat' dir='ltr'><strong>Spirae</strong></span> 
     </span>
     <span class='ocr_line' id='line_1_33' title="bbox 102 3685 1231 3780; baseline 0.004 -25"><span class='ocrx_word' id='word_1_234' title='bbox 102 3689 284 3780; x_wconf 73' lang='lat' dir='ltr'><strong>composito</strong></span> <span class='ocrx_word' id='word_1_235' title='bbox 306 3689 441 3777; x_wconf 84' lang='lat' dir='ltr'><strong>negotio</strong></span> <span class='ocrx_word' id='word_1_236' title='bbox 462 3685 594 3776; x_wconf 67' lang='lat' dir='ltr'><strong>negatos</strong></span> <span class='ocrx_word' id='word_1_237' title='bbox 617 3709 697 3761; x_wconf 86' lang='lat' dir='ltr'><strong>suos</strong></span> <span class='ocrx_word' id='word_1_238' title='bbox 720 3691 753 3757; x_wconf 91' lang='lat' dir='ltr'><strong>in</strong></span> <span class='ocrx_word' id='word_1_239' title='bbox 777 3691 958 3759; x_wconf 85' lang='lat' dir='ltr'><strong>exercitum</strong></span> <span class='ocrx_word' id='word_1_240' title='bbox 982 3699 1094 3760; x_wconf 77' lang='lat' dir='ltr'><strong>conae</strong></span> <span class='ocrx_word' id='word_1_241' title='bbox 1119 3687 1231 3761; x_wconf 88' lang='lat' dir='ltr'><strong>hostes</strong></span> 
     </span>
     <span class='ocr_line' id='line_1_34' title="bbox 104 3785 904 3861; baseline 0.013 -10"><span class='ocrx_word' id='word_1_242' title='bbox 104 3785 215 3854; x_wconf 81' lang='lat' dir='ltr'><strong>mittit·</strong></span> <span class='ocrx_word' id='word_1_243' title='bbox 613 3795 615 3804; x_wconf 83' lang='grc'>’</span> <span class='ocrx_word' id='word_1_244' title='bbox 901 3853 904 3861; x_wconf 83' lang='grc'><strong>.</strong></span> 
     </span>
    </p>

    <p class='ocr_par' dir='ltr' id='par_1_11' title="bbox 102 3877 1236 4368">
     <span class='ocr_line' id='line_1_35' title="bbox 152 3877 1233 3976; baseline 0 -24"><span class='ocrx_word' id='word_1_245' title='bbox 152 3880 254 3952; x_wconf 65' lang='lat' dir='ltr'><strong>&gt;intio</strong></span> <span class='ocrx_word' id='word_1_246' title='bbox 272 3877 526 3970; x_wconf 68' lang='lat' dir='ltr'><strong>cartalitano</strong></span> <span class='ocrx_word' id='word_1_247' title='bbox 550 3879 688 3976; x_wconf 85' lang='lat' dir='ltr'><strong>habent)</strong></span> <span class='ocrx_word' id='word_1_248' title='bbox 711 3885 846 3954; x_wconf 88' lang='lat' dir='ltr'><strong>moritur</strong></span> <span class='ocrx_word' id='word_1_249' title='bbox 868 3881 920 3954; x_wconf 89' lang='lat' dir='ltr'><strong>hic</strong></span> <span class='ocrx_word' id='word_1_250' title='bbox 936 3879 1122 3955; x_wconf 85' lang='lat' dir='ltr'><strong>Ludouious</strong></span> <span class='ocrx_word' id='word_1_251' title='bbox 1141 3879 1233 3952; x_wconf 86' lang='lat' dir='ltr'><strong>Ger-</strong></span> 
     </span>
     <span class='ocr_line' id='line_1_36' title="bbox 102 3977 1235 4073; baseline -0.002 -21"><span class='ocrx_word' id='word_1_252' title='bbox 102 3981 234 4052; x_wconf 73' lang='lat' dir='ltr'><strong>maniae</strong></span> <span class='ocrx_word' id='word_1_253' title='bbox 257 3994 325 4052; x_wconf 78' lang='lat' dir='ltr'><strong>rex</strong></span> <span class='ocrx_word' id='word_1_254' title='bbox 350 3981 392 4071; x_wconf 89' lang='lat' dir='ltr'><strong>pii</strong></span> <span class='ocrx_word' id='word_1_255' title='bbox 415 3977 501 4050; x_wconf 88' lang='lat' dir='ltr'><strong>iilius</strong></span> <span class='ocrx_word' id='word_1_256' title='bbox 526 3997 571 4052; x_wconf 79' lang='lat' dir='ltr'><strong>ex</strong></span> <span class='ocrx_word' id='word_1_257' title='bbox 594 3999 683 4050; x_wconf 85' lang='lat' dir='ltr'><strong>casu.</strong></span> <span class='ocrx_word' id='word_1_258' title='bbox 719 3977 874 4073; x_wconf 77' lang='lat' dir='ltr'><strong>Sepultus</strong></span> <span class='ocrx_word' id='word_1_259' title='bbox 897 3978 1052 4052; x_wconf 83' lang='lat' dir='ltr'><strong>Laurissa</strong></span> <span class='ocrx_word' id='word_1_260' title='bbox 1076 3989 1235 4073; x_wconf 85' lang='lat' dir='ltr'><strong>utsupra</strong></span> 
     </span>
     <span class='ocr_line' id='line_1_37' title="bbox 103 4073 496 4168; baseline 0.008 -25"><span class='ocrx_word' id='word_1_261' title='bbox 103 4077 280 4168; x_wconf 73' lang='lat' dir='ltr'><strong>attigisse</strong></span> <span class='ocrx_word' id='word_1_262' title='bbox 305 4073 469 4168; x_wconf 73' lang='lat' dir='ltr'><strong>Rhegion.</strong></span> <span class='ocrx_word' id='word_1_263' title='bbox 492 4087 496 4096; x_wconf 90' lang='grc'><strong>’</strong></span> 
     </span>
     <span class='ocr_line' id='line_1_38' title="bbox 120 4171 1236 4269; baseline -0.002 -23"><span class='ocrx_word' id='word_1_264' title='bbox 120 4180 134 4195; x_wconf 89' lang='lat'><strong>&#39;&#39;</strong></span> <span class='ocrx_word' id='word_1_265' title='bbox 151 4173 257 4246; x_wconf 74' lang='lat' dir='ltr'><strong>Amio</strong></span> <span class='ocrx_word' id='word_1_266' title='bbox 270 4171 344 4248; x_wconf 85' lang='grc'><strong>882</strong></span> <span class='ocrx_word' id='word_1_267' title='bbox 362 4171 499 4246; x_wconf 73' lang='lat' dir='ltr'><strong>Carcine</strong></span> <span class='ocrx_word' id='word_1_268' title='bbox 515 4171 673 4265; x_wconf 67' lang='lat' dir='ltr'><strong>crassus,</strong></span> <span class='ocrx_word' id='word_1_269' title='bbox 696 4175 852 4269; x_wconf 81' lang='lat' dir='ltr'><strong>praedicti</strong></span> <span class='ocrx_word' id='word_1_270' title='bbox 869 4171 1027 4248; x_wconf 78' lang='lat' dir='ltr'><strong>Ludcuici</strong></span> <span class='ocrx_word' id='word_1_271' title='bbox 1050 4171 1236 4248; x_wconf 86' lang='lat' dir='ltr'><strong>Germanici</strong></span> 
     </span>
     <span class='ocr_line' id='line_1_39' title="bbox 105 4269 1235 4368; baseline 0.004 -25"><span class='ocrx_word' id='word_1_272' title='bbox 105 4269 203 4364; x_wconf 54' lang='lat' dir='ltr'><strong>liliusq</strong></span> <span class='ocrx_word' id='word_1_273' title='bbox 223 4269 429 4342; x_wconf 80' lang='lat' dir='ltr'><strong>confirmarit</strong></span> <span class='ocrx_word' id='word_1_274' title='bbox 446 4273 753 4346; x_wconf 80' lang='lat' dir='ltr'><strong>ccclesisenostrae</strong></span> <span class='ocrx_word' id='word_1_275' title='bbox 764 4272 817 4345; x_wconf 87' lang='lat' dir='ltr'><strong>iila</strong></span> <span class='ocrx_word' id='word_1_276' title='bbox 828 4275 949 4364; x_wconf 59' lang='lat' dir='ltr'><strong>omnia,</strong></span> <span class='ocrx_word' id='word_1_277' title='bbox 968 4295 1053 4366; x_wconf 82' lang='lat' dir='ltr'><strong>quse</strong></span> <span class='ocrx_word' id='word_1_278' title='bbox 1069 4274 1235 4368; x_wconf 79' lang='lat' dir='ltr'><strong>possimus</strong></span> 
     </span>
    </p>
   </div>
   <div class='ocr_carea' id='block_1_7' title="bbox 967 4411 1026 4472">
    <p class='ocr_par' dir='ltr' id='par_1_12' title="bbox 967 4411 1026 4472">
     <span class='ocr_line' id='line_1_40' title="bbox 967 4411 1026 4472; baseline 0.068 -4"><span class='ocrx_word' id='word_1_279' title='bbox 967 4411 1026 4472; x_wconf 51' lang='grc' dir='ltr'><strong>262ι</strong></span> 
     </span>
    </p>
   </div>
   <div class='ocr_carea' id='block_1_8' title="bbox 0 0 1519 4822">
    <p class='ocr_par' dir='ltr' id='par_1_13' title="bbox 0 0 1519 4822">
     <span class='ocr_line' id='line_1_41' title="bbox 0 0 1519 4822; baseline 0 0"><span class='ocrx_word' id='word_1_280' title='bbox 0 0 1519 4822; x_wconf 95' lang='lat' dir='ltr'><strong> </strong></span> 
     </span>
    </p>
   </div>
  </div>
 </body>
</html>
