2900 4820
260 225 478 288 contitutus
497 227 664 286 ttAt'ttttAE
683 223 1025 286 NUEWENBURGENSIS.
1132 223 1205 302 293

137 401 252 476 lisdem
271 424 357 475 anno
374 405 466 475 venit
479 402 620 475 Karclus
637 405 814 498 imperator
830 401 872 474 ad
889 403 1054 475 civitatem
1068 398 1206 474 Meten—
1221 410 1291 470 ¹356

96 506 203 574 semin
220 500 364 573 adventu
382 501 501 573 domini
523 504 615 593 [nov.
636 501 713 592 171,
737 500 910 573 celebrans
927 499 1045 572 ibidem
1063 498 1207 572 natalem

94 598 208 671 domini.
239 599 449 693 Fueruntque
473 597 515 670 ibi
538 601 703 694 principes
724 601 886 672 electores
905 607 939 670 et
961 597 1120 670 officiales
1145 619 1207 670 seu

93 697 305 768 ministeriales
328 699 467 791 imperii„
492 720 627 790 quorum
652 696 784 792 quilibet
801 695 1003 769 ministrabat
1018 697 1208 790 imperatori
1342 749 1346 756 .

93 794 207 867 sedenti
221 799 255 868 in
272 816 388 866 mensa
405 799 438 866 iu
456 795 564 866 ollicio
582 817 642 866 seu
666 799 845 866 ministerio
869 816 931 866 suo
952 797 1093 888 proprio.
1119 794 1207 880 Qui·

19 945 22 952 .
91 891 159 964 libet
174 904 280 964 autem
297 892 455 964 veniebat
471 916 572 987 super
589 913 674 986 equo
692 915 797 987 usque
814 892 854 963 ad
874 913 1039 978 mensam3
1057 889 1207 964 descen-

92 989 178 1062 dente
195 1013 278 1064 vero
295 988 337 1060 de
355 1013 441 1085 equo
458 1012 570 1064 coram
586 1012 701 1062 mensa
727 987 948 1084 hystrionibus
966 999 1000 1060 et
1017 991 1122 1060 mimis
1140 986 1206 1058 da·-

90 1085 173 1161 batur
196 1111 309 1184 equus.
346 1087 388 1160 Et
415 1087 478 1160 alie
506 1088 618 1181 plures
647 1089 905 1181 sollempnitates
933 1084 1055 1158 fiebant
1081 1084 1136 1174 ibt
1164 1083 1207 1158 de

91 1185 194 1278 quibus
216 1188 353 1278 longum
377 1196 469 1258 esset
486 1183 641 1258 scribere.
673 1185 754 1258 Erat
777 1187 864 1257 enim
888 1184 1102 1277 sollempnicr
1117 1185 1208 1258 cruia

90 1305 176 1378 quam
202 1285 244 1356 de
272 1285 379 1382 aliquo
406 1287 603 1383 imperatore
631 1282 782 1360 scribitur
807 1280 1008 1384 temporibus
1035 1281 1208 1356 retroactis

90 1383 195 1458 udis.

131 1683 227 1755 hunc
255 1683 341 1756 dom.
366 1683 562 1756 mccclxx.
588 1685 730 1756 crastino
754 1680 891 1777 Georgii
918 1685 1002 1777 [apr.
1027 1681 1090 1774 24]
1116 1683 1209 1755 venit
1223 1683 1292 1743 ¹³⁶5

87 1779 406 1876 imperatorKarclus
417 1779 640 1873 Argentinam
651 1791 684 1854 et
695 1792 869 1876 susceptus
882 1781 1074 1852 fueratcum
1086 1803 1208 1874 magna

87 1879 305 1973 solempnitate
328 1889 481 1973 tanquam
500 1883 688 1974 imperator,
715 1878 836 1950 dudum
861 1882 948 1951 enim
965 1889 1119 1972 receptus
1138 1887 1209 1949 erat

87 1985 304 2072 tanquamrex
314 1976 548 2048 Romanorum.
572 1976 609 2049 ln
622 1978 708 2052 sesto
719 1999 803 2048 verc
815 1980 918 2050 sancti
928 1975 1030 2049 Marci
1046 1980 1130 2071 [apr.
1139 1975 1204 2066 25]

86 2079 216 2148 recessit
232 2095 354 2146 versus
368 2075 576 2146 'Avinionem
599 2075 639 2146 ad
662 2098 791 2172 papam.
823 2075 859 2147 ln
883 2075 970 2148 leste
993 2085 1103 2146 autem
1119 2073 1209 2145 Petn'

86 2181 115 2242 et
130 2173 218 2246 Pauli
244 2173 326 2262 [iun.
345 2169 409 2262 29]
438 2195 599 2244 reversus
623 2174 682 2244 luit
697 2173 917 2265 Argentinam
940 2194 1001 2267 per
1024 2174 1207 2264 navigium.

85 2267 157 2342 lude
178 2268 344 2342 recedens
362 2272 421 2341 ivit
436 2273 470 2340 in
487 2269 594 2342 Selse.
627 2271 722 2342 Feria
748 2281 843 2344 sexta
868 2272 1030 2364 sequenti„
1055 2291 1119 2364 que
1136 2278 1209 2341 erat

85 2366 195 2440 testum
214 2369 318 2442 sancti
336 2365 480 2439 Udalrici
501 2369 570 2459 [iul.
579 2369 618 2460 4]
638 2371 771 2440 intrant
788 2367 917 2463 quidam
935 2371 1125 2463 capitaneus
1143 2389 1209 2437 cu-

84 2465 203 2538 iusdam
222 2467 388 2538 societatis
399 2465 672 2557 Anglicancmmq
691 2470 744 2562 qui
761 2464 928 2538 dicebatur
945 2462 1209 2560 archipresbiter,

85 2585 151 2634 cum
169 2587 229 2637 sua
249 2565 408 2635 societate
427 2562 579 2635 videlicet
599 2565 719 2660 populo
735 2561 976 2651 innumerabili
999 2561 1126 2635 habens
1144 2583 1208 2634 se-

86 2683 152 2732 cum
169 2661 343 2734 duodecim
360 2662 446 2732 milia
465 2683 636 2755 equorum,
653 2673 689 2734 ut
705 2658 928 2751 estimabatur,
947 2664 979 2732 in
989 2662 1160 2733 Alsaciam
1175 2668 1209 2730 et

84 2755 227 2832 denocte
245 2755 497 2830 combussemnt
508 2782 604 2854 quam
620 2762 777 2855 plurimus
795 2758 910 2831 domos
923 2755 1209 2850 inllitngeshcl'en

85 2857 162 2948 apud
179 2856 304 2930 lobium
314 2853 433 2926 ibidem
444 2860 549 2928 situm.
576 2857 734 2953 Sequenti
753 2855 887 2928 sabbato
905 2855 1022 2928 eadem
1041 2853 1209 2926 multitudo

83 2953 179 3046 ipsius
205 2957 373 3026 societatis
398 2953 481 3024 inira
502 2955 672 3049 prandium
690 2955 747 3028 vel
764 2958 849 3026 circa
873 2953 1045 3028 meridiem
1062 2954 1211 3047 apparuit

84 3053 263 3146 impetuose
287 3061 363 3121 ante
381 3073 493 3123 mums
511 3055 650 3126 civitatis
667 3053 926 3145 Argentinensis
950 3051 1092 3123 ollerens
1111 3071 1149 3122 se
1167 3048 1211 3120 ad

83 3144 277 3222 bellandum.
304 3147 358 3219 Ex
381 3153 474 3220 cuius
500 3160 628 3222 terrore
651 3161 685 3221 et
707 3148 843 3222 horrore
866 3171 983 3222 omnes
1006 3149 1159 3220 forenses
1177 3155 1211 3216 et

84 3248 184 3319 incole
207 3247 362 3320 villarum
387 3257 420 3318 et
448 3269 636 3341 camporum
661 3251 911 3342 circumquaque
939 3246 982 3318 ad
1005 3247 1153 3318 civitates
1178 3253 1211 3314 et

83 3349 284 3419 municiones
313 3365 373 3415 seu
396 3345 552 3416 fortalicia
580 3345 757 3437 fugierunt.
792 3345 920 3417 Eodem
946 3355 1096 3438 tempore
1117 3343 1213 3413 venit

84 3440 218 3516 Carolus
238 3441 472 3530 dehusone,
490 3453 525 3514 ut
541 3442 660 3514 dictum
679 3453 743 3532 est
761 3455 794 3516 et
810 3442 997 3514 morabatur
1013 3463 1074 3537 per
1091 3440 1213 3535 aliquot

82 3537 148 3614 dies
166 3545 199 3612 in
217 3539 317 3634 opido
335 3539 443 3611 Selse.
480 3539 542 3612 llic
559 3545 779 3633 congregavit
796 3544 976 3612 exercitum
995 3560 1151 3630 magnum
1170 3537 1212 3608 ad

83 3639 313 3732 expulsionem
328 3641 493 3710 societatis
505 3639 641 3732 prefate.
660 3638 754 3726 Quod
765 3641 949 3734 percipiens
961 3633 1213 3738 archipresbiter

82 3760 151 3807 cum
177 3741 249 3810 suis
276 3737 360 3826 fugit
377 3759 423 3808 en
440 3735 584 3830 partibus
602 3737 738 3809 Alsacie
756 3749 790 3808 et
807 3736 899 3826 uixit,
924 3757 962 3808 se
979 3735 1056 3806 illuc
1071 3735 1211 3805 venisse

84 3855 124 3903 en
134 3839 229 3908 iussu
247 3837 467 3927 imperatoris„
486 3835 622 3929 culpans
640 3837 883 3928 imperatorem„
901 3831 986 3926 quod
1004 3834 1112 3926 inique
1125 3831 1212 3901 circa

83 3953 118 4001 se
135 3935 266 4025 egisset
282 3937 315 4003 in
332 3928 407 4020 hoc,
425 3931 511 4026 quod
528 3934 710 4005 exercitum
728 3933 769 4004 ad
781 3929 1014 4026 expellendum
1032 3949 1108 3999 eum
1126 3948 1213 3999 con-

84 4051 142 4119 gre
191 4041 273 4104 sset.

129 4053 232 4200 Agnano
243 4128 329 4200 dom.
342 4130 548 4201 m.ccc.lx.vi.
559 4131 593 4199 in
604 4127 718 4219 vigilia
730 4129 994 4198 annunciacionis
1005 4121 1213 4195 beatelllarie
1229 4129 1297 4187 ¹³66

84 4228 223 4322 virginis
244 4229 350 4322 [marn
368 4225 432 4322 24]
451 4226 571 4318 Egeno
588 4247 701 4300 comes
719 4225 761 4296 de
778 4223 939 4318 Friburgo
956 4245 1030 4296 cum
1048 4225 1117 4298 suis
1134 4221 1214 4302 feu-
