2882 4818
333 249 499 306 llAl'lllle
519 247 856 308 nuuwsnssunoubsrs.
1088 249 1158 322 177

115 422 259 499 lohannes
284 435 394 496 autem
418 425 581 497 fratruelis
605 427 709 516 regisq
734 446 832 519 quem
848 445 912 496 rex
934 425 967 494 in
990 425 1080 494 ouria
1098 445 1158 494 sua

69 543 121 590 cun
136 521 198 594 liliis
215 526 282 595 suis
302 526 447 612 nutrivit,
476 544 634 596 asserens
652 525 855 594 municiones
873 520 1003 592 dominii
1021 519 1063 590 de
1082 519 1159 614 lly-

67 615 130 708 burq
143 619 178 690 ad
195 643 230 692 se
248 631 414 714 spectare,
440 631 591 714 tanquam
616 623 710 691 matri
734 641 795 692 sue
812 641 872 713 per
888 617 965 689 olim
982 616 1159 690 Rudolium

67 737 154 806 regem
171 721 389 810 morganatioo
407 721 476 789 iure
495 719 646 806 donatas7
663 715 803 788 libenter
819 713 988 788 habuisset
1005 739 1078 804 sua,
1102 718 1159 786 in-

66 823 133 884 stans
147 815 323 906 ferventem
340 825 376 886 ut
388 813 448 888 sibi
460 815 576 888 saltem
588 819 790 886 municiones
803 814 928 908 aliquas
940 817 1158 904 assignasset.

66 909 105 978 bd
118 912 191 1005 quod
207 935 282 984 cum
299 935 362 985 rex
378 912 486 986 induci
503 915 653 1008 nequiret
670 923 702 982 et
719 915 854 1006 insuper
871 910 990 984 multos
1001 909 1160 982 baronum

64 1004 133 1079 bouis
143 1020 171 1080 et
180 999 309 1084 iuribus*
313 1011 480 1104 spoliaret
498 1014 638 1082 instante
648 1009 837 1104 frequenter
847 1012 975 1100 regina,
993 1007 1160 1081 utliberos

64 1127 121 1174 suos
136 1105 188 1178 sibi
205 1107 451 1180 commendatos
468 1107 616 1197 haberet„
635 1133 675 1180 ao
692 1111 793 1201 ipsius
803 1105 958 1178 lobannis
976 1105 1161 1200 prodigali-

64 1213 137 1274 tatem
152 1209 280 1276 nimiam
298 1215 488 1294 accusanteq
505 1205 637 1278 tandem
654 1209 725 1300 ipse
736 1204 901 1276 lohannes
919 1201 987 1276 dux
1004 1227 1078 1274 cum
1095 1202 1161 1276 ba·-

63 1300 165 1374 mnibus
177 1303 319 1374 liudolfo
337 1302 494 1394 ‹leWart7
505 1302 679 1375 Waltbero
697 1299 932 1374 chscbibach
947 1301 1100 1374 etUlrico
1117 1300 1160 1372 de

61 1395 158 1488 aalma,
172 1423 289 1491 regem
307 1399 493 1472 interlicere
510 1403 678 1492 cogitavit.

109 1497 314 1568 Ascendente
339 1509 447 1570 autem
470 1501 588 1589 regina
605 1521 727 1571 versus
744 1497 947 1588 anvcldeu,
971 1521 1045 1569 cum
1071 1500 1161 1570 iuxta

60 1596 189 1666 minorem
205 1595 374 1668 Basileam
398 1599 561 1684 venissen
586 1599 689 1669 exivit
709 1594 782 1667 Otto
807 1599 982 1690 episeopus
1007 1596 1048 1666 ad
1073 1617 1161 1684 eam,

59 1713 168 1763 sumens
185 1697 274 1766 iuxta
293 1715 436 1782 esurum7
455 1697 525 1765 eius
544 1697 690 1784 graciam
701 1717 760 1787 pro
771 1716 855 1784 rege
866 1691 1026 1786 placando
1038 1693 1160 1786 implo-

58 1809 130 1861 mns:
155 1801 185 1862 et
207 1791 340 1862 dicente
359 1790 511 1862 Conrado
528 1789 681 1862 blonaebi
705 1792 804 1862 milite
820 1790 995 1862 Basiliensi
1013 1790 1055 1860 ad
1072 1813 1161 1862 veo-

59 1893 126 1956 tores
141 1911 266 1977 currus,
286 1886 371 1981 quod
389 1899 598 1981 percuterent
615 1911 732 1982 equosq
750 1888 877 1982 illisque
899 1887 1161 1983 percucientibus

57 1987 203 2078 episeopus
221 1986 283 2056 luit
306 1985 373 2056 luto
396 1985 560 2078 perinsus.
599 1985 749 2058 Crastino
767 1997 876 2056 autem
894 2009 978 2078 rege
997 1990 1162 2057 existente

56 2080 121 2171 apul
141 2083 247 2154 locum
272 2105 368 2154 suum
384 2082 596 2172 Balnearum,
620 2107 660 2154 ac
674 2081 821 2154 Iohanne
846 2086 1000 2177 episcopo
1017 2084 1162 2174 Argen-

57 2181 160 2250 tinense
176 2191 318 2274 rogante
336 2202 466 2272 regem,
484 2190 520 2251 ut
535 2179 681 2274 predicto
699 2181 771 2252 duci
784 2179 825 2251 de
843 2178 1080 2252 municionibus
1092 2183 1161 2252 suis

55 2273 170 2368 siliquam
187 2281 390 2370 assignaret,
418 2299 501 2370 rege
518 2300 601 2350 vero
619 2276 857 2372 respondente:
886 2281 975 2366 qnod
991 2281 1084 2348 vellet
1099 2279 1163 2364 ipsi

55 2375 115 2442 atrici
129 2380 324 2446 committere
341 2384 467 2444 centnm
483 2381 632 2465 polentes
657 2381 692 2446 in
719 2377 932 2465 erpedicione
949 2379 1038 2464 repis
1055 2393 1165 2444 versos

55 2469 228 2562 linientem,
247 2481 370 2562 etpost
383 2477 598 2544 reversionem
615 2475 679 2543 sibi
703 2478 797 2544 bellet
817 2477 965 2560 aliquam
983 2475 1164 2562 ossiqnone,

54 2563 157 2664 hocque
173 2595 234 2666 per
252 2574 443 2664 episcopum
461 2570 501 2641 ad
521 2571 638 2641 ducem
656 2571 795 2665 perlato„
824 2569 892 2640 dux
909 2568 1040 2642 dicens:
1067 2571 1168 2640 senil

53 2663 159 2758 lubere,
177 2680 209 2740 et
224 2673 484 2739 commissionem
500 2673 617 2758 pentis¹
631 2671 694 2738 sibi
710 2667 900 2751 sociandam
917 2670 980 2738 sibi
997 2689 1065 2738 esse
1082 2687 1165 2737 one-

53 2782 150 2854 rosam,
175 2769 334 2862 episcopo
351 2764 536 2859 respondit:
563 2787 598 2836 se
614 2776 748 2837 mortem
766 2775 799 2835 et
812 2787 944 2836 suornm
961 2767 1166 2837 (solucionem

53 2863 89 2928 od
102 2868 200 2951 porto
223 2865 385 2935 indicare.
427 2861 621 2934 Waltherus
648 2885 776 2958 quoque
793 2863 835 2933 de
853 2861 1036 2936 Esebibacb
1053 2885 1128 2934 cum
1146 2887 1166 2934 a

52 2979 119 3046 repe
136 2961 193 3032 sibi
212 2961 321 3034 ablata
345 2971 529 3054 repeteret,
557 2961 688 3034 dicens:
716 2965 855 3050 scarpis
878 2964 1165 3050 consonqninenm,

52 3062 77 3122 et
85 3069 204 3142 patrem
221 3079 316 3130 sunm
334 3061 368 3126 in
379 3062 518 3128 servicio
529 3060 618 3148 repis
629 3063 779 3148 occisum,
798 3079 861 3129 nec
871 3057 1058 3152 proliceret
1078 3059 1168 3145 qnod

51 3159 158 3236 pariter
181 3163 290 3248 ipsum
308 3165 422 3244 posset
441 3157 662 3246 submerpere,
691 3156 771 3226 (lixit
794 3159 877 3247 regi.
928 3152 1165 3226 Prandentibus

52 3259 142 3324 autem
164 3256 229 3328 illis
248 3275 324 3326 eum
346 3274 444 3344 regn
471 3276 535 3326 rex
559 3253 689 3325 cuilibet
712 3253 852 3324 liliorum
877 3261 909 3323 et
931 3250 1068 3323 Iohanni
1092 3249 1166 3321 duci

53 3367 133 3420 unum
151 3352 277 3424 crinale
292 3371 444 3420 rosarum
461 3355 569 3444 posuit
586 3374 687 3445 super
704 3361 809 3446 caput.
845 3350 924 3422 Dux
942 3359 1050 3421 autem
1068 3349 1166 3442 licem,

52 3465 131 3518 soum
147 3454 257 3544 posuit
275 3469 376 3540 super
392 3469 554 3540 mensam,
573 3451 710 3544 ipseque
729 3459 762 3520 ct
780 3450 831 3520 sui
848 3445 1025 3520 comedero
1043 3447 1166 3518 nolue-

52 3554 111 3613 mnl
126 3549 157 3617 in
173 3569 303 3619 mensa.

103 3641 181 3715 Cum
200 3655 311 3716 autem
328 3655 402 3738 post
419 3641 590 3740 prandium
608 3667 670 3716 rex
687 3644 791 3717 vellet
814 3645 960 3739 equitare
976 3641 1165 3715 Rinvelden

52 3735 83 3804 od
98 3745 260 3832 reginam,
284 3746 523 3837 venissentque
548 3742 589 3812 nd
605 3742 728 3813 llumen
745 3743 885 3832 Riisam,
908 3739 1072 3812 lohannes
1098 3740 1166 3812 dux

52 3844 75 3902 et
90 3842 135 3908 sui
152 3843 249 3934 primi
266 3840 541 3912 transcenderunt
556 3841 589 3910 in
607 3862 709 3929 naveq
728 3863 791 3934 que
809 3836 850 3910 ibi
869 3842 963 3910 unica
982 3847 1061 3910 erat.
1094 3835 1165 3909 Se-

52 3939 145 4020 «penti
162 3948 275 4008 autem
285 3940 360 4008 viee
378 3947 568 4008 transeunte
586 3959 670 4028 rege
689 3947 721 4007 et
739 3941 902 4032 equitante
920 3958 980 4030 per
998 3945 1068 4008 sata
1082 3937 1168 4008 sicut

51 4030 170 4104 inmore
181 4032 294 4106 babuit
304 4035 509 4128 colloquente
521 4033 581 4106 sibi
592 4033 632 4104 N.
644 4033 686 4104 dc
698 4033 809 4106 Castel
825 4034 936 4122 milite,
954 4041 1169 4105 accesserunt

52 4125 108 4196 dun
123 4142 156 4202 et
178 4135 241 4204 sui.
267 4134 460 4226 Primusque
477 4131 637 4204 Rudollus
662 4131 703 4202 de
722 4131 840 4202 Warte
863 4131 958 4202 dixit:
989 4133 1094 4220 Quom
1112 4135 1169 4200 diae

96 4259 122 4328 l)
138 4277 173 4317 so
193 4263 242 4334 As,
260 4262 286 4320 in
306 4261 523 4320 commissionem
544 4261 618 4332 genti
639 4262 664 4316 B.

94 4365 383 4416 oonmsronsrss.
924 4362 958 4420 12
