2936 4828
401 239 805 300 connromsmrnnnsrs.
1142 247 1184 320 ῃ

82 422 172 491 ninus
187 417 350 490 Iohannes
369 417 412 490 dc
428 413 628 507 Bubenberg
644 415 739 488 miles
758 417 886 506 senior3
904 417 1072 488 secretarii
1092 435 1193 488 vero:

81 517 292 590 Burcldrardus
317 516 359 587 de
379 515 631 608 Bennenwyle7
654 515 813 606 magister
835 515 1044 590 Burclrardus
1065 518 1194 608 [magi-

81 618 151 706 ster]
167 613 402 703 machinarum
418 612 582 686 lohannes
594 611 635 682 de
648 611 801 702 sectam„
817 611 1016 687 Bechtoldus
1028 614 1195 687 Gloclmer

80 723 105 784 ct
120 714 226 784 Petrus
243 712 287 784 de
304 712 555 804 llranczingem
573 719 605 781 et
621 709 814 783 vexilliferi:
838 710 999 785 Rudollus
1017 713 1059 784 de
1078 711 1194 784 Mule-

79 834 143 899 rem
165 812 281 882 Petrus
305 810 348 880 de
370 809 498 900 Balme„
521 810 637 880 Petrus
661 805 885 880 Wentzschaz
910 821 944 880 et
965 810 1128 883 lohannes
1153 809 1195 880 de

79 906 276 1000 llerhlingen.
295 909 357 996 Qu·
376 930 447 978 cum
466 908 657 980 consiliariis
675 905 865 978 etducentis
884 906 1045 980 deBemo
1063 905 1194 980 deliba-

78 1009 127 1078 rati
141 1006 270 1078 luemnt
288 1029 362 1078 cum
379 1027 500 1096 magma
518 1003 697 1096 diligentia„
715 1002 876 1098 quomodo
894 1015 928 1077 et
947 1008 1084 1100 qualiter
1102 1007 1194 1078 resi-

80 1113 154 1174 stcre
169 1113 320 1197 possent
340 1115 372 1176 et
388 1113 423 1174 ut
439 1107 510 1198 ipsa
528 1124 626 1174 causa
645 1101 687 1173 ad
704 1100 824 1173 bonum
838 1101 936 1175 finem
948 1103 1193 1199 perduceretur.

77 1199 143 1272 llrat
158 1223 197 1273 co
208 1205 309 1273 etiam
320 1211 468 1294 tempore
480 1210 626 1295 exparte
636 1199 856 1270 Bemensium
867 1201 1047 1276 advocatus
1062 1201 1196 1289 inleu-¹

78 1321 131 1392 pen
152 1299 302 1372 dominus
319 1298 506 1372 Anthonius
524 1297 566 1369 de
581 1295 831 1389 Blanlrenburg¹
851 1299 955 1373 miles.
980 1299 1048 1372 Sed
1065 1325 1104 1372 ca
1127 1302 1194 1371 ita·

76 1419 147 1468 neus
163 1407 195 1468 et
210 1396 400 1493 principalis
417 1399 449 1466 in
468 1419 506 1468 ea
524 1396 583 1467 fuit
599 1395 748 1468 dominus
765 1394 929 1471 lohannes
947 1323 1195 1490 deBulrenlerg

78 1495 157 1566 miles
173 1497 293 1584 maior,
318 1518 392 1566 cum
415 1497 573 1586 magistro
589 1491 761 1566 Burlrardo
777 1499 936 1587 magistro
959 1497 1194 1584 mactandum,

78 1603 103 1660 at
123 1596 280 1684 magistro
304 1593 401 1663 Petro
425 1590 510 1663 dicto
534 1592 575 1662 de
593 1591 835 1682 Krancningen.
859 1592 902 1665 Et
918 1617 1018 1668 unum
1034 1593 1194 1668 vexillum

76 1689 281 1762 Bemensium
299 1700 371 1760 erat
387 1692 419 1760 in
436 1688 583 1783 Loupem
601 1690 686 1784 quod
704 1686 813 1760 habuit
831 1701 864 1762 et
880 1691 971 1765 duxit
981 1691 1142 1766 Rudollus
1152 1688 1195 1761 de

75 1785 225 1877 timerem
244 1809 322 1860 carm
341 1790 507 1860 sexcentis
525 1790 606 1858 viris
625 1787 796 1875 adiunctis„
814 1797 879 1860 tam
897 1789 940 1861 de
957 1794 1087 1862 civitate
1104 1789 1194 1861 Ber-

77 1889 226 1974 nensium,
246 1907 346 1980 quam
364 1908 409 1957 ex
419 1884 469 1956 his
480 1887 533 1979 qui
545 1883 587 1954 ad
604 1887 769 1956 civitatem
786 1884 828 1956 de
839 1884 973 1983 loupen
990 1885 1196 1983 pertinebant

76 1991 102 2051 et
123 1979 160 2053 ad
177 1985 288 2077 ipsam
305 1985 469 2056 civitatem
487 1982 713 2074 cornigeram.
732 1980 894 2056 Plebanus
913 1995 1021 2057 autem
1038 1985 1195 2058 Bemen-

76 2081 158 2170 sium
186 2081 315 2152 scilicet
332 2079 433 2152 lratar
449 2077 669 2169 Thalamus,
687 2077 833 2154 subditos
851 2103 930 2155 suos
947 2094 1112 2177 tamquam
1129 2103 1195 2176 pa-

75 2185 118 2247 ter
138 2187 169 2248 et
191 2188 326 2250 curator
350 2180 529 2248 animarum
547 2175 653 2250 fidelis
670 2173 798 2271 publice
816 2181 848 2250 in
866 2181 1007 2254 ecclesia
1025 2183 1195 2254 caritative

75 2274 267 2346 informando
287 2284 320 2345 et
337 2273 538 2346 confidenter
554 2273 757 2346 exhortando
771 2289 1008 2369 ammonuarar„
1025 2289 1062 2350 ut
1077 2276 1194 2349 fideles

75 2369 119 2442 filii
135 2385 249 2446 sancte
268 2373 411 2446 ecclesie
428 2375 461 2444 in
479 2371 662 2444 obedientia
674 2383 786 2445 sancte
798 2374 888 2448 sedis
899 2376 1077 2470 apostolice
1088 2385 1195 2446 etec-

75 2469 163 2541 alesia
180 2472 335 2544 Romane
354 2493 486 2566 semper
503 2469 637 2542 firmiter
653 2474 880 2564 persisterem„
899 2484 932 2544 et
948 2475 1054 2569 potius
1072 2495 1195 2567 corpo-

74 2571 110 2638 ris
136 2580 278 2641 mortam
309 2578 343 2639 et
365 2573 508 2640 omnium
537 2568 763 2663 temporalium
785 2593 897 2643 rerum
920 2574 1132 2645 amissionem
1155 2567 1195 2642 ab

74 2661 207 2740 hostibus
226 2665 382 2762 predictis
395 2668 607 2756 sustinerent7
626 2688 723 2760 quam
733 2677 845 2739 contra
856 2670 1008 2742 mandata
1019 2668 1196 2764 apostolica

74 2773 101 2832 et
112 2775 220 2837 comm
234 2785 416 2859 processus
430 2764 626 2858 apostolicos
641 2774 810 2838 emanatas
824 2764 1196 2862 contrapredictumdo-

74 2865 184 2934 minum
201 2861 412 2952 Ludwicum
430 2872 604 2953 gerentem
622 2883 660 2934 se
677 2883 736 2955 pro
754 2862 977 2937 Romanorum
988 2869 1196 2959 imperatore„

75 2959 258 3052 supradictis
277 2957 423 3032 hostibus
441 2958 677 3031 consentiendo
695 2958 903 3051 adhererent,
927 2985 970 3034 ne
988 2965 1036 3034 sic
1052 2962 1196 3033 divinam

73 3060 268 3130 maiestatem
286 3056 501 3146 offenderent,
519 3059 657 3148 gratiam
675 3065 709 3127 et
717 3054 933 3130 obedientiam
944 3059 1122 3154 apostolice
1134 3077 1196 3129 se-

73 3151 115 3222 dis
136 3177 174 3227 ac
196 3158 357 3226 unitatem
380 3155 523 3226 ecclesie
547 3157 743 3245 amitterent„
767 3159 892 3230 animas
909 3159 1058 3251 proprias
1075 3155 1196 3248 damp-

72 3251 170 3324 nando
186 3252 379 3348 perderent,
404 3275 444 3324 ao
460 3275 504 3324 ne
522 3275 560 3324 se
577 3251 730 3344 indignos
749 3252 866 3327 divinis
884 3253 1011 3344 officiis,
1029 3253 1196 3348 sepultura

74 3349 289 3424 ecclesiastica
300 3358 443 3422 neonori
450 3353 568 3422 ceteris
581 3350 723 3422 ecclesie
735 3355 948 3425 sacramentis
961 3371 1089 3447 proquo
1100 3348 1197 3422 modo

73 3445 242 3519 redderent
259 3458 315 3518 aut
332 3447 442 3518 lacere
459 3457 696 3543 attemptarent.
713 3450 850 3542 Propter
867 3450 952 3544 qnod
962 3450 1153 3522 Beruenses
1165 3449 1198 3519 in

74 3539 127 3614 lac
147 3544 214 3616 lide
240 3555 274 3615 et
291 3542 475 3617 obedientia
494 3569 512 3616 a
531 3567 592 3618 suo
609 3543 750 3639 plebano
767 3546 942 3636 informati,
966 3547 1139 3635 exhortati,
1163 3554 1198 3619 ul

74 3641 126 3732 ipsi
141 3643 217 3714 talia
236 3643 322 3714 mala
340 3642 524 3715 evaderent
541 3655 574 3714 et
584 3642 700 3716 fideles
712 3643 766 3714 filii
780 3655 893 3716 sancte
905 3644 1047 3718 ecclesie
1081 3666 1197 3716 erma-

75 3749 192 3828 nerent,
211 3739 254 3811 ad
273 3740 464 3812 sustinenda
482 3745 590 3812 omnia
608 3740 765 3831 adversa„
783 3764 847 3836 que
864 3745 913 3815 eis
925 3740 964 3814 ab
976 3669 1122 3816 hostilus
1134 3763 1197 3813 se-

75 3833 198 3925 pedictis
217 3841 251 3908 in
268 3859 407 3933 corpore
424 3839 481 3910 vel
498 3841 532 3909 in
548 3836 647 3910 rebus
665 3839 735 3910 lieri
749 3851 910 3932 poterant„
929 3843 1092 3914 sustinere
1104 3847 1198 3912 erant

74 3937 177 4023 parati,
196 3933 347 4007 fiduciam
364 3934 484 4008 honam
501 3933 659 4010 hahentes
678 3936 720 4008 de
738 3939 858 4010 auxilio
876 3938 1001 4010 celesti.

116 4029 198 4104 Cum
217 4043 325 4104 autem
336 4033 527 4106 Bemensas
539 4038 592 4129 qni
605 4045 698 4106 erant
711 4034 863 4106 inBemo
880 4039 1032 4108 timerent
1042 4036 1127 4132 quod
1138 4059 1198 4130 per

77 4124 271 4202 obsidionem
291 4130 432 4204 hostium
449 4131 668 4226 predictorum
685 4156 750 4204 una
768 4131 848 4206 hora
864 4134 1041 4232 perderent
1056 4145 1198 4210 maiorm

106 4275 133 4342 l)
146 4277 338 4354 Glankanltnrg
352 4279 392 4338 ts.
