3012 4820
243 213 316 292 608
636 211 799 274 utcotltts
818 210 983 274 meunt.

160 391 230 450 1339
242 393 402 464 iusticiam
419 401 452 465 et
468 392 640 466 veritatem
659 405 711 468 est
725 395 834 466 iurare
851 415 916 466 non
934 389 1070 466 obedire
1087 390 1132 464 illi
1141 431 1160 483 ,·
1176 393 1227 464 eui
1247 412 1376 464 secun-

244 490 319 564 dum
336 493 406 562 iura
426 489 524 562 debet
541 516 559 562 a
578 495 647 566 suis
666 491 814 581 subdita,
832 503 869 564 ut
885 491 1018 580 dictum,
1035 489 1169 562 obediri.
1208 489 1246 562 Si
1264 500 1376 560 autem

243 588 317 660 dicti
336 591 480 662 iurantes
499 587 693 680 ignorabant
709 589 854 684 predicta
872 588 1106 677 eteredebant,
1123 589 1243 660 dictum
1259 586 1377 658 Ludo-

243 688 353 758 vicum
375 708 442 758 non
466 709 544 759 esse
566 690 811 782 superaturam
838 698 895 758 aut
916 684 1114 777 credebant,
1138 689 1247 780 ipsum
1270 683 1376 757 luisse

242 783 390 876 legitime
413 794 555 857 amotum
583 795 617 856 et
643 786 935 880 condempnatum,
964 795 1041 856 tune
1065 783 1253 856 recedendo
1278 806 1297 853 a
1323 782 1377 853 tali

243 884 425 954 iuramento
443 893 476 954 et
489 883 571 954 illud
594 904 662 955 non
682 883 850 958 servando
873 887 1018 976 cognita¹
1039 885 1179 956 veritate
1208 902 1277 953 non
1301 889 1377 952 sont

244 979 372 1051 dicendi
396 983 536 1074 periuri,
561 984 635 1076 quia
662 985 879 1052 iuramentum
907 1003 1021 1053 eorum
1045 1002 1112 1054 non
1131 979 1310 1052 exceditur
1335 975 1377 1047 ad

244 1076 334 1167 titud,
353 1076 395 1148 de
412 1100 476 1172 quo
493 1100 553 1172 per
570 1083 660 1173 ipsos
677 1101 744 1151 uon
760 1081 864 1151 extitit
880 1082 1070 1170 cogitatum,
1098 1081 1173 1152 sive
1196 1075 1286 1171 quod
1311 1096 1377 1148 uon
1493 1079 1494 1158 J

244 1173 407 1248 hebebant
432 1178 463 1246 in
481 1186 611 1268 mente„
636 1187 670 1248 ut
692 1174 847 1271 probatur
864 1187 957 1248 extra
974 1174 1026 1246 De
1042 1174 1253 1247 iureiurando
1270 1197 1300 1245 e
1326 1175 1380 1243 Ad

244 1281 406 1362 coenam
422 1295 500 1344 nam
518 1277 649 1348 inomni
667 1277 849 1346 iuramento
861 1277 1073 1368 pmmisserio
1086 1273 1277 1363 intelligitur
1290 1292 1378 1343 cen-

245 1369 341 1461 dicio,
359 1373 386 1444 si
402 1367 492 1461 illut
510 1373 597 1465 qued
613 1377 751 1444 iuratum
769 1376 821 1462 sit7
839 1393 905 1444 non
923 1375 965 1444 sit
981 1382 1094 1444 conoe
1111 1369 1208 1442 deum
1233 1391 1298 1440 neo
1314 1391 1379 1439 ea-
1493 1409 1494 1466 1

245 1470 370 1542 nonicis
388 1467 499 1541 obviat
515 1473 680 1561 institutis
697 1481 732 1542 ut
748 1469 864 1542 dicitur
882 1469 934 1539 De
955 1473 1027 1541 iure
1043 1468 1190 1541 iurando.
1209 1491 1237 1540 c.
1276 1468 1380 1557 Quat

245 1569 419 1638 admodum
437 1569 470 1638 iu
490 1578 557 1642 tex„
576 1579 609 1640 et
626 1569 692 1660 glo.
713 1572 795 1640 etin
812 1567 897 1640 dicto
915 1591 943 1640 c.
962 1571 1016 1638 Ad
1026 1576 1172 1638 noceam
1188 1570 1221 1637 in
1239 1565 1324 1652 line;
1346 1574 1381 1635 ιι
1493 1565 1494 1642 ζ

245 1663 307 1736 boc
323 1663 478 1758 pmbatur
493 1669 573 1740 retii
592 1690 621 1761 q.
639 1669 692 1738 iiii.
711 1691 738 1740 c.
767 1665 947 1759 [inuocem
963 1664 1025 1760 §.J
1041 1666 1241 1756 ,‚llltcitrcn“.
1293 1662 1381 1734 Gum

245 1783 341 1853 ergo,
361 1774 396 1834 ut
413 1761 532 1836 dictum
549 1777 601 1838 est
618 1769 694 1837 etin
704 1763 897 1860 supradictis
909 1763 1168 1856 allegecionibus
1182 1763 1281 1856 plene
1292 1781 1381 1855 pro-
1493 1813 1494 1870 p

245 1856 368 1950 batum,
384 1860 549 1954 predictus
579 1862 729 1936 domiuus
753 1861 942 1936 Ludovicus
966 1861 1064 1934 luerit
1086 1872 1120 1933 et
1145 1865 1187 1934 sit
1209 1861 1381 1952 legitimus
1493 1871 1494 1924 ι

246 1960 421 2052 imperator
438 1969 472 2029 et
488 1960 596 2032 eidem
614 1961 794 2034 secundum
819 1963 995 2032 canonicas
1021 1963 1201 2034 sanniones
1223 1959 1321 2032 buerit
1345 1965 1383 2026 et

246 2059 287 2128 sit
304 2052 344 2127 ab
362 2054 511 2132 omnibus
530 2058 684 2132 subiectis
695 2060 845 2132 Romano
861 2062 998 2152 imperio
1008 2056 1239 2147 obediendum,
1256 2061 1383 2150 sequi-
1493 2067 1494 2154 ι

247 2163 310 2245 ιιι,
328 2153 429 2249 quod²
447 2154 504 2247 illi,
523 2161 575 2250 qui
594 2160 789 2228 connerium
807 2159 1013 2246 iuraverunt,
1031 2154 1073 2228 ad
1091 2160 1193 2250 ipsius
1203 2157 1383 2226 iuramenti

246 2249 518 2326 observacionem
529 2279 590 2330 seu
603 2253 861 2342 observativam,
873 2275 940 2325 non
951 2264 1103 2326 tenentur
1112 2265 1145 2326 et
1155 2252 1239 2348 quod
1250 2251 1384 2347 absque

246 2353 425 2423 animarum
450 2375 584 2426 suarum
611 2353 756 2448 periculo
784 2362 817 2424 et
837 2351 1029 2425 detrimento
1053 2374 1120 2425 non
1147 2361 1284 2446 possunt
1310 2352 1387 2423 tale

248 2449 464 2522 iuramentum
481 2451 663 2545 aliqualiter
679 2449 873 2524 observare.

294 2545 420 2639 Omnia
438 2571 501 2642 que
519 2559 594 2622 sunt
605 2551 757 2643 superius
772 2552 890 2643 scripta
902 2547 1120 2642 perordinem
1131 2548 1261 2620 luerunt
1274 2549 1386 2619 missa

247 2641 449 2717 Avinionem
466 2667 527 2740 per
543 2647 704 2740 prelatum
722 2646 888 2718 dominum
905 2645 1106 2719 Ludovicum
1126 2669 1176 2718 nrt.
1200 2646 1386 2718 llomauo-

246 2762 318 2811 rum
335 2745 565 2837 imperatorem
586 2755 619 2816 et
635 2747 799 2838 principes
816 2747 900 2818 sacri
912 2746 1037 2838 imperii
1049 2745 1211 2817 electores
1229 2745 1388 2814 eteeiam

247 2859 308 2930 per
325 2844 502 2932 magistros
519 2844 552 2913 in
569 2865 664 2917 saera
682 2845 803 2936 pagine
820 2840 943 2914 ordinis
954 2839 1116 2913 lllinorum
1135 2852 1168 2913 ιι
1181 2841 1333 2912 doctores
1348 2845 1389 2913 iu

242 2945 385 3031 utroque
403 2940 474 3008 iure
491 2944 613 3034 peritos
632 2937 762 3012 domiuo
778 2937 958 3012 Benedicta
974 2941 1030 3010 xii.
1049 2935 1324 3028 etcardtnatibus,
1346 2947 1390 3011 ut

247 3029 406 3106 deberent
423 3035 465 3108 ed
485 3037 669 3131 supradicta
687 3039 794 3109 omnia
813 3049 847 3110 et
865 3037 995 3128 singula
1012 3035 1227 3131 respondereq
1245 3045 1278 3108 et
1290 3036 1390 3130 quod

247 3132 382 3223 predicti
400 3138 546 3226 magistri
565 3145 599 3206 et
614 3139 692 3208 iuris
711 3138 804 3229 periti
821 3145 916 3206 erant
932 3137 1034 3228 parati
1060 3138 1094 3205 in
1117 3133 1244 3228 publico
1259 3137 1390 3206 eonsi-

248 3234 349 3302 storio
363 3231 508 3325 predicte
527 3235 691 3307 sustinere
710 3243 743 3304 et
760 3243 949 3306 constanter
965 3254 1005 3303 ac
1021 3233 1158 3306 viriliter
1179 3231 1385 3319 defensere3

248 3335 282 3394 et
297 3339 430 3422 propter
446 3329 590 3424 predicta
602 3328 757 3424 petebant
767 3333 975 3403 securitatem
987 3341 1021 3401 et
1033 3328 1235 3403 audienciam
1246 3339 1281 3400 et
1290 3349 1390 3401 eon-

249 3423 369 3515 setun„
386 3425 563 3500 ollercntes
582 3450 619 3501 se
637 3437 768 3522 portare
786 3425 927 3498 debitam
944 3449 1076 3521 penam,
1100 3431 1128 3500 si
1146 3426 1327 3500 delicerent
1348 3431 1389 3500 iu

249 3521 411 3612 predictis.
447 3524 571 3612 Quibus
590 3524 706 3598 auditis
721 3536 754 3597 et
770 3528 912 3619 receptis
929 3524 1074 3620 prelatus
1091 3522 1241 3598 domiuus
1257 3523 1387 3596 Bene·

249 3617 353 3696 dictus
371 3633 404 3693 et
419 3626 490 3696 eius
508 3625 682 3694 consiliarii
700 3626 831 3694 minime
854 3621 1095 3716 responderunt
1121 3645 1186 3694 nee
1211 3625 1390 3714 magistris
1493 3655 1494 3662 ¹

250 3739 313 3788 nee
329 3719 400 3792 aliis
418 3723 530 3814 peritis
547 3719 626 3792 dare
646 3721 849 3792 audienciam
868 3730 901 3792 et
924 3723 1132 3792 securitatem
1159 3719 1330 3791 remeandi
1350 3731 1392 3792 et

250 3815 356 3888 smodi
374 3817 541 3890 Avinione
559 3819 735 3891 voluerunt
752 3841 810 3914 pro
828 3839 889 3908 eo,
916 3821 988 3911 quia
1015 3822 1252 3912 responsiones
1279 3840 1390 3890 veras

250 3923 284 3984 et
301 3914 453 3990 elbcaces
471 3913 512 3986 ad
530 3915 713 4010 supradicta
732 3919 864 3988 minime
883 3916 1228 3989 volueruntinvenire.

308 4219 335 4286 tt
354 4220 489 4290 cognitate
509 4221 549 4278 bs.
586 4221 616 4286 2)
635 4222 679 4298 qul
699 4222 739 4280 Ιιι.
