3014 4822
445 239 595 300 tunnulis
615 243 664 300 sn
683 238 917 300 romannorum.
1080 261 1082 264 ·
1173 236 1246 318 479

113 419 222 514 ipsum
239 417 433 491 redeuntem
450 419 714 514 archiepiscopus
729 416 937 492 Coloniensis
953 425 1090 510 repente
1107 417 1245 490 coiecto
1261 425 1331 486 itte

114 519 238 590 unxitic
253 515 373 588 obvius
391 522 523 611 excepit
538 521 627 590 iuxta
639 517 752 589 villam
762 513 963 588 Merrecbe.¹
990 513 1032 586 Et
1045 538 1120 586 cum
1132 525 1246 588 atton-

114 614 214 688 tunrlo
230 635 314 710 pace
330 613 452 686 bobum
469 613 725 709 protraheretur,
750 637 862 686 comes
884 633 957 684 cum
975 623 1068 706 parte
1086 613 1196 684 militie
1213 618 1246 686 in

115 713 313 808 crepusculo
330 717 461 784 territus
474 724 508 784 et
520 716 635 785 tacitus
654 713 790 804 aufugit.
815 709 909 800 Quod
928 713 1109 784 sentientes
1127 711 1246 784 milites

114 821 149 880 et
168 815 265 882 cives
291 811 469 904 Aquenses
493 810 640 882 similiter
664 810 876 902 aufugerunt,
903 806 1025 879 relictis
1053 807 1246 902 quibusdam

113 906 296 1002 peoribus„
316 905 463 980 curribus
481 919 515 979 et
531 910 687 996 sarcinis,
708 930 772 1001 qne
796 911 903 978 omnia
929 915 1021 998 eapte
1040 905 1081 976 ab
1099 910 1246 978 exercitu

115 1004 384 1099 archiepiscopali
402 1017 478 1078 surrt
495 1016 528 1076 et
544 1005 679 1102 direpta.

162 1101 311 1174 nenium
329 1113 458 1197 tempus
477 1103 641 1190 interfluit
662 1125 736 1174 oum
760 1101 1024 1198 archiepiscopus
1045 1126 1119 1174 cum
1136 1104 1246 1175 militia

115 1199 298 1272 monnau
316 1211 438 1282 terram
455 1204 580 1272 comitis
594 1199 786 1272 luliaceusis
805 1199 982 1292 ngreditur.
1010 1199 1130 1272 Contra
1148 1223 1246 1294 mem

113 1298 202 1368 idem
221 1319 335 1368 comes
351 1297 543 1370 Iuliocensis
565 1308 598 1368 et
614 1297 743 1392 quidam
761 1295 889 1372 nobiles
907 1309 941 1370 et
956 1298 1142 1395 imperiales
1160 1302 1247 1371 viri-

114 1394 176 1468 bus
200 1398 388 1466 instauratis
412 1406 637 1484 occuncutes,
663 1406 696 1466 et
721 1397 785 1466 nisi
801 1399 934 1468 vincant
953 1401 1034 1469 mori
1063 1399 1246 1490 parvipen-

114 1491 247 1582 dentes,
265 1503 342 1564 ante
361 1503 504 1564 castrum
525 1492 724 1564 becheniob²
741 1492 942 1566 dimicarunt.
975 1493 1038 1566 Ubi
1054 1505 1129 1588 post
1144 1515 1246 1566 acer-

114 1594 230 1662 rimam
248 1612 395 1683 pugnam
414 1601 448 1662 et
472 1592 605 1681 longam
630 1593 850 1664 resistentiam
875 1596 1050 1686 episcopus
1074 1596 1198 1686 capitur
1214 1603 1248 1664 et

114 1687 246 1782 quodam
263 1688 380 1760 milites
404 1711 478 1760 curu
496 1710 548 1760 eo.
585 1689 701 1760 Preter
721 1691 960 1761 estimationem
983 1700 1092 1762 autem
1110 1693 1142 1760 in
1160 1686 1246 1760 bello

114 1795 204 1856 tunm
221 1789 428 1884 animositate
446 1790 606 1880 utrimque
624 1786 773 1858 conlecto
791 1787 901 1860 nullus
917 1786 1065 1859 famosus
1083 1786 1140 1860 vel
1157 1809 1246 1880 pau-

114 1885 239 1956 cissimi
256 1879 364 1976 plebei
381 1887 585 1972 interierunt,
609 1894 720 1976 preter
738 1885 881 1957 villicum
904 1887 1108 1978 Aquensem,
1134 1887 1187 1978 qui
1203 1882 1246 1956 ibi

113 1981 206 2054 lesus
224 1981 323 2074 poulo
343 1991 418 2074 post
432 1981 521 2070 obiit,
539 1993 572 2052 et
587 1980 757 2071 Rutgerus
776 1982 974 2054 castellanus
995 1981 1038 2054 de
1057 1981 1247 2054 Wolcken-

112 2075 200 2169 berg
217 2078 411 2151 vnlneratus
428 2077 548 2150 ibidem
565 2089 600 2149 et
616 2090 729 2170 captus
746 2089 822 2173 post
843 2101 966 2173 paucos
984 2079 1055 2152 dies
1074 2081 1245 2173 expiravit.

112 2174 301 2270 Episcopus
330 2199 404 2248 eum
440 2179 641 2270 concaptivis
671 2180 704 2248 in
733 2187 841 2250 castro
868 2174 1070 2248 Nicbteclren
1100 2176 1246 2250 custodie

112 2277 327 2367 mancipatur.
363 2274 435 2359 Quo
452 2278 487 2346 in
504 2277 689 2368 captivitate
710 2274 842 2346 detento
861 2273 1045 2362 conatus„
1069 2273 1153 2346 lilius
1178 2278 1247 2346 im-

196 2375 277 2444 toris
296 2393 333 2444 se
351 2369 478 2445 habens
495 2394 555 2466 pro
573 2393 671 2460 rege,
688 2371 860 2444 Treverirn
878 2374 983 2461 venit,
1001 2369 1054 2442 ubi
1072 2373 1161 2444 multi
1180 2393 1246 2444 no·-

133 2469 199 2540 iles
217 2467 392 2542 adfuerunt
410 2481 444 2541 et
460 2472 587 2562 priores
606 2468 824 2542 Colonienses
842 2491 901 2562 pro
925 2468 1055 2540 domino
1073 2491 1134 2542 suo
1152 2477 1246 2562 copto

113 2569 189 2640 sine
206 2567 356 2659 prosectu
373 2567 605 2660 supplicantes.
641 2565 725 2638 Nam
742 2589 806 2638 rex
823 2566 996 2657 digressus
1013 2565 1171 2638 leodium
1188 2585 1246 2659 pro

112 2663 304 2735 adiuvando
315 2661 434 2736 Ottone
451 2664 571 2752 electo,
589 2662 758 2736 Coloniam
772 2667 803 2736 in
818 2663 1070 2757 quadragesima
1081 2667 1246 2759 peruenit

112 2760 319 2833 contendens
348 2761 530 2834 confiscare
559 2759 705 2834 redditus
733 2762 957 2855 episcopalem
994 2760 1056 2836 sed
1084 2758 1245 2855 prioribus

112 2855 368 2932 Coloniensibus
389 2869 422 2930 et
438 2857 645 2951 magnatibus
664 2868 751 2930 torre
778 2858 841 2930 boo
856 2882 899 2930 ne
926 2859 1019 2930 lieret
1036 2858 1246 2954 impedienti-

112 2953 189 3046 bus,
210 2978 275 3026 rex
291 2959 398 3028 inacte
418 2956 459 3028 ad
477 2978 556 3028 suas
574 2967 684 3048 partes
702 2959 889 3028 revertitur.

160 3053 1021 3148 lpsoannoincrastinoomniumsanctorurn[nov.2]
1033 3055 1246 3146 postlongum

112 3149 384 3225 fflmatiomm
407 3151 448 3222 ad
474 3149 632 3222 bonorum
655 3155 922 3246 persuasionem,
949 3173 1015 3222 non
1040 3160 1150 3222 tamen
1174 3153 1246 3224 siue

112 3250 216 3322 multa
235 3251 457 3342 pecuniaipro
475 3247 655 3342 sumptibus
673 3247 749 3320 belb
762 3246 802 3319 ab
820 3247 1066 3341 archiepiscopo
1084 3251 1247 3342 captivato

112 3355 265 3440 accepta,
289 3367 401 3420 comes
417 3345 610 3418 luliaocnsis
635 3347 813 3420 consultius
835 3368 941 3438 agens
965 3349 1072 3438 ipsum
1096 3343 1245 3418 absolvit

160 3444 294 3518 Eodem
311 3467 396 3516 enno
414 3443 564 3516 dominus
576 3443 740 3516 Heuricus
759 3447 800 3516 iii.
819 3432 1127 3515 abbas‘nronasterii
1144 3445 1246 3516 nostri

111 3545 221 3616 saneti
238 3540 445 3614 Pantaleouis
463 3539 549 3612 obiit
586 3539 646 3612 Cui
664 3552 738 3635 post
757 3543 1002 3614 altercationem
1027 3539 1195 3612 electionis
1215 3540 1248 3610 in

111 3639 279 3712 discordia
297 3637 463 3710 celebrate
481 3638 541 3710 sed
559 3650 760 3733 perpetrem
785 3637 1080 3712 misericordiarum
1101 3637 1143 3709 ad
1160 3657 1246 3708 con·

112 3737 260 3810 cordiam
283 3734 419 3810 redama
443 3736 654 3810 Hermannus
678 3736 828 3812 eiusdem
855 3737 1044 3810 monasterii
1067 3731 1246 3808 monachus

112 3839 288 3910 successit

168 4035 473 4106 nomenniomen
500 4038 634 4098 zwbcben
652 4037 740 4096 lilith
766 4037 819 4094 ond
839 4037 926 4096 lltiren
951 4055 993 4094 am
1012 4035 1101 4094 liuken
1121 4037 1181 4092 uler
1200 4037 1247 4094 der

113 4107 201 4178 lioer3
226 4108 269 4164 die
293 4109 391 4181 lesoug
414 4111 498 4166 selbst
523 4111 557 4166 ist
582 4111 708 4180 obrigens
729 4110 800 4166 uicbt
824 4125 892 4179 ganz
910 4109 1003 4166 siober
1022 4107 1076 4164 und
1095 4125 1124 4164 es
1144 4106 1246 4164 kiinnte

112 4179 349 4250 moglicberweiso
366 4181 515 4238 buerrecbe
534 4181 650 4236 heleseu.
687 4181 718 4250 2)
737 4181 884 4237 becbenicb
904 4179 1076 4236 stidwestlicb
1097 4195 1149 4236 ron
1169 4177 1245 4237 Ciiln.

12 4315 19 4324 Ι
114 4252 145 4324 3)
163 4253 237 4310 mlo
256 4253 337 4306 mark.
