2882 4818
259 283 330 360 194
559 279 724 339 llrll'llllrlS
743 275 1082 340 NUEWENBURGENSIS.

258 449 517 554 llictum'parate.
545 457 636 532 Gens
654 467 766 528 autem
775 456 909 553 Liipoldi
928 441 1074 526 abductis
1092 457 1185 548 equis
1204 475 1243 525 sc
1262 455 1400 546 paravit

259 557 299 628 ad
317 581 474 651 pugnamq
499 557 737 650 clamatumque
754 556 812 627 lurit
830 555 890 628 sub
907 577 992 649 pena
1011 554 1137 648 capitisq
1162 575 1205 622 ne
1224 553 1301 644 quis
1320 552 1402 622 cal-

258 659 345 727 caria
362 659 532 742 retineret
560 658 734 748 gavisique
758 665 834 726 suni
857 654 898 724 de
915 653 1071 722 Friderici
1094 650 1252 721 adventu.
1300 649 1404 719 Dicto

258 765 368 825 autam
395 759 427 824 in
456 757 527 824 acie
550 752 719 826 ludowici
747 751 789 822 de
818 751 963 822 adventu
987 749 1161 836 Friderici,
1190 751 1321 820 missus
1350 757 1405 816 est

258 852 352 922 miles
370 874 444 922 cum
462 850 623 923 corrduotu
640 849 682 921 ud
699 849 931 943 temptandum.
974 845 1213 920 Protenderant
1229 848 1325 916 enim
1345 849 1405 915 in-

256 947 414 1020 feriores:
431 971 466 1019 sc
483 951 570 1019 nollo
587 949 762 1037 constipare
779 968 852 1018 cum
869 948 1025 1035 luipoldo,
1044 965 1117 1014 oum
1134 965 1174 1014 oo
1191 947 1280 1014 uicto
1296 947 1403 1027 finani

257 1051 387 1136 oepooii
403 1067 469 1118 oon
485 1047 647 1116 laterent.
673 1044 826 1116 Adducto
845 1055 952 1114 autem
971 1044 1071 1114 milite
1089 1062 1200 1112 coram
1211 1040 1405 1112 Friderico.

257 1143 337 1216 dixit
354 1143 540 1216 Friderious
559 1144 664 1214 militi:
693 1145 800 1212 llicitc
817 1145 978 1212 uerruculo
1001 1161 1080 1228 meo,
1105 1159 1156 1209 mc
1173 1159 1243 1209 esso
1269 1141 1331 1210 bic
1359 1143 1409 1208 od

255 1243 440 1327 conflictum
457 1249 624 1330 parabam,
651 1249 829 1329 attempta
855 1259 931 1328 osse,
960 1249 995 1309 ut
1016 1241 1114 1322 finem
1137 1257 1260 1327 pecare
1288 1245 1407 1307 anostra

256 1342 389 1428 imperii
402 1342 553 1423 fidelibus
568 1338 741 1423 sociamus.
778 1337 904 1408 Etcum
916 1341 979 1408 ium
991 1339 1181 1430 superiores
1193 1337 1225 1404 in
1237 1339 1405 1428 angustia

257 1448 290 1508 et
309 1447 451 1508 tremore
468 1437 620 1527 fuissent,
639 1457 681 1508 eo
699 1435 970 1530 quodinleriores
981 1433 1217 1506 nobilissimam
1228 1431 1405 1504 babentes

256 1535 406 1605 miliciam
424 1537 609 1625 evaginatis
627 1538 691 1604 iam
710 1533 828 1625 gladiis
847 1555 885 1604 se
902 1535 983 1604 istos
1002 1533 1229 1604 similaverunt
1247 1533 1407 1602 invasu-

256 1653 328 1704 ros:
357 1655 437 1702 ecce
461 1635 591 1704 reversi
617 1641 693 1704 sunt
716 1631 799 1700 ultra
822 1629 995 1716 unisonas
1023 1631 1216 1723 quiantocius
1241 1639 1406 1723 poterant

256 1728 507 1802 descendentes.
550 1732 641 1818 Quos
659 1733 711 1802 isli
729 1751 790 1822 per
805 1725 939 1799 biduum
957 1737 1033 1799 sunt
1050 1730 1164 1800 secuti.

254 1892 305 1962 De
320 1892 410 1962 obitu
433 1894 590 1962 llblmori
606 1870 807 1962 motationis
824 1891 1159 1979 orandinum-penus.

327 2023 463 2096 Eisdem
480 2023 691 2118 temporibus
720 2045 806 2095 anno
832 2023 961 2095 decimo
985 2045 1072 2094 raono
1095 2022 1138 2094 de
1164 2045 1286 2095 manse
1320 2025 1407 2096 iulii.

254 2118 331 2192 obiit
347 2121 539 2194 Wolmarus
574 2121 718 2193 marchio
749 2120 1081 2213 brandenburgensis
1116 2119 1244 2214 absque
1281 2119 1407 2192 liberis

256 2217 548 2311 [1319aug.14],
575 2218 816 2291 marchionatus
834 2219 1053 2312 disposicione
1070 2219 1111 2290 ad
1129 2221 1313 2312 imperium
1336 2221 1406 2290 tle-

254 2319 379 2408 volutm
405 2317 527 2411 luitque
545 2341 619 2388 cum
637 2339 758 2408 magna
776 2318 1014 2388 lamentacione
1032 2316 1207 2388 manifeste
1225 2320 1404 2410 sepultus.

254 2438 352 2510 quem
372 2425 487 2509 postea
511 2414 553 2485 ad
576 2419 767 2507 vigintiocto
795 2438 900 2486 annos
925 2419 1044 2486 vivere
1068 2413 1200 2508 quidam
1223 2413 1404 2487 dixerunt.

253 2511 306 2584 De
334 2535 397 2606 quo
425 2511 647 2584 marchionatu
674 2513 839 2606 predictus
861 2511 1059 2584 Ludowicus
1088 2515 1244 2607 princeps
1278 2527 1406 2606 postea

253 2607 433 2682 Ludowioo
450 2608 515 2681 lilio
534 2633 594 2682 suo
611 2613 830 2706 primogenito
853 2609 1006 2704 providit
1034 2609 1210 2704 dequibus
1229 2611 1327 2682 inira
1349 2613 1407 2682 di·
1439 2669 1440 2694 ,

255 2719 357 2780 cetun

253 2860 303 2930 Dc
320 2862 430 2930 clectis
446 2863 652 2950 episcopatus
673 2863 942 2932 constanciensis.

324 2991 454 3064 Mortuo
472 3015 600 3088 quoque
625 2992 752 3066 eisdem
774 2993 971 3088 temporibus
992 2991 1331 3085 [13181Gerharn0
1365 2997 1407 3068 de

198 3105 200 3110 ’
253 3087 376 3162 Benur¹
397 3095 553 3186 episcopo
571 3092 834 3181 Constanciensi
859 3103 892 3162 et
916 3092 1030 3164 elec-tis
1056 3095 1087 3161 in
1106 3089 1274 3163 discordia
1302 3107 1346 3166 et
1375 3101 1406 3166 in
1437 3171 1438 3176 ,

254 3191 343 3260 ouria
354 3189 504 3260 Romana
522 3189 722 3280 litigantibus
741 3245 749 3260 .
770 3246 777 3260 .
796 3245 804 3260 .
824 3197 849 3261 ,²
868 3188 910 3259 de
922 3187 1149 3280 Cliugenberg
1165 3196 1353 3282 preposito
1376 3205 1406 3263 et
1437 3245 1438 3248 ,

253 3285 408 3358 Heinrioo
433 3287 474 3358 de
492 3283 730 3378 Werdenberg
753 3291 912 3358 canonico
934 3285 1197 3374 Constanciensi,
1223 3285 1406 3385 iidemque
1437 3269 1438 3303 ¹

253 3405 315 3476 per
331 3387 534 3456 sentenciam
551 3382 710 3455 deberent
727 3384 870 3474 excludi
889 3395 922 3456 el
933 3407 1011 3479 spes
1023 3395 1116 3458 esset
1131 3383 1173 3454 de
1185 3382 1321 3458 blatbia
1341 3415 1408 3460 cu-
1436 3401 1437 3426 ³

254 3481 348 3554 stade
366 3483 556 3555 monasterii
573 3481 815 3573 olomucensis,
839 3482 962 3554 ordinis
981 3486 1084 3554 sancti
1102 3481 1296 3574 benennon,
1330 3487 1406 3557 Ba·

253 3579 398 3653 siliensis
415 3579 583 3674 dyocesis
602 3579 702 3650 fratrc
721 3579 871 3672 Hugonis
890 3583 1016 3652 comitis
1033 3580 1076 3651 de
1088 3577 1297 3672 Buebcgge,
1320 3609 1406 3657 ser-

253 3681 367 3751 vitoris
395 3676 529 3748 Roberti
556 3681 647 3769 regis
677 3677 817 3768 Caenia„
845 3689 920 3772 post
947 3679 1174 3750 exclusionem
1204 3677 1403 3754 electorum
1435 3701 1436 3726 ¹

252 3773 496 3870 promovendo:
525 3797 604 3847 ecce
629 3779 764 3846 moritur
784 3774 898 3866 [1320
915 3779 980 3846 iun.
992 3775 1032 3866 4]
1053 3777 1170 3848 Petrus
1197 3778 1404 3876 archiepis-

253 3893 355 3966 copus
373 3871 596 3965 bloguntinus.
649 3877 721 3961 Quo
745 3874 909 3945 intellecto
932 3878 965 3946 in
991 3877 1079 3944 curia
1097 3871 1268 3948 lohannes
1300 3901 1403 3972 papa.

252 3969 293 4040 ad
314 3993 431 4065 preces
449 3970 583 4065 predicti
594 3970 730 4044 Roberti
743 3975 835 4064 regis
854 3971 896 4041 ob
909 3974 1050 4043 servicia
1068 3971 1204 4065 predicti
1217 3973 1398 4066 Hugnnis.

252 4067 358 4140 eidem
378 4069 500 4140 Mathia
524 4069 566 4138 de
584 4068 779 4160 Buclregge,
807 4069 925 4140 dilecto
949 4073 1053 4140 eciam
1078 4068 1215 4141 dulcibus
1236 4073 1400 4146 Austris.

306 4216 335 4284 i)
355 4233 387 4272 so
407 4219 434 4274 B.
455 4217 508 4273 und
528 4217 595 4286 Vct,
615 4219 684 4274 liena
705 4220 796 4290 cusp,
822 4223 904 4276 Sevar
923 4219 964 4290 A„
989 4221 1073 4276 Senar
1094 4219 1165 4275 Ursi.
1204 4217 1238 4288 2)
1260 4221 1289 4278 in
1312 4227 1345 4280 Α.
1368 4225 1403 4278 ist
1433 4261 1434 4274 s

252 4285 341 4342 dieser
359 4285 430 4342 leere
449 4306 522 4344 raram
541 4290 687 4359 arrsgalitllt
707 4289 752 4345 mit
771 4291 802 4344 ll.
