3010 4822
451 253 625 314 demutatis
644 253 896 312 tssoootttdtusls.
1172 257 1243 332 549

112 427 295 516 dixissent,
318 430 452 519 configit
477 431 652 501 causaliter
675 440 751 502 tunc
777 433 809 501 in
832 428 917 502 festo
941 432 1086 525 corporis
1111 429 1243 522 christi,
1260 441 1329 500 1362

112 525 200 620 quod
220 525 279 596 luit
294 529 363 596 xvi.
382 525 446 596 kal.
465 527 530 596 iulii
550 529 630 618 [iun.
652 527 728 619 16]Ἴ
744 527 830 622 quod
847 526 935 598 idem
952 524 1095 599 marchio
1111 531 1243 600 iuvenis

112 623 249 696 devenit
264 627 297 694 in
317 632 511 718 potestatem
531 625 800 719 pauisatrarsa
818 624 1074 697 videlicetduois
1086 624 1243 720 Stephani

111 733 146 792 et
163 719 224 793 sibi
242 719 477 792 adherentium.
528 721 570 793 Et
588 726 636 794 sio
653 725 725 794 sine
742 721 830 795 bello
847 720 888 792 ab
914 726 1055 796 invicem
1079 745 1242 796 recesse-

110 829 196 890 runt
247 817 289 889 Et
313 818 400 890 idem
423 818 636 893 bleinbardus
659 831 774 915 postea
797 819 924 893 modico
945 831 1094 916 tempora
1118 843 1242 915 super-

110 919 248 1005 vixitet
265 928 411 989 mortuus
429 928 481 989 est
498 915 1242 1014 annorumquatuordecimvelcirca[†1363
1258 919 1327 978 1363

110 1018 175 1084 ian.
207 1013 281 1104 13].
332 1014 375 1085 Et
389 1018 462 1109 ipse
478 1014 664 1087 Fridericus
680 1015 909 1089 reconciliatus
928 1027 979 1089 est
996 1019 1078 1111 patri
1096 1027 1129 1087 et
1140 1016 1240 1088 fratri.

109 1109 448 1202 Sedduoesdustria
466 1113 551 1206 apud
569 1135 651 1207 quos
667 1124 744 1185 tunc
759 1113 818 1185 luit
828 1126 933 1187 mater
942 1118 1045 1209 ipsius
1059 1112 1243 1184 bleinhardi

110 1209 267 1298 daunai,
285 1219 406 1281 terram
422 1208 589 1281 Karintbie
613 1221 645 1282 et
670 1215 855 1284 comitatum
879 1212 1010 1306 Tyrolis
1034 1210 1242 1284 obtinuerunt

109 1317 143 1376 et
158 1307 387 1400 possederunt.

158 1403 201 1474 Et
218 1407 267 1477 sic
283 1405 325 1476 de
342 1427 429 1478 anno
446 1407 566 1478 domini
592 1409 793 1480 mecoluiii.
818 1408 933 1501 prelati
958 1407 1061 1480 duces
1085 1408 1240 1479 bawarie

107 1507 377 1575 samartanum
405 1503 573 1576 Karintbie
600 1527 674 1576 cum
708 1525 829 1596 magno
857 1509 1005 1576 exercitu
1031 1515 1091 1600 par
1118 1506 1242 1578 vallem

106 1599 214 1673 Enisi¹
240 1601 351 1690 duvii,
378 1601 531 1674 volentes
557 1605 678 1674 intrare
705 1606 890 1674 comitatum
917 1603 1060 1696 Tmolia,
1088 1603 1240 1674 sednon

106 1709 292 1792 potuerunt.
326 1697 472 1770 Tandem
490 1723 563 1772 eum
582 1701 689 1794 aliquo
707 1711 856 1794 tempore
873 1700 990 1774 brissei
1005 1701 1045 1774 lis
1063 1704 1241 1794 interpre-

106 1796 195 1868 l'atos
213 1795 316 1868 duces
332 1796 487 1868 Bawarie
505 1808 539 1869 et
556 1798 658 1871 duces
675 1799 825 1886 nustria
850 1797 1035 1870 concordati
1053 1803 1158 1887 sunt²q
1180 1800 1240 1868 vi-

105 1891 230 1965 delicet
254 1903 288 1964 ut
310 1897 371 1988 ipsi
396 1894 499 1966 duces
521 1896 657 1968 Austric
687 1893 823 1968 ducibus
845 1896 1000 1968 bawarie
1024 1894 1242 1969 exsolverent

105 2002 242 2062 centum
260 1991 356 2062 millia
374 1993 586 2082 florenorum,
604 2004 637 2064 ct
653 1997 716 2087 ipsi
732 1993 894 2087 prelatum
911 1996 1096 2066 comitatum
1115 2003 1148 2064 et
1165 2004 1239 2064 ter-

104 2111 179 2159 ram
197 2088 408 2183 possiderent
425 2111 529 2185 usque
547 2091 589 2160 ad
606 2103 725 2180 metas,
743 2101 837 2186 prout
855 2088 950 2163 bodie
968 2089 1147 2185 possident.

495 2243 666 2326 Pontifices
700 2245 847 2314 Romani.

158 2393 315 2465 Nicolaus
334 2403 467 2486 quartus
485 2392 527 2463 de
544 2393 659 2466 ordine
676 2395 811 2466 fratrum
828 2393 991 2464 Minorem
1009 2393 1122 2464 doctor
1139 2392 1239 2464 theo·
1254 2393 1324 2452 ¹288

102 2493 212 2582 logie,
231 2511 317 2561 anno
335 2489 455 2562 domini
473 2492 728 2563 mcclxxmviii.
750 2489 830 2584 [leb.
849 2490 912 2581 22]
932 2491 1057 2563 electus
1076 2489 1159 2564 sedit
1172 2513 1238 2561 an-

102 2593 157 2661 nis
177 2590 328 2682 quinque.
380 2587 422 2660 Et
437 2585 487 2660 bis
506 2589 632 2661 electus
650 2613 724 2660 cum
741 2592 896 2683 lacrymis
918 2591 1120 2680 resignavit,
1144 2591 1239 2659 tertio

103 2685 298 2778 compulsos
316 2685 357 2756 ab
374 2684 524 2758 omnibus
542 2685 759 2759 cardinalibus
778 2689 949 2782 acquievit.
1015 2723 1020 2732 ·

157 2782 346 2856 Caelestinus
367 2805 449 2878 papa
468 2787 597 2877 quintam
609 2807 695 2856 anno
708 2785 828 2856 domini
840 2785 1105 2856 mcclxxxxnn.
1119 2784 1187 2874 [iul.
1197 2783 1236 2874 5]
1255 2784 1326 2842 ¹²94
1454 2776 1463 2802 ⁵

103 2885 235 2955 electus
253 2879 338 2952 sedit
354 2902 453 2951 unum
471 2903 592 2952 annum
610 2882 667 2954 vel
684 2885 780 2953 circa.
814 2881 888 2972 luc,
905 2885 995 2976 prius
1013 2891 1151 2954 vocatus
1169 2882 1240 2953 Pe-

101 2993 191 3067 trus,
210 2982 345 3049 eremita
364 2988 447 3067 erat,
465 2983 517 3050 vir
534 2981 687 3073 simplex,
705 2989 819 3050 sancte
836 2983 923 3069 vite,
949 2990 981 3050 et
1005 2979 1123 3052 nullius
1147 2979 1240 3050 litte-

101 3087 228 3150 rature.
269 3077 331 3164 Qui
348 3079 430 3146 miro
447 3076 543 3147 modo
561 3076 603 3147 ad
620 3087 772 3172 papatum
790 3087 841 3149 est
858 3087 1060 3172 assumptus,
1078 3079 1152 3171 quia
1170 3100 1238 3150 va-

102 3183 204 3248 cante
224 3183 343 3268 papatu
361 3194 422 3268 per
438 3171 559 3245 obitum
582 3174 707 3246 Nicolai
733 3173 886 3268 predicti,
911 3184 943 3244 et
965 3172 1183 3246 cardinalibus
1207 3179 1240 3246 in

102 3295 175 3346 uno
194 3271 344 3344 conclavi
361 3272 496 3346 inclusis
513 3275 547 3342 in
564 3269 644 3343 urbe
661 3273 810 3344 Romana
839 3270 919 3358 (sed
943 3282 1018 3366 post
1044 3271 1240 3343 electionem

103 3392 205 3446 suam
223 3391 262 3442 se
278 3367 440 3442 transtulit
466 3372 499 3440 in
523 3369 684 3463 Neapolin
708 3372 797 3441 iuxta
827 3381 977 3441 tenorem
1005 3371 1240 3442 constitutionis

108 3470 379 3557 murmuratam,
398 3464 440 3535 de
456 3467 550 3538 elect.
568 3464 621 3538 lib.
640 3471 719 3560 νῖν
745 3466 873 3562 quidam
899 3466 1109 3539 cardinalium
1134 3471 1241 3559 magis

101 3579 187 3639 tunc
204 3563 425 3636 authenticus⁴
443 3563 581 3659 predam
593 3575 689 3636 nocte
702 3564 917 3659 sompniabat,
935 3564 1117 3658 quodcirca
1129 3588 1240 3660 quen-

88 3665 185 3756 dam
204 3673 347 3734 montem
364 3661 484 3758 ibidem
501 3684 604 3756 prope
622 3662 761 3756 quedam
779 3683 921 3757 persona
932 3661 1095 3736 resideret
1105 3673 1139 3735 et
1149 3666 1242 3757 queri

103 3759 266 3848 deberet,
293 3781 356 3854 que
383 3760 423 3830 ad
448 3770 599 3855 papatum
626 3764 749 3833 assumi
768 3759 913 3832 deberet
964 3762 1025 3848 Qui
1044 3759 1085 3831 de
1104 3781 1241 3854 sompno

103 3859 290 3949 evigilans
314 3858 385 3929 aliis
410 3855 627 3929 cardinalibus
652 3861 835 3952 sompnium
859 3857 1042 3931 huiusmodi
1064 3855 1240 3929 referebat.

103 3955 207 4031 Unde
225 3956 278 4026 alii
305 3955 488 4028 cardinales
514 3959 678 4028 communi
703 3977 870 4029 consensu
893 3956 1053 4028 conclave
1077 3964 1240 4027 exeuntes

162 4123 195 4190 l)
213 4122 323 4178 lnntbal.
349 4122 380 4190 2)
400 4121 482 4178 durch
502 4121 552 4178 deu
574 4123 675 4179 lrieden
691 4139 743 4178 von
758 4123 907 4192 Sobardiug
922 4122 991 4179 1369
1003 4127 1070 4192 sept.
1084 4121 1128 4176 29.
1146 4121 1177 4190 3)
1193 4121 1242 4176 sed

103 4227 139 4236 -
160 4193 207 4249 lib.
226 4193 260 4248 vi.
279 4193 315 4248 ist
333 4193 455 4250 ellenbar
468 4194 510 4249 ein
524 4193 756 4264 cingescbobcner
771 4199 837 4264 satu,
852 4194 922 4251 decb
936 4194 989 4251 wie
1004 4193 1117 4250 Bdbmer
1137 4193 1241 4262 maiole,

100 4283 169 4324 vom
188 4264 332 4327 verlassor.
368 4266 400 4336 d)
420 4282 452 4324 so
472 4265 544 4322 Gew.
563 4265 677 4324 Probet:
697 4265 831 4324 attentius.
