2966 4842
242 184 267 256 8
614 172 1021 232 connrcrosmtnmsrs.

243 364 334 426 tores
353 372 468 424 eorum
485 351 637 422 comitum
655 358 688 420 et
705 347 908 420 dominorum
926 345 1084 419 dictorum
1100 358 1267 444 promptos
1285 369 1380 420 con·

243 463 293 525 tra
310 450 502 522 Bemenses
526 451 587 542 ipsi
604 444 847 538 Fn'burgenses
871 443 1076 520 exhibebant.
1094 444 1138 517 Et
1153 455 1188 517 ut
1204 443 1381 518 dicebatur

244 550 429 640 vulgariter
462 545 559 617 iidem
586 541 828 638 Friburgenses
857 541 1060 615 exhortando
1086 543 1383 616 inflammaverunt

244 644 346 718 dictos
372 644 520 716 dominos
544 643 584 714 ad
602 641 832 739 proponendas
857 651 968 714 contra
985 639 1176 715 Bemenses
1198 645 1382 737 petitiones

243 765 282 817 su
304 741 454 815 radietas.

283 767 448 912 ldictorum
465 861 511 912 ex
519 851 611 935 parte
620 840 839 911 Baniensium
849 835 1053 933 petitionibus
1060 837 1334 930 Fn'burgensium
1345 847 1382 908 et

243 940 364 1010 domini
380 940 506 1010 comitis
524 938 566 1009 de
582 935 720 1009 Grueria
744 937 890 1031 plenarie
914 958 988 1007 cum
1006 935 1123 1007 ellectu
1139 935 1198 1006 brit
1214 934 1380 1006 satisfac-

243 1047 310 1108 tum
327 1059 389 1132 per
405 1034 645 1124 harenatum,
663 1032 818 1105 uidelicet
835 1031 1121 1128 quodBemenses
1138 1035 1271 1103 nomine
1289 1053 1380 1127 pre-
1464 1087 1465 1116 l

244 1133 401 1205 dictorum
419 1131 622 1204 dominomm
639 1131 681 1201 de
691 1129 779 1203 Albo
791 1130 920 1220 Castroa
938 1152 1072 1202 suorum
1087 1126 1318 1222 burgensium,
1337 1152 1380 1202 se
1464 1169 1465 1212 p

243 1229 487 1323 obligaverunt
505 1233 601 1304 certis
619 1239 653 1300 et
676 1226 909 1302 subiicientibus
927 1226 1010 1300 datis
1028 1224 1275 1300 fideiussoribus
1292 1230 1304 1298 i
1346 1229 1380 1298 is

243 1325 518 1420 Friburgensibus
543 1337 576 1398 et
593 1326 723 1398 domino
741 1326 782 1397 de
801 1323 939 1398 Gruerla
956 1322 1113 1420 predicto„
1137 1322 1223 1419 quod
1246 1327 1297 1396 eis
1322 1347 1379 1396 em
1464 1379 1465 1416 2

243 1424 326 1497 infra
345 1434 470 1497 certum
487 1428 659 1498 terminum
676 1428 806 1516 integre
830 1446 903 1494 cum
921 1423 1037 1494 ellectu
1055 1445 1216 1496 summam
1232 1425 1379 1517 pecunie

244 1533 455 1594 memoratam
475 1520 792 1613 [solverevettenrp
810 1523 935 1594 scilicet
943 1531 1016 1592 octo
1026 1520 1124 1592 millia
1134 1517 1290 1591 librarum
1308 1518 1379 1590 de-

242 1625 408 1692 nariorum
424 1619 653 1715 predictorum.
670 1618 712 1690 Et
728 1619 1004 1692 licetBernenses
1014 1617 1112 1712 plene
1123 1615 1264 1689 eandem
1275 1640 1379 1690 sum-

243 1740 330 1790 mam
346 1718 546 1812 persolutam
563 1715 603 1788 ab
622 1715 760 1805 eisdem„
779 1727 930 1811 tanquam
952 1718 1204 1808 perusurariam
1220 1717 1379 1809 pravita-

243 1825 309 1886 tem
321 1825 495 1904 extortam„
513 1814 636 1886 deiurc
649 1825 681 1885 et
698 1812 740 1883 de
751 1817 869 1885 iustitia
886 1811 1013 1906 publica
1031 1833 1200 1886 sacrorum
1210 1835 1379 1885 sanonum
1464 1807 1465 1880 l

243 1923 354 2007 preter
372 1923 495 1984 sortem
511 1912 724 2007 principalem
740 1913 939 2006 repetivisse
957 1913 1153 2004 potuissent:
1177 1913 1239 2004 ipsi
1262 1919 1378 1983 tamen
1464 1935 1465 1994 l

243 2009 433 2082 Bemenses
451 2008 694 2083 adinstantiam
704 2007 974 2101 Friburgensium
984 2008 1107 2080 litteras
1125 2006 1167 2078 de
1182 2028 1251 2080 non
1267 2030 1378 2103 repe-
1464 2009 1465 2088 ἦ

242 2106 340 2178 tenda
359 2105 475 2178 eadem
483 2109 631 2273 pecunie
648 2129 775 2179 summa
786 2109 850 2176 iam
862 2106 967 2178 soluta
977 2103 1152 2178 liberaliter
1161 2103 1376 2178 tradiderunt.

346 2205 482 2275 Petition

485 2207 555 2276 'us
579 2213 687 2274 autem
710 2201 845 2298 predicti
867 2202 987 2273 domini
1011 2203 1053 2272 de
1076 2202 1218 2274 Nidowe
1247 2206 1377 2274 comitis

243 2303 433 2375 Bemenses
452 2301 683 2374 satisfecerunt
699 2301 899 2373 sufficienter
915 2322 976 2395 per
992 2301 1131 2371 formam
1147 2303 1377 2395 compromissi
1464 2301 1465 2370 l

244 2397 443 2495 expellendo
468 2397 510 2469 de
534 2420 594 2471 sua
618 2397 697 2470 villa
714 2408 782 2470 tres
800 2401 891 2470 viros
909 2398 1084 2493 predictos
1103 2419 1185 2491 quos
1201 2395 1379 2470 asserebat

244 2495 303 2570 sibi
320 2520 382 2592 per
397 2495 588 2567 Bemenses
605 2498 724 2568 iniuste
742 2494 783 2565 de
802 2498 933 2566 civitate
949 2493 1187 2567 Erliacensium
1204 2491 1332 2568 ablatos
1343 2507 1379 2570 et

242 2599 276 2666 in
292 2594 511 2665 Bemensium
526 2590 714 2684 burgenses
725 2590 895 2687 receptos}
913 2597 1063 2687 momnis
1075 2595 1155 2666 satis
1165 2591 1377 2665 manifestum
1464 2683 1465 2686 Ἴ

243 2701 334 2764 essct
351 2699 384 2761 et
399 2713 460 2785 per
476 2689 601 2762 litteras
618 2685 748 2786 probari
767 2701 893 2784 posset
910 2689 997 2783 quod
1007 2693 1068 2784 ipsi
1085 2689 1277 2762 Bemenses
1288 2713 1377 2764 auc-
1464 2687 1465 2744 ἓ

241 2793 369 2860 toritate
392 2786 640 2882 privilegiorum
656 2787 883 2882 imperialium
907 2785 967 2860 sibi
991 2787 1153 2881 quondam
1171 2810 1190 2858 a
1207 2786 1378 2860 Friderico

241 2890 438 2980 imperatore
455 2906 702 2974 concessorum7
721 2883 822 2956 dictos
839 2889 930 2956 viros
942 2887 974 2955 in
985 2881 1173 2976 burgenses
1185 2895 1218 2956 et
1234 2888 1269 2956 in
1279 2899 1390 2957 suam·
1464 2921 1465 2932 ἢ

243 2985 408 3054 civitatem
424 2981 637 3053 Bemensem·
649 2982 691 3053 de
707 2984 792 3071 iure,
817 2984 888 3053 sine
906 2985 995 3054 omni
1010 2985 1126 3054 iniuria
1143 2981 1217 3054 dicti
1235 2986 1377 3074 mulus,

240 3085 403 3175 recipere5
421 3090 454 3150 et
471 3081 531 3173 ipsi
549 3089 616 3152 tres
634 3081 697 3150 viri
708 3081 897 3150 auctoritate
907 3079 1169 3173 privilegiorum
1187 3082 1236 3151 eis
1254 3089 1289 3152 et
1304 3079 1377 3152 Er-

240 3177 438 3250 liacensibus
457 3201 475 3246 a
494 3176 578 3249 dicto
596 3179 713 3248 comite
731 3173 926 3250 deNidowe
944 3186 978 3247 et
994 3201 1013 3248 a
1031 3181 1100 3249 suis
1110 3173 1377 3271 progenitoribus

241 3276 401 3363 datorum„
419 3298 438 3345 a
457 3277 587 3344 civitate
604 3271 785 3346 Erliacensi
804 3273 888 3345 etde
900 3285 986 3346 terra
1003 3279 1106 3369 ipsius
1124 3278 1249 3348 comitis
1267 3273 1310 3346 ad
1321 3278 1377 3346 ci-

241 3377 375 3444 vitatem
391 3372 598 3444 Bemensem
614 3371 671 3441 vel
689 3371 785 3442 aliam
803 3393 840 3443 se
858 3370 960 3443 libero
979 3396 1053 3444 cum
1069 3369 1218 3444 omnibus
1231 3375 1301 3446 suis
1312 3396 1376 3444 re-

240 3466 302 3540 bus
313 3468 493 3542 transferre
515 3469 578 3557 [et]
599 3467 968 3560 incorumburgenses¹
987 3473 1088 3565 recipi
1098 3478 1282 3562 potuerunt
1295 3469 1376 3542 Ve-

240 3589 313 3637 rum
329 3569 391 3659 ipsi
408 3564 599 3638 Bemenses
618 3565 728 3637 divina
746 3569 851 3658 gratia
869 3565 987 3656 edocti
1006 3589 1079 3638 cum
1096 3565 1376 3640 omnibumilitate

241 3673 275 3734 et
291 3665 409 3734 iustitia
433 3665 539 3733 amati
562 3672 594 3733 et
617 3665 742 3753 munitiq
760 3663 830 3736 aliis
847 3663 1054 3758 petitionibus
1072 3662 1292 3758 predictorum
1310 3687 1376 3737 co-

240 3763 352 3831 mitum
370 3769 403 3831 et
421 3758 625 3831 dominorum
642 3759 893 3854 responderunt
911 3761 1076 3833 dicentes:
1100 3784 1135 3832 se
1152 3782 1220 3833 esce
1233 3773 1376 3851 paratos

239 3863 288 3929 od
302 3861 562 3948 respondendum
580 3861 700 3928 eisdem
718 3879 790 3928 cum
807 3857 922 3942 effecto
939 3865 1209 3948 etprootttotita'o
1219 3865 1375 3948 require-

240 3966 291 4025 ret
305 3965 337 4026 et
350 3961 435 4026 sicat
450 3959 531 4026 torta
548 3964 636 4026 esset.
653 3956 755 4027 Poma
773 3959 907 4026 comites
926 3967 960 4026 et
976 3956 1096 4028 domini
1114 3957 1230 4050 prelati
1240 3979 1374 4052 nequa-

240 4073 337 4147 quam
355 4063 448 4124 erant
465 4056 606 4124 contenti
623 4052 673 4125 his
693 4052 965 4127 satisfactionibus
984 4065 1017 4125 et
1032 4058 1203 4150 responsis
1214 4054 1374 4130 Bemen-

276 4182 306 4257 l)
320 4183 470 4257 burgenses
487 4199 517 4236 se
529 4181 611 4256 recipi
625 4183 665 4239 bs,
