2902 4820
267 193 340 268 630
441 193 620 252 bllNOlllTAll
639 193 828 252 FLORENle'l
849 193 957 252 uesta
976 187 1214 252 mittitotttttt.

268 369 399 444 territus
417 377 451 438 et
466 369 615 460 miratus,
636 367 721 464 quod
738 377 816 440 tune
831 388 897 440 non
915 366 1032 440 brisset
1050 366 1234 458 adanam,
1258 390 1276 438 a
1298 391 1369 462 qno-

266 469 342 540 dam
360 489 406 538 ex
422 464 611 556 barontus,
629 464 690 539 sibi
705 465 855 538 familiari
871 466 1045 560 plurimum
1063 475 1096 537 et
1112 469 1236 553 amieo„
1252 467 1306 537 vix
1319 463 1370 536 nb-

267 569 372 640 tinere
412 562 542 639 renibus
559 568 672 661 potuit,
690 575 724 636 nt
742 563 802 636 sibi
814 563 1371 661 pandereteonsiliisnspeotiseoe-

267 675 344 738 tam.
384 587 532 757 dumque
555 663 611 735 ille
633 673 822 752 sanasset,
857 661 943 757 quod
966 684 1041 734 oum
1063 660 1237 736 lombardi
1261 658 1299 732 de
1317 665 1371 734 suis

268 761 419 836 tortilitiis
435 758 638 835 confidentes
656 764 768 854 iugum
787 759 931 834 sibinen
948 770 1135 857 paterentar
1152 761 1290 856 imponi,
1311 783 1373 834 essa

269 869 435 950 suturam
453 869 489 930 ut
504 861 654 933 civitates
677 881 794 933 omnes
819 858 1051 951 redigerentur
1075 862 1109 932 in
1131 855 1276 950 burgos,
1292 859 1373 928 muris

267 955 475 1053 turribusque
493 957 680 1048 destruetis,
697 956 785 1052 quod
802 957 879 1030 dum
896 961 1031 1052 sapiens
1048 955 1284 1030 Cremonensis
1295 954 1374 1028 audi-

268 1061 327 1145 vit,
346 1078 386 1130 se
399 1054 441 1127 de
455 1053 595 1130 boonon
608 1077 726 1130 eurare
742 1054 827 1128 faeie
839 1057 1017 1146 simulavit,
1027 1054 1088 1130 sod
1098 1059 1214 1150 paneis
1225 1051 1375 1128 admodum

269 1153 385 1228 diebus
401 1152 524 1247 elapsis
542 1175 581 1226 se
598 1152 761 1226 infirmum
772 1176 851 1228 esse
862 1153 1027 1237 etlatuum
1041 1165 1137 1228 eante
1148 1153 1375 1228 linxitetutens

271 1252 411 1349 quadarn
429 1274 534 1324 eanna
552 1247 592 1322 nb
610 1273 675 1324 uno
689 1254 794 1346 eapite
812 1251 976 1347 usquead
993 1251 1376 1346 attemmperfoampa

268 1353 418 1425 civitates
436 1349 585 1442 singulas
603 1348 808 1423 discurrebat
824 1362 858 1422 et
874 1349 916 1423 ad
934 1353 1099 1424 civitatum
1117 1352 1297 1445 sapientes,
1311 1369 1375 1442 qnos

267 1448 354 1522 bene
371 1445 541 1538 nosceta,
559 1469 698 1521 eannam
714 1447 846 1523 auribus
864 1445 1061 1544 apponebat,
1085 1447 1161 1544 quid
1180 1457 1272 1520 esset
1287 1455 1376 1520 statn-

267 1559 334 1620 tum
351 1545 542 1640 significans
561 1544 712 1640 diemque
729 1545 972 1638 determinem,
999 1568 1063 1642 quo
1086 1546 1224 1638 singula
1250 1547 1375 1618 aviam

267 1642 408 1720 ballivos
437 1665 554 1718 omnes
585 1647 789 1740 imperatoris
823 1643 1021 1716 ooeiderent.
1077 1643 1193 1739 ltaque
1224 1641 1286 1715 boe
1309 1641 1377 1713 lacte

268 1745 430 1839 completo
446 1742 644 1816 Cremonam
661 1741 703 1812 ad
720 1742 958 1838 parlamentum
980 1765 1097 1816 omnes
1121 1739 1295 1814 lombardi
1309 1762 1376 1812 eon-

268 1846 406 1915 voniunt
435 1851 468 1914 et
497 1851 659 1931 statuunt„
689 1850 827 1912 utente
854 1845 963 1912 omnia
992 1839 1255 1914 Mediolanensis
1282 1839 1377 1910 eidus

268 1951 449 2034 reparetur.
486 1937 632 2012 Fuerunt
648 1949 758 2011 antem
772 1939 866 2034 primi
878 1940 911 2010 in
921 1942 1129 2034 reparatione
1139 1935 1376 2010 Cremonenses.

267 2036 380 2134 ltaque
397 2038 522 2114 fossata
540 2039 679 2111 eivitatm
697 2039 861 2110 eommuni
876 2037 998 2110 auxilio
1007 2033 1183 2112 lombardi
1201 2041 1377 2113 resonat,
1427 2105 1428 2116 ,

268 2145 302 2207 et
330 2159 375 2212 ex
401 2148 494 2232 perte
522 2137 677 2208 exteriori
705 2157 834 2207 mumm
866 2158 972 2230 usque
1000 2135 1042 2208 nd
1072 2133 1282 2229 superbeiem
1307 2141 1376 2202 tere

269 2243 409 2325 struunt,
433 2237 601 2308 civitatem
624 2243 753 2324 autem,
770 2239 879 2329 quam¹
900 2239 933 2305 in
951 2237 1141 2330 episcopatu
1155 2229 1376 2304 Mediolanensi

268 2343 510 2425 construxerat,
530 2353 636 2427 nsque
653 2331 695 2404 nd
712 2331 818 2404 solum
836 2331 1012 2405 eliminant.

318 2430 355 2504 ln
373 2443 520 2528 tempore
538 2440 647 2502 autem
667 2431 723 2505 illo
740 2429 1010 2506 Mediolanenses
1034 2441 1068 2503 at
1083 2430 1265 2504 Planentini
1281 2427 1377 2520 aliique
1426 2513 1427 2530 χ

267 2527 440 2602 Lombardi
467 2525 660 2625 quibusdem
690 2528 778 2603 villis
805 2540 838 2602 et
862 2532 1001 2620 eastris,
1024 2532 1078 2625 qui
1105 2531 1138 2600 in
1163 2539 1254 2602 terra
1271 2525 1377 2596 fuant

269 2625 504 2721 marchionum,
522 2625 675 2720 suadent,
693 2639 727 2700 nt
743 2625 786 2698 de
804 2650 842 2700 se
860 2630 1024 2700 civitatem
1042 2633 1286 2714 oonstruerent,
1300 2641 1376 2718 pan

266 2725 393 2800 fossato
410 2727 475 2798 alto
492 2725 718 2823 profundoque
736 2727 922 2818 cinxerunt,
932 2748 1072 2822 eamque
1090 2723 1299 2796 adhonorem
1309 2741 1375 2815 pape

267 2822 452 2896 Alexandri
468 2823 707 2899 Alexandriam
725 2837 941 2898 voeavertmt
968 2823 1062 2897 Hane
1078 2833 1190 2896 antam
1207 2843 1281 2894 eum
1293 2819 1375 2912 Papi-
1425 2899 1426 2908 p

267 2919 401 2994 ensibus
417 2925 594 3018 imperator
611 2920 748 2997 obsedit
800 2921 843 2994 Et
859 2947 932 2996 oum
949 2921 1028 2996 nibil
1047 2921 1236 3017 proflueret,
1253 2917 1375 3007 exmgi-
1425 2919 1426 2962 ι

266 3027 333 3090 tato
350 3019 486 3094 oonsilio
504 3023 672 3096 eunioulos
690 3019 1101 3110 saboemanaossotiteau,
1117 3039 1273 3115 perquoe
1284 3021 1374 3111 posset

265 3117 394 3210 ingredi
413 3121 588 3194 civitatem.
639 3120 686 3192 At
703 3123 796 3192 cives
814 3117 877 3191 boe
892 3123 1111 3214 preseientea
1139 3117 1202 3192 sed
1225 3118 1325 3190 laeum
1344 3109 1374 3180 ad

266 3237 363 3313 quem
381 3218 600 3311 irrumperent
608 3219 814 3311 ignorantes,
825 3240 942 3313 aquam
953 3218 1152 3306 ferventem,
1169 3215 1278 3288 oleum
1290 3232 1373 3306 pem·

266 3325 387 3388 verunt
414 3326 447 3387 et
473 3319 601 3409 pioem,
629 3327 663 3388 et
689 3325 814 3388 stantes
840 3319 954 3388 intenti
981 3313 1200 3411 expectabant
1228 3316 1372 3384 intrantes.
1424 3373 1425 3384 ,

266 3409 460 3484 Veientibus
479 3414 541 3486 illis
559 3417 753 3508 irrumpere,
771 3417 864 3486 aives
883 3413 1066 3486 sllirderunt
1084 3409 1269 3507 supradicta
1285 3407 1372 3480 omnia
1424 3403 1425 3450 l

266 3531 367 3605 super
385 3531 444 3583 eos
458 3522 491 3584 et
508 3512 626 3584 multos
647 3509 774 3586 nobiles
792 3510 1024 3600 Tbeotonieos,
1042 3519 1268 3606 exsequentes
1284 3505 1369 3601 plun'-

266 3631 357 3699 mos,
387 3621 600 3702 peremerunt
627 3631 670 3683 ex
699 3612 757 3683 eis.
808 3609 852 3682 Et
885 3614 959 3705 qnia
986 3609 1192 3696 lbeotonieis
1220 3609 1371 3700 imperator

265 3713 444 3797 iuraverat,
463 3706 592 3802 qnando
610 3729 723 3780 seeum
742 3708 878 3802 proleoti
896 3719 984 3797 sunt,
1002 3705 1088 3802 quod
1107 3729 1166 3780 eos
1184 3709 1369 3776 autmortns

264 3817 320 3878 ant
337 3809 435 3878 vivos
455 3809 485 3876 in
504 3809 668 3900 propriam
685 3816 806 3878 terram
823 3804 1011 3897 reduearea
1027 3801 1067 3876 ab
1078 3801 1307 3878 Alexandrinis
1317 3816 1368 3868 en-

264 3907 353 4000 petiit
370 3914 570 3976 mortuorum
588 3902 753 3976 eadavera
772 3901 831 3978 sibi
850 3902 932 3994 dari,
949 3907 1141 3999 promittens
1168 3924 1207 3978 se
1233 3895 1271 3971 ab
1292 3893 1367 3968 obsi-

264 4003 361 4076 dione
379 4024 525 4076 eeesare.
562 4001 657 4092 Quod
676 4013 708 4075 et
725 4004 844 4076 laetum
862 4014 923 4078 est.

312 4098 439 4174 Videns
458 4103 557 4193 igitur
574 4103 762 4196 imperator,
780 4100 864 4197 qnod
884 4100 1108 4178 Christianitaa
1126 4111 1190 4174 tota
1208 4089 1366 4172 domanda-

318 4220 347 4296 t)
364 4220 507 4296 imperator
525 4222 613 4282 dtirite
632 4223 689 4282 bier
708 4241 740 4284 aa
760 4229 894 4296 arginaen
914 4224 980 4284 sain.
