2900 4820
260 211 334 284 218
566 208 729 264 llA'lTHlAS
750 207 1087 266 nuewnnuuuaettsts

259 385 428 475 bohemie,
447 383 590 455 marobio
611 383 762 456 bloravie
780 383 1024 474 siliusBobamiq
1042 383 1343 458 eomesllollandie
1360 397 1386 456 et

261 485 350 556 inulti
369 484 582 554 dominorum.
618 483 686 552 Sed
704 493 837 576 propter
853 482 1012 556 desidiam
1029 487 1177 574 magistri
1196 483 1238 554 de
1256 485 1308 552 eis
1325 483 1388 554 dil-

262 581 404 669 bidentis7
425 603 499 652 oum
517 581 694 652 venissent
710 584 742 651 in
761 591 881 652 terram
897 579 1024 652 Litouie
1042 592 1075 652 et
1092 581 1259 654 diceretur
1274 603 1388 672 regem

261 678 387 751 Litovio
404 679 527 750 exalia
546 688 639 771 parte
656 683 860 770 ingressum
885 682 1015 752 reversi
1034 689 1110 750 sunt
1130 690 1164 750 et
1185 679 1310 750 inlecto
1327 702 1389 748 ne·
1426 743 1427 748 ,

259 779 355 867 gooio
378 787 599 848 reresserurrt.
651 774 699 845 Ob
724 799 821 870 quarn
850 777 1028 865 desidiam„
1059 777 1210 870 deposito
1233 781 1388 868 magistro

260 876 343 947 alter
360 875 463 948 virilis
481 883 533 945 est
550 871 740 948 substitutus
759 896 845 946 anno
863 874 983 946 domini
1000 875 1231 966 m.ooo.xl.[v.]

263 1045 410 1134 Qootitor
431 1065 536 1116 oonoos
556 1045 733 1116 llollondio
754 1045 879 1116 obsedit
897 1049 1057 1115 oiottotooo
1084 1045 1258 1116 Uoluriobt.

331 1195 467 1271 Eisdem
491 1194 607 1268 diebus
625 1195 824 1270 Wilhelmns
850 1220 962 1270 eomes
984 1196 1175 1289 Hollandiep
1204 1200 1337 1268 iuvenis
1360 1209 1389 1268 rt

260 1317 398 1382 rorone,
426 1294 527 1365 frater
555 1298 769 1389 imperatricis
798 1307 831 1366 et
853 1297 972 1387 regine
997 1295 1139 1386 Angliep
1168 1317 1278 1386 gener
1301 1295 1389 1366 druos
1426 1329 1427 1380 ῃ

260 1391 456 1482 Brabanoia
484 1415 646 1464 reversus
674 1417 693 1462 a
720 1394 873 1482 Prassia„
904 1395 1069 1464 civitatem
1097 1391 1267 1464 Uebtn'ebt
1292 1393 1389 1484 longo

261 1503 409 1585 ternpore
435 1513 508 1562 oum
531 1487 821 1562 innumerabilibus
847 1494 1004 1585 expensis
1029 1493 1062 1559 in
1085 1489 1195 1561 odium
1218 1489 1389 1562 Frisonum

261 1599 412 1684 potenter
435 1587 571 1660 obsedit.
623 1586 747 1676 Quibus
772 1587 832 1661 sibi
851 1611 925 1659 oum
943 1585 1134 1682 piibnsdam
1158 1591 1262 1682 pactis
1280 1589 1389 1658 reior-

262 1689 374 1774 matisq
405 1697 520 1780 postea
545 1683 683 1759 Fn'siam
710 1685 902 1778 ingrediens
926 1709 944 1755 a
969 1683 1160 1758 Frisonibus
1184 1695 1236 1759 est
1263 1689 1390 1756 oecisus

263 1781 376 1876 [1345
396 1795 478 1877 sept.
491 1781 566 1874 27].
619 1783 720 1855 Cuius
737 1785 883 1854 relictam
902 1783 943 1854 ad
961 1792 1089 1877 septem
1106 1805 1211 1855 annos
1230 1783 1318 1854 bbus
1334 1783 1390 1854 lo·

261 1881 377 1953 bannis
395 1880 566 1970 Bobemim
591 1903 703 1953 eomes
721 1883 754 1950 in
771 1879 994 1972 Ltizelnburg,
1019 1881 1111 1951 duxit
1127 1903 1279 1952 uxorem.
1315 1881 1390 1952 Sic·
1426 1917 1427 1920 ¹

261 2001 325 2073 quo
353 1978 472 2049 eodem
500 1989 665 2072 tempore„
696 1978 818 2050 scilieet
846 2001 932 2050 anno
960 1979 1079 2048 domini
1107 1979 1293 2050 rn.coo.xlv.
1318 1989 1389 2048 ante

261 2087 473 2171 autumpnum
490 2075 655 2170 predictus
675 2074 829 2148 Andreas
845 2097 909 2147 rex
925 2075 1047 2170 Apulia
1065 2085 1099 2147 et
1115 2098 1229 2148 eomes
1247 2076 1387 2148 Hollan-

263 2175 316 2245 die
332 2177 508 2268 perierunt.

334 2272 384 2342 Eo
402 2281 550 2366 tempore
568 2273 723 2364 gentiles,
747 2271 871 2344 seilicet
887 2272 996 2360 Turni,
1020 2274 1125 2364 quiet
1148 2282 1225 2343 ante
1248 2295 1385 2364 regnum

262 2370 423 2440 Armenie
440 2369 481 2440 ad
499 2370 668 2464 perfidiam
687 2379 879 2461 coegerant
903 2380 1009 2440 terras
1028 2369 1300 2460 Christianorum,
1322 2375 1388 2441 sri-

261 2468 338 2539 licet
355 2466 502 2560 Cyprum
518 2469 671 2556 insulam„
695 2466 826 2538 Roders
844 2466 1135 2561 Hospitolariorum
1154 2477 1187 2538 et
1205 2468 1288 2538 alias
1306 2471 1389 2537 vici-

262 2587 322 2636 nas
341 2575 499 2658 oeperunt
517 2567 653 2638 viriliter
675 2566 842 2636 infestare.
895 2562 1018 2654 Quibus
1036 2564 1171 2652 Veneti„
1197 2586 1262 2636 rex
1280 2563 1387 2658 Cypri,
1426 2573 1427 2614 l

261 2663 468 2756 Hospitalarii
488 2674 520 2733 et
537 2662 700 2734 aliivioini
712 2661 905 2734 Cirristioole
922 2666 1119 2735 restiterunt.
1149 2659 1278 2749 Quibus
1291 2667 1387 2733 eciam

260 2759 442 2854 Delphinus
460 2783 534 2831 oum
552 2758 798 2854 quadringentis
818 2764 923 2854 equis,
950 2762 1043 2855 quasi
1061 2757 1121 2832 sub
1139 2764 1274 2844 nomine
1298 2783 1389 2856 pape,
1426 2741 1427 2816 b

261 2860 293 2927 in
312 2855 491 2928 subsidium
508 2858 733 2929 transfretavit
753 2857 893 2948 [13451.
942 2860 1003 2946 Qui
1021 2856 1203 2952 prediotum
1220 2857 1386 2929 Andrean

260 2975 391 3045 regemp
409 2953 639 3026 consobrinum
658 2977 766 3044 suumq
784 2959 908 3048 reperit
924 2956 1116 3046 iugulatum.
1426 3001 1427 3094 p

1426 3095 1427 3152 l

261 3125 310 3195 De
329 3127 541 3194 ooortooiooo
557 3129 699 3194 orantum
719 3135 881 3196 rectorum
901 3135 934 3196 ot
952 3125 1147 3196 clericorum
1164 3131 1213 3198 od
1230 3131 1386 3200 socerdo-
1426 3157 1427 3250 p

357 3225 442 3292 mom
458 3242 521 3311 per
542 3227 728 3312 episcopum
748 3226 1025 3312 Arpentinonsom.

318 3369 481 3463 Tempore
499 3379 608 3440 autem
625 3369 795 3442 Benedioti
811 3393 896 3465 pape
914 3393 1000 3442 anno
1018 3370 1138 3443 domini
1157 3395 1388 3462 mesenum..

263 3463 398 3538 sabbato
416 3489 478 3560 quo
497 3477 644 3538 oontatm
662 3466 788 3540 Caritas
809 3468 981 3559 [iun.10]¹
997 3469 1285 3546 oumBerbtoldus
1304 3476 1388 3568 epis-

263 3587 364 3658 oopus
383 3563 640 3656 Argentinensis
660 3569 841 3638 monuisset
861 3589 977 3638 omnes
1002 3579 1150 3640 rectores
1175 3569 1386 3643 ecelesiarum

262 3671 296 3731 et
313 3663 395 3732 alios
413 3663 454 3732 ad
472 3661 698 3734 sacerdocium
717 3667 879 3754 astrictos7
896 3675 931 3736 ut
942 3665 983 3736 ad
995 3687 1108 3737 saeros
1120 3664 1257 3739 ordines
1270 3691 1387 3740 asnen—

265 3759 410 3851 derent,²
428 3769 461 3830 et
477 3759 519 3830 ob
535 3759 599 3831 boo
616 3759 876 3854 conspirantilms
901 3773 1013 3834 contra
1037 3785 1112 3832 eum
1131 3761 1330 3836 Gebehardo
1350 3763 1387 3831 de
1426 3775 1427 3788 ¹

264 3855 405 3949 Fribnrg
425 3861 602 3953 preposito7
631 3857 782 3929 Conrado
807 3859 848 3929 do
867 3859 978 3932 llirkol
1004 3859 1222 3951 thesaurario,
1248 3875 1282 3935 et
1305 3863 1386 3957 qnasi

316 4006 345 4072 1)
372 4023 441 4062 auno
463 4036 495 4044 -
515 4006 616 4062 Caritas
637 4007 702 4062 leblt
722 4007 746 4061 in
767 4007 794 4062 B.
814 4008 868 4064 und
887 4009 922 4064 ist
941 4014 1052 4078 ergb'nut
1070 4026 1117 4063 aiis
1137 4008 1180 4078 A,
1199 4028 1245 4065 wo
1268 4011 1384 4079 attigas

263 4077 310 4131 das
330 4076 387 4130 bier
405 4077 613 4132 vorlrommeude
632 4077 780 4146 obgeldirzt
800 4079 842 4146 ist
860 4081 988 4135 witbrend
1008 4097 1037 4134 es
1051 4080 1076 4134 in
1093 4079 1140 4133 der
1152 4079 1215 4136 Vita
1232 4084 1329 4152 genade
1342 4079 1387 4131 mir

264 4147 290 4202 in
310 4147 337 4200 Β.
357 4149 434 4202 stelit.
470 4147 502 4216 2)
521 4148 583 4216 Vgl.
603 4149 647 4204 die
665 4150 897 4220 synodalstntuten
916 4151 1056 4208 bertholde
1075 4165 1136 4208 vom
1158 4151 1200 4208 19.
1217 4153 1263 4210 iuli
1284 4153 1346 4210 1335
1363 4151 1386 4204 in
1426 4159 1427 4224 l

266 4219 382 4274 llartene
401 4219 478 4275 Thes.
491 4220 518 4290 4,
537 4220 686 4276 529-556.
1426 4225 1427 4228 ’
