3012 4820
273 195 344 270 622
446 191 623 250 nmoauna
643 189 834 250 mouumnu
852 191 959 250 Gsstiid
980 189 1224 250 tueantuonun.

271 371 490 442 transiturum.
521 366 710 442 'Accensae
741 379 793 442 est
813 368 929 465 'itaque
959 369 1045 461 ignis
1073 387 1214 459 magnus
1248 361 1402 437 tredecim

271 466 390 564 pedum
410 467 462 540 die
481 472 629 558 veneris,
648 478 681 539 at
697 477 825 540 astante
849 468 969 562 populo
996 476 1030 539 et
1054 464 1199 561 pturuas
1229 463 1402 536 bamnibus

272 567 403 656 Petrus,
420 564 567 660 deposita
592 568 698 637 tunica
726 576 768 636 et.
784 589 873 659 genu
896 566 985 637 nexo
1005 567 1153 636 oratione
1172 563 1212 634 ad
1240 563 1404 634 dominum
1449 643 1452 652 Δ

272 665 356 735 iacta
375 686 472 734 manu
490 663 668 758 predictam
693 663 842 735 lanceam
869 674 1009 752 tenensa
1038 663 1154 734 iiiesus
1179 683 1240 755 per
1263 659 1404 734 medinm

271 765 384 854 ignem
401 765 561 834 transivit.
596 759 648 832 De
665 783 733 856 quo.
747 760 942 834 certificatus
961 761 1102 855 populus
1129 770 1165 830 et
1180 780 1347 830 accensas
1367 756 1406 826 ad

272 883 365 933 suam
390 862 689 954 peregrinationem
714 858 961 955 complendam,
987 858 1050 929 deo
1079 857 1253 950 magniiice
1283 859 1405 948 gratias

271 956 495 1048 reddiderunt,
513 967 545 1028 et
563 979 636 1028 cum
655 979 776 1049 magno
804 956 927 1048 gaudio
954 957 1072 1029 dictum
1096 953 1228 1031 Petrum
1257 955 1406 1026 honora-

272 1067 401 1127 verunt.
436 1057 497 1144 oct
515 1066 590 1150 post
608 1077 731 1150 paucos
750 1054 820 1128 dies
844 1054 1017 1127 defunctus
1042 1078 1060 1126 a
1087 1053 1217 1127 dominc
1245 1075 1308 1124 sue
1336 1051 1407 1124 iudei

136 1235 138 1238 ,
272 1155 416 1225 celerem
433 1157 730 1227 remunerationem
748 1157 885 1247 accepit
903 1157 954 1224 cui
979 1163 1034 1234 est¹
1054 1151 1158 1222 honor
1183 1161 1217 1220 et
1241 1152 1348 1243 gioria
1377 1154 1405 1220 in

272 1251 384 1326 semla
402 1251 603 1346 secutorum,
620 1253 736 1323 Amen.
763 1249 902 1324 Inventa
921 1262 973 1322 est
991 1251 1105 1322 iancea
1124 1269 1211 1320 anno
1230 1249 1406 1321 millesimo

272 1353 491 1442 nonagesimo
510 1371 607 1425 nono.
1282 1397 1288 1406 -

320 1449 490 1540 Peregrini
516 1458 548 1518 et
571 1457 657 1520 totus
685 1450 851 1519 exercitus
881 1451 924 1518 in·
949 1446 1111 1519 Christum
1140 1455 1173 1515 et
1199 1448 1231 1515 in
1257 1445 1406 1517 lanceam

272 1547 372 1640 ipsius
391 1544 550 1618 habentes
568 1544 731 1634 fiduciam,
749 1568 809 1640 per
827 1543 963 1634 Achon,
988 1567 1053 1640 ¹que
1079 1542 1293 1615 Thalamaida
1312 1543 1407 1614 dice·

270 1641 376 1734 hatur,
393 1653 559 1715 venerunt
576 1642 766 1734 Cesaream.
798 1642 859 1715 Ubi
871 1665 943 1714 cnm
956 1653 1082 1732 essent„
1095 1644 1255 1735 accipiunt
1270 1642 1406 1726 coium,-
1480 1725 1481 1728 Ἴ

270 1739 345 1812 ham
364 1743 531 1814 volantem
549 1739 729 1833 deiectam,
758 1739 930 1812 habentem
950 1740 1078 1834 ‚litteras
1105 1742 1196 1832 regis
1228 1738 1405 1832 Accinarou
1480 1769 1481 1819 ι

270 1839 389 1930 ligatas
406 1843 493 1910 circa
512 1861 563 1928 sea
582 1837 666 1910 hanc
683 1843 878 1912 sententiam
892 1843 1117 1911 continentes:
1144 1839 1216 1908 nec
1234 1839 1407 1908 taenaron
1480 1893 1481 1900 ,

271 1940 350 2006 duci
362 1939 499 2010 Cesarea
508 1941 653 2009 salutem.
674 1941 984 2009 deuteronomium
1000 1941 1091 2026 ιιιιιῗι,
1103 1949 1184 2026 pens
1193 1941 1409 2008 cantarnaco.

272 2041 388 2106 coatm
414 2054 495 2124 pum
515 2055 578 2124 per
604 2045 634 2107 tc
658 2045 690 2106 et
706 2055 769 2125 per
796 2039 882 2107 attor
909 2039 1011 2124 tepent
1029 2044 1116 2108 mam
1133 2034 1284 2118 defende.
1320 2035 1408 2103 irtam
1480 2055 1481 2126 ι

270 2135 690 2206 commendacionem.
741 2133 905 2206 Scidanus
927 2143 1035 2206 ιιιιῑιιιιι
1053 2131 1188 2228 Egypu
1207 2135 1261 2226 qni
1294 2143 1407 2205 contra

271 2229 450 2304 Saldanmn
469 2229 510 2302 de
524 2231 660 2304 Perside
672 2231 864 2326 Christianis
879 2231 1034 2306 auxilium
1046 2234 1253 2325 promiserat,
1274 2235 1302 2302 si
1322 2233 1408 2301 viri-

271 2328 344 2400 liter
361 2340 474 2401 contm
492 2351 565 2400 eum
583 2333 616 2400 in
629 2328 800 2402 obsidione
811 2327 985 2402 Antiochia
997 2332 1203 2418 resisterent„
1223 2325 1405 2400 etiibermn

271 2447 443 2499 necessum
470 2429 501 2499 in
526 2424 709 2507 Ierusalem
732 2437 807 2520 post
834 2429 1003 2498 victoriam
1027 2430 1224 2521 promiserat
1249 2437 1284 2498 et
1312 2450 1330 2499 s
1376 2447 1405 2496 ιιι

270 2523 409 2596 dederet
434 2523 624 2618 pacificandi
652 2547 725 2596 cum
755 2527 817 2613 eis,
845 2527 982 2598 mutavit
999 2527 1193 2596 sententiam
1212 2448 1402 2597 coneedddrs

270 2620 389 2712 sclua,
421 2621 505 2716 qaod
532 2621 661 2696 ducenti
686 2623 740 2694 vei
770 2626 906 2695 trecenti
933 2625 1005 2699 sine
1031 2625 1130 2696 armis
1158 2625 1189 2693 in
1220 2621 1404 2694 Ierusalem

269 2721 365 2814 irent,
395 2719 532 2792 attacta
557 2723 704 2794 oratione
732 2731 806 2814 post
829 2731 897 2792 tres
928 2719 999 2793 dias
1022 2720 1177 2791 redirent.
1211 2720 1307 2807 Quod
1332 2741 1404 2792 eum

269 2816 439 2890 audissent
457 2817 599 2890 barones
613 2829 647 2890 et
662 2821 843 2908 exercitus„
858 2817 1076 2889 vehementer
1090 2817 1247 2910 indignati
1266 2839 1405 2889 reman-

269 2913 433 2986 daverunt
450 2919 480 2986 ei
498 2939 559 3009 per
575 2921 705 2988 nuntios
723 2921 807 3005 eius„
834 2914 919 3010 quod
941 2917 1001 3010 ipsi
1020 2938 1136 2988 omnes
1154 2921 1271 2988 armati
1291 2927 1401 2987 contra

268 3013 561 3086 eiua‘voluntatem
591 3018 676 3086 irent
701 3025 734 3085 et
765 3012 807 3084 ibi
833 3024 1023 3086 manerent.¹
1049 3013 1162 3086 Saluta
1193 3037 1278 3107 ergo
1309 3011 1403 3084 obsi·

268 3107 366 3182 dione
399 3113 537 3183 civitatis
568 3111 790 3206 Tripolitanep
823 3115 955 3185 iverunt
993 3133 1109 3184 omnes
1145 3111 1185 3182 ad
1220 3111 1402 3186 Ierusalem

268 3206 491 3280 obsidendam.
540 3209 583 3280 Et
612 3206 784 3281 obsessam
810 3220 969 3304 ceperunt
992 3232 1079 3281 anno
1114 3207 1154 3280 ab
1179 3213 1400 3284 incarnatione

268 3303 387 3376 domini
422 3305 597 3380 millesimo
627 3309 845 3398 nonagesimo
877 3315 985 3397 nono,
1017 3308 1140 3402 elapsis
1175 3305 1277 3382 tribus
1308 3310 1399 3378 annis

268 3425 286 3472 a
317 3412 464 3498 tempore
490 3428 554 3502 quc
578 3427 676 3477 cruca
700 3407 821 3496 signati
853 3402 895 3474 de
921 3404 1059 3476 Francia
1093 3409 1302 3500 arripuerunt
1332 3407 1399 3488 tter,

268 3498 407 3573 sedante
434 3503 465 3572 in
496 3501 579 3574 sede
608 3502 756 3573 Romana
790 3499 936 3574 secundo
964 3501 1126 3594 Gregorio
1156 3525 1261 3598 papa,
1294 3505 1399 3597 impe-

267 3609 361 3669 rante
384 3603 416 3670 in
441 3600 614 3671 Alamania
643 3597 786 3670 Henrico
816 3609 941 3692 quarto,
967 3603 997 3670 in
1022 3600 1304 3696 Constantinopoli
1334 3605 1399 3671 im·

267 3707 404 3789 perante
429 3696 564 3786 Alexim
588 3701 619 3767 in
646 3719 753 3789 ragrro
780 3696 918 3768 Francia
950 3709 1113 3790 regnante
1136 3697 1308 3795 Phyiippo.
1364 3695 1399 3766 m.

138 3848 142 3855 ,
268 3791 386 3865 eodem
408 3816 508 3884 anno,
527 3815 590 3889 quo
608 3797 724 3866 civitas
743 3804 835 3889 capta
847 3805 910 3885 eeta
929 3793 1070 3868 barones
1081 3799 1249 3869 exercitus
1260 3813 1397 3889 regnum

268 3888 564 3964 ierosolimitanam
583 3895 745 3963 communi
764 3913 929 3965 consensu
947 3890 1108 3974 dederunt
1132 3892 1303 3966 Gotiiredo
1330 3891 1396 3965 dard

268 3985 468 4081 lotaringia
490 3993 542 4083 qui
561 3993 645 4060 inter
661 4011 778 4060 omnes
796 3991 878 4061 aiios
895 3988 1038 4065 barones
1056 3996 1087 4062 in
1105 3997 1247 4084 negocio
1266 3997 1329 4066 isto
1346 3995 1395 4062 in-

268 4097 386 4158 ventus
403 4099 461 4160 'est
491 4086 620 4180 probior
647 4095 680 4158 e't
710 4086 845 4160 iidelior.
896 4087 1087 4184 Eodemque
1118 4103 1204 4162 anno
1235 4087 1393 4186 sequenti,

267 4183 390 4258 scilicet
423 4185 594 4258 millesimo
619 4187 817 4282 centesimo7
841 4183 1013 4262 desunt-tus
1038 4199 1097 4261 est.
1141 4187 1184 4260 Et
1208 4188 1392 4264 substitura
