3010 4822
443 195 617 256 flammeos
637 197 893 258 nunnonronsts
1162 201 1230 276 521

104 399 244 466 magnus
262 378 294 447 in
312 387 417 448 estate
444 397 504 469 por
525 377 607 448 duos
629 399 763 448 menses
783 377 839 448 vel
857 379 955 466 circa,
971 401 1112 450 cursum
1138 399 1234 472 suurn
1251 397 1320 454 1333
1344 466 1358 472 „

104 472 274 564 dirigendo
289 473 469 545 oboriente
484 477 516 546 in
527 474 731 546 occidentem
745 485 778 544 et
794 477 879 546 circa
891 476 1118 568 crepusculum
1130 479 1234 548 noctis

102 573 238 644 rutilans
259 569 445 666 apparebat.
480 571 522 644 Et
539 571 713 644 Heinricus
737 571 1002 666 archiepiscopus
1020 571 1233 666 Mogontinus

102 680 153 742 est
180 668 345 742 admissus
374 668 416 739 ud
445 672 694 764 possessionem
722 667 870 742 eiusdem
898 669 1060 762 ecclesiea
1089 693 1151 764 qua
1180 669 1234 742 diu

101 776 262 840 caruerat.

149 866 250 938 Anno
268 865 389 937 domiui
406 869 669 940 mcccxxxviii.
694 889 815 960 magna
840 865 1001 940 discordia
1026 869 1127 940 oritur
1150 871 1235 940 inter
1250 886 1320 944 1338

99 964 281 1058 Philippum
305 985 422 1056 regem
440 963 579 1036 Francia
597 975 631 1036 et
646 963 849 1036 Edwardum
866 987 983 1056 regem
1001 963 1139 1058 Anglim
1159 969 1233 1061 quia

99 1061 265 1157 predictus
289 1084 352 1132 rex
374 1061 499 1154 Anglie
525 1061 683 1156 quasdam
708 1074 815 1135 terras
842 1066 921 1136 sitas
946 1066 977 1133 in
1003 1063 1109 1134 littore
1133 1066 1232 1137 maris

101 1161 247 1251 Anglici,
272 1159 426 1232 videlicet
449 1159 702 1250 Normanniama
725 1159 924 1232 Britanniam
949 1159 983 1231 ei
1005 1159 1232 1252 wasconum„

99 1257 154 1328 diu
180 1268 356 1352 occupatas
386 1261 556 1332 retroactis
584 1255 784 1354 temporibus
808 1260 914 1330 minus
939 1261 1024 1330 iuste
1047 1281 1107 1352 per
1130 1280 1232 1352 rages

99 1355 252 1446 Francis,
265 1377 464 1450 recuperare
477 1352 618 1430 volebat.
636 1355 679 1429 Et
691 1379 765 1428 cum
779 1353 840 1428 boc
853 1353 933 1428 dixit
945 1379 1086 1448 regnum
1095 1354 1233 1429 Francis

98 1453 139 1525 ad
157 1476 197 1528 se
215 1450 407 1526 devolutum
424 1465 576 1548 tanquam
595 1453 636 1526 ad
650 1456 883 1549 proximiorem
901 1452 1068 1526 heredem.
1086 1451 1153 1525 lste
1171 1477 1234 1526 rex

98 1553 232 1624 iuvenis
255 1549 362 1624 adhuc
385 1555 458 1645 quia
483 1554 611 1624 circiter
634 1556 764 1644 triginta
788 1573 970 1642 annorum,
995 1553 1127 1645 sapiens
1151 1575 1233 1646 pru-

97 1651 203 1737 dens,
228 1649 330 1722 virilis
355 1659 387 1721 et
410 1647 649 1730 fortunatusin
673 1648 786 1738 bellis„
809 1671 951 1742 regnum
975 1648 1147 1722 Scotorum
1173 1648 1233 1722 sibi

98 1746 279 1836 subiciens,
298 1758 408 1818 contra
425 1769 542 1838 regern
559 1747 698 1820 Francia
716 1747 872 1819 auxilium
891 1749 995 1841 querit
1012 1744 1052 1816 ab
1066 1745 1233 1819 Alaman-

96 1849 163 1934 nis,
181 1843 314 1939 propter
336 1843 422 1940 quod
440 1843 619 1918 maximum
636 1845 825 1918 thesaurum
849 1848 881 1915 in
899 1845 1107 1916 Alamaniam
1130 1847 1231 1917 mittit

97 1942 196 2016 Unde
216 1945 356 2014 veniens
379 1945 411 2014 in
430 1942 637 2014 Alamaniam
654 1967 694 2018 se
712 1941 939 2015 confederavit
961 1965 1036 2014 cum
1053 1937 1233 2014 Ludewico

96 2038 245 2135 predicto
262 2041 294 2110 in
312 2039 514 2112 Confluentis
540 2039 682 2113 diocesis
699 2041 920 2112 Trevcrcnsis
939 2041 1067 2135 [sept.].
1102 2037 1145 2111 Et
1161 2038 1232 2111 Lu-

97 2139 250 2210 dewicus
268 2140 420 2230 promittit
437 2142 467 2208 ei
486 2140 645 2210 assistere
662 2149 773 2210 contra
791 2160 908 2230 regem
922 2137 1074 2223 Francis,
1091 2160 1150 2230 pro
1168 2160 1233 2231 quo

96 2238 252 2330 promittit
269 2238 300 2305 ei
317 2235 519 2324 thesaurum,
541 2235 696 2308 videlicet
718 2245 832 2330 quater
855 2237 979 2308 centies
1002 2233 1101 2306 millia
1126 2233 1232 2307 flore-

95 2355 215 2406 norum
234 2355 441 2425 magnorum,
459 2337 551 2405 cuius
569 2345 695 2428 partem
713 2331 810 2404 dedit.
845 2331 1001 2404 Similiter
1018 2341 1051 2404 et
1068 2333 1231 2426 principes

95 2431 274 2504 Alamanie
301 2441 334 2500 et
361 2434 504 2502 maxime
531 2431 718 2505 inferiorum
747 2434 885 2525 partium
914 2429 1095 2502 subsidium
1123 2428 1230 2502 eidem

95 2531 172 2620 regi
189 2531 386 2622 promittunt.

145 2627 268 2697 lterum
287 2625 372 2697 idern
389 2624 588 2698 Ludewicus
607 2629 809 2724 sollempnes
829 2630 958 2700 nuntios
977 2628 1069 2697 mittit
1085 2623 1127 2696 de
1144 2647 1230 2698 con-

93 2727 170 2800 silio
199 2725 379 2818 principum
413 2723 454 2794 ad
480 2748 598 2819 popam
623 2725 837 2798 Benedictum
872 2748 931 2821 pro
957 2721 1229 2796 reconciliatione.

93 2820 221 2911 Quibus
245 2823 318 2892 sine
341 2821 407 2893 bne
427 2825 576 2895 reversis
600 2825 632 2893 in
650 2823 858 2895 Alamaniam
882 2825 1045 2918 principes
1067 2819 1230 2894 electores

92 2921 222 3016 imperii
233 2923 445 3010 conveniunt,
463 2930 497 2991 et
512 2943 573 3014 per
585 2923 765 2992 iuramenta
784 2945 845 2994 sua
857 2919 1018 2992 diliniunt:
1037 2921 1126 3008 quod
1141 2922 1231 2990 elec-

92 3029 146 3092 tus
164 3022 199 3088 in
216 3035 325 3106 repom
341 3020 561 3112 Ronmnorum
584 3039 608 3089 o
630 3024 751 3092 maiori
763 3029 862 3108 porte
879 3021 1065 3108 stipantium
1082 3019 1230 3104 equalem

87 3121 284 3208 potestatem
306 3117 428 3188 bobeot
444 3117 483 3186 'tn
499 3120 783 3188 administratione
800 3119 930 3206 imperii
951 3119 1036 3186 sinn
1052 3119 1231 3206 imperator
1275 3197 1278 3204 Ι
1408 3199 1411 3206 .

91 3219 286 3302 coronans,
314 3224 348 3284 et
374 3217 561 3308 promittunt
587 3215 716 3286 insimul
744 3213 806 3288 hoc
832 3217 883 3286 ius
910 3209 1092 3284 delendere
1117 3221 1229 3283 contra

90 3331 272 3408 personam
290 3333 526 3408 quamcunque.
558 3310 629 3384 Hec
646 3312 789 3384 definitio
806 3313 986 3408 principum
1005 3307 1230 3408 sollempniter

90 3409 255 3504 publicata
280 3420 332 3480 est
352 3409 471 3480 eodem
489 3432 575 3481 anno
598 3409 639 3480 de
664 3432 781 3484 mense
806 3412 936 3502 augusti
962 3411 993 3479 in
1010 3405 1231 3480 Frankeniurt

93 3511 189 3600 [aug.
208 3506 248 3596 8]
268 3517 301 3578 et
318 3505 511 3578 diffinititum
534 3517 586 3579 est
608 3529 670 3602 per
686 3512 849 3602 principes
874 3500 915 3578 ibi
933 3517 1011 3578 tunc
1029 3509 1228 3578 existentes:

90 3609 184 3695 pacet
199 3608 394 3694 pomumque
411 3609 452 3676 dc
469 3615 576 3677 cetero
594 3609 698 3695 ipsum
715 3609 922 3677 ludewicum
939 3613 1024 3676 tenet
1039 3623 1229 3676 excommu-

58 3779 62 3785 ,
90 3709 247 3792 nicetem,
271 3707 407 3792 outqni
423 3713 530 3774 cesant
543 3725 568 3774 e
590 3707 710 3774 divinia
727 3713 864 3795 propter
885 3705 1060 3774 sententias
1078 3704 1229 3792 papales,

85 3805 509 3892 proscriptusaitcorporc
526 3806 607 3874 etin
625 3804 729 3874 rebus.
1159 3807 1163 3815 “

138 3898 269 3972 Eodem
288 3920 376 3970 anno
393 3899 533 3972 edictum
551 3909 615 3990 est7
633 3912 668 3973 ut
683 3901 792 3976 nullus
810 3902 922 3973 literas
940 3895 1031 3972 sedis
1049 3894 1233 3990 apostolice

89 3998 227 4092 recipiat
243 3997 299 4067 vel
320 4007 502 4090 exequatur
518 4001 589 4070 sine
607 3999 737 4072 licentia
756 4001 1006 4071 diocesanorum
1021 3993 1094 4066 loci.

140 4095 191 4166 Eo
209 4105 357 4190 ternpore
371 4092 616 4168 innumerabilis
634 4098 801 4170 multitudo
813 4099 1013 4169 locustarum
1031 4090 1071 4162 ab
1088 4094 1227 4172 oriente„

91 4191 247 4266 videlicet
274 4189 315 4264 ab
344 4191 490 4287 Ungaria
519 4197 668 4269 veniens
686 4218 747 4294 per
773 4195 981 4284 bawariam,
1009 4189 1168 4262 Sueviam
1196 4200 1240 4266 et-
