2960 4832
374 227 892 288 muucosnnnrnssnunovnn.
1161 233 1205 305 01

82 411 110 470 ta
125 408 259 494 paloor
275 421 339 494 pro
355 421 439 493 rege
455 399 691 490 Romanorum„
711 398 881 473 subitanea
898 409 1002 472 morte
1020 395 1105 472 obiit
1123 399 1211 476 Dum
1227 409 1297 474 tart

84 506 231 568 venabrrn
241 499 307 568 iret
318 495 788 592 etsedcbatinpalelredosuo
806 496 891 569 bene
903 496 1088 570 ambulante
1105 521 1210 594 para-

82 595 144 666 lisis
160 615 237 664 eum
254 599 376 687 tetigit,
394 598 485 667 etsie
495 593 601 668 subito
614 598 815 690 exspiravit3
832 596 980 690 sepultus
998 598 1031 667 in
1047 593 1210 670 Monacho

82 714 134 786 pro
144 701 219 763 tuno
234 695 270 762 in
281 693 409 788 capella
421 703 534 768 sancte
541 691 646 764 blarie
658 715 755 787 quarn
765 695 837 786 ipse
848 692 1054 766 fundaverat.
1071 691 1212 789 Insuper

82 789 170 860 aliurn
187 790 299 861 locum
317 788 466 862 fundavit
482 811 580 885 quem
604 790 781 885 appellavit
797 793 841 860 irn
858 789 945 880 Etal,
969 790 1001 861 id
1019 800 1072 862 est
1087 792 1211 864 vollem

82 889 278 978 maumonii,
298 899 333 960 et
342 887 384 958 ibi
396 887 514 960 milites
525 884 684 959 habentes
697 908 819 960 uxores
837 887 1001 980 legitimas
1019 891 1154 962 instituit
1169 888 1212 962 ad

83 985 262 1078 exemplum
270 985 394 1056 domini
408 989 474 1080 ‚qui
485 989 590 1079 primo
597 988 836 1056 matrimonium
846 989 879 1056 in
889 984 1055 1080 paradyso
1065 988 1211 1078 instituit,

84 1084 236 1176 accipiens
247 1082 400 1154 ordinem
411 1081 624 1176 approbatum
633 1103 700 1153 non
712 1080 961 1156 volensbabere
968 1081 1212 1178 approbandum

83 1199 135 1272 per
150 1178 276 1251 sedem.
296 1179 371 1251 Nec
386 1179 445 1251 luit
461 1177 630 1252 absolutus
648 1201 709 1274 per
726 1180 915 1270 ecclesiam,
943 1191 977 1253 et
993 1180 1098 1274 qualis
1115 1180 1213 1254 luerit

87 1273 244 1372 apparebit
259 1281 296 1349 in
312 1281 558 1352 resurrectione
575 1281 748 1349 communi.

86 1427 243 1517 Quomodo
249 1438 411 1518 percepto
422 1401 843 1499 morteLudcroiciKorolus
859 1433 919 1500 ioa't
933 1449 1006 1500 cum
1015 1451 1077 1500 aaa
1092 1434 1212 1507 militie

170 1533 216 1599 od
238 1532 388 1598 ciuitates
406 1529 519 1616 plures
541 1530 670 1616 regales
693 1535 726 1596 et
746 1527 790 1594 ob
813 1530 893 1614 apsis
915 1525 1143 1611 favorabiliter
1166 1539 1214 1601 eat

169 1633 336 1714 receptam
354 1628 515 1714 quomodo
532 1625 714 1694 ciuitatibus
720 1624 835 1694 Sueoic
851 1628 984 1713 sempsit
1001 1634 1037 1699 at
1050 1628 1113 1696 sibi
1129 1627 1210 1698 obe-

171 1723 1210 1814 direru5quetordontesrecuaobont,ecquomodorespoadcbont.

136 1855 231 1926 Anno
255 1865 369 1926 autem
391 1853 537 1948 predicto
559 1853 667 1942 xlvii,
690 1855 721 1923 ii.
739 1851 812 1925 idus
830 1851 971 1928 octobris
989 1853 1131 1929 Karolus
1148 1879 1211 1932 rex

87 1955 217 2046 percepit
238 1974 331 2024 nova
356 1950 397 2021 de
422 1961 526 2023 morte
549 1949 717 2022 ludewici
741 1948 875 2044 predicti
900 1974 974 2022 cum
1001 1955 1211 2028 transivisset

89 2047 192 2119 silvam
201 2048 424 2120 Bubemorum
442 2069 516 2119 cum
533 2059 634 2140 gente
645 2071 716 2120 sua.
733 2045 777 2117 Et
793 2047 867 2118 ideo
885 2049 1037 2144 applicuit
1054 2056 1208 2126 cuiusuis

88 2165 193 2218 versus
204 2146 433 2240 Ratisponam,
449 2155 566 2240 petens
585 2156 619 2216 ut
636 2141 697 2218 sibi
714 2143 901 2216 fidelitatem
918 2147 1209 2241 tanquamllorna-

90 2263 189 2314 noram
210 2247 285 2335 regi
310 2242 466 2314 facerent.
491 2241 584 2330 Quod
602 2253 635 2314 et
651 2242 811 2314 lecerunt.
834 2239 924 2314 Misit
941 2248 1045 2314 eciam
1062 2243 1104 2316 ad
1127 2246 1207 2320 alias

90 2342 222 2412 civitates
239 2341 382 2431 suevis,
399 2350 434 2410 ut
451 2336 512 2413 sibi
528 2339 708 2411 obedirent.
726 2338 819 2426 Quod
836 2337 1034 2411 recusabant
1049 2363 1109 2435 pro
1120 2353 1208 2434 tunc,

91 2433 234 2510 dicentes:
245 2459 280 2508 ce
292 2443 399 2527 ipsum
410 2445 598 2526 recepturos
603 2446 777 2528 postquam
790 2441 959 2528 principes
965 2441 1119 2510 electores
1130 2445 1211 2530 ipssa

90 2535 254 2624 scaterent,
280 2540 372 2625 qaod
386 2539 491 2625 ipsum
505 2556 579 2625 pro
595 2556 672 2626 repe
689 2537 850 2606 baberent.
873 2534 952 2606 Rex
968 2557 1051 2608 vero
1068 2535 1209 2614 Karalus

92 2637 236 2726 tanquam
253 2637 389 2727 sapiens
408 2655 482 2704 cum
500 2657 559 2706 sua
577 2633 694 2704 mibcia
712 2635 771 2704 ivit
787 2654 908 2705 versus
919 2630 1128 2728 Babeuberg.
1147 2637 1209 2724 Qui

91 2727 180 2819 ipsum
196 2752 254 2824 pro
270 2752 357 2822 rege
367 2729 591 2803 Romanorum
608 2739 813 2823 receperunt.
831 2728 874 2800 llt
884 2734 1059 2825 episcopus
1070 2731 1208 2804 Boben-

91 2819 245 2916 bergcnsis
270 2826 334 2900 sibi
350 2826 537 2899 fidelitatem
554 2831 704 2922 prestitit
728 2831 782 2921 qui
798 2826 857 2898 fuit
873 2838 968 2900 natus
985 2827 1028 2899 de
1046 2827 1206 2906 nobilibus

92 2919 125 2989 de
139 2921 295 3017 Hobcle
319 2947 476 2996 unacum
500 2929 568 2999 suis
593 2927 849 3016 consanguineis
873 2927 927 3020 qui
949 2927 1039 2998 multi
1064 2939 1159 3000 erant
1175 2939 1209 2999 et

93 3029 232 3108 potentes.
255 3022 352 3110 Quod
369 3033 458 3116 patct
475 3044 578 3095 exeo
596 3027 669 3117 quia
686 3023 788 3094 frater
810 3022 945 3115 predicti
968 3027 1113 3117 episcopi
1136 3035 1207 3097 erat

94 3123 255 3210 prepositus
280 3121 425 3192 ecclesie
449 3119 710 3214 Herbipolensis,
735 3123 787 3214 qui
811 3122 918 3212 ipsum
941 3132 1150 3214 receperunt,
1175 3133 1207 3192 et

95 3211 198 3288 electus
205 3216 409 3289 concorditer
418 3221 452 3287 in
460 3216 942 3312 episcopumHerbipolensernq
954 3227 987 3287 et
995 3217 1084 3288 illam
1091 3219 1206 3290 eccle-

96 3311 160 3382 sian
169 3325 274 3386 contm
287 3313 833 3408 sedemapostolioannocoupavit¹.
851 3313 1030 3409 Nampapa
1051 3314 1205 3388 Clemens

97 3409 130 3476 u'.
144 3409 222 3483 illam
238 3413 416 3485 ecclesiam
433 3414 566 3484 contulit
588 3413 718 3484 domino
731 3410 869 3484 Alberto
887 3415 994 3484 comiti
1012 3412 1053 3484 de
1064 3413 1206 3486 Hoben-

96 3497 163 3598 berg
177 3532 256 3582 anno
274 3510 397 3580 donuni
413 3533 456 3581 m.
469 3534 535 3582 coc.
546 3511 616 3583 xlv.
635 3514 669 3581 in
687 3511 799 3601 vigilia
820 3514 924 3584 sancti
940 3510 1029 3584 Luce
1047 3535 1206 3609 evangp-

97 3597 155 3672 listc
172 3608 243 3695 [oct.
256 3608 352 3698 1712,
371 3607 461 3678 etad
479 3612 550 3682 eius
567 3611 817 3703 possessionem
834 3631 901 3680 non
917 3613 1082 3702 pervenit,
1101 3613 1205 3681 eciam

98 3718 165 3770 anno
173 3703 257 3786 xlvii.
270 3705 551 3800 quorexllarolus
563 3707 654 3779 solus
665 3709 783 3800 incepit
792 3728 946 3798 regnare.
966 3708 1027 3794 Qui
1038 3711 1099 3778 iter
1110 3729 1205 3780 suum

99 3813 196 3871 versus
211 3801 408 3895 Nurenberg
431 3804 591 3896 dirigens,
615 3801 655 3874 ab
672 3807 752 3897 ipsis
771 3799 807 3874 ¹ut
829 3827 892 3875 rex
914 3815 1066 3897 receptus
1085 3815 1148 3894 est,
1173 3813 1207 3874 et
1297 3803 1301 3810 '

98 3886 130 3959 bi
144 3895 237 3992 aliquo
253 3911 401 3995 ternpore
417 3923 543 3973 moram
564 3905 662 3974 traxit
685 3900 793 3972 donec
813 3899 1013 3993 burgravius
1036 3899 1155 3971 ibidem
1172 3911 1207 3972 et

101 3990 170 4098 nolti
184 3995 302 4072 nobiles
319 3999 448 4070 illarum
464 4003 611 4093 parcium
628 4009 661 4070 et
678 4003 776 4070 etiam
794 4003 929 4070 oouutes
940 3995 1206 4092 deWirtenberg

100 4095 1205 4193 rpunatrcgcmltcmanorumreceperuntcrcifidebucemprcsti-

129 4204 152 4275 l)
163 4212 194 4270 So
208 4215 289 4275 dicen
303 4223 361 4274 sata
376 4215 403 4273 in
418 4205 520 4276 derbs.
556 4217 587 4287 2)
602 4215 731 4288 Dagegen
747 4215 814 4273 nacb
833 4213 901 4274 scita
913 4214 949 4274 47
964 4221 1017 4273 oct.
1031 4213 1073 4272 to.
