2882 4818
244 186 315 260 124
526 211 530 218 -
556 181 730 240 tfflmntctts
745 182 789 238 ΒΕ
804 179 1067 238 otttsssmtovtttt

159 377 223 436 tam
242 359 274 430 iu
291 357 364 428 lacu
375 356 452 428 dum
470 355 609 428 mansne
620 355 747 427 vellent
756 353 798 426 de
806 352 941 427 Arboua
952 357 986 426 in
995 353 1221 447 lindaugdam.
1296 351 1381 426 Item

242 477 303 550 per
319 463 418 526 totam
438 463 577 526 estatem
594 453 653 526 luit
671 463 757 524 muta
775 455 904 526 siccitas
922 464 956 525 et
973 454 1074 542 calor„
1096 451 1182 548 quod
1199 453 1381 540 strumenta„
1435 450 1436 538 l

244 554 367 628 scilicet
379 552 476 644 siligo
493 562 526 623 et
543 550 662 646 spelte„
680 552 817 624 collecta
828 551 1031 646 lireruntpcr
1043 562 1142 624 mlum
1154 549 1251 645 dyoc
1264 548 1381 622 Const
1435 565 1436 578 ³

243 659 319 724 ante
329 650 449 721 festum
462 653 564 722 sancti
581 646 689 720 iacobi
701 649 849 743 apostoli.
866 648 909 720 Et
926 649 1046 720 ecdem
1057 670 1174 722 mense
1191 651 1281 741 ignis
1293 647 1383 720 sub—

242 760 413 820 terraneus
437 750 469 818 in
493 749 628 820 Austria
653 748 815 841 quandam
844 747 963 818 silvam
991 749 1086 820 situm
1112 749 1202 820 iuxta
1230 755 1381 818 castrum

242 847 360 918 dictum
367 842 562 917 Gutenstain
578 847 698 938 incepit
708 866 917 934 consumere,
935 867 1000 916 nec
1009 844 1141 918 fossatis
1152 853 1284 938 poterat
1293 865 1382 938 pre-

242 947 358 1018 veniri.
459 943 501 1014 Et
518 941 636 1014 eodem
661 964 777 1014 mense
800 940 952 1016 dominus
968 941 1131 1014 Rudollus
1152 941 1223 1012 dux
1237 943 1382 1013 Austnic

242 1041 411 1134 submergi
422 1043 500 1114 lecit
508 1041 641 1112 Vienne
652 1061 751 1111 unam
762 1041 969 1114 domicellam
979 1061 1043 1134 que
1054 1040 1161 1112 luerat
1176 1038 1381 1154 pedissequa
1436 1049 1437 1078 ³

241 1139 372 1212 domine
390 1139 522 1213 ducisse
538 1141 652 1212 umoris
671 1158 745 1225 sue
769 1147 802 1207 et
818 1161 919 1210 unum
941 1142 1099 1210 iuvenem
1120 1139 1358 1210 servientem'
1349 1161 1382 1208 m
1436 1145 1437 1152 ’

241 1241 330 1310 curia
353 1235 445 1309 dude
469 1235 616 1331 predicti
640 1259 686 1308 ex
702 1256 743 1306 eo
767 1235 852 1329 quod
875 1235 1014 1308 relatum
1038 1235 1097 1308 suit
1119 1235 1193 1306 duci
1216 1232 1382 1327 predicto.

241 1333 326 1428 quod
338 1333 481 1429 predicta
492 1332 664 1406 domicella
674 1331 791 1404 nobilis
804 1355 931 1424 genere
941 1337 1072 1426 cogmta
1083 1331 1202 1404 luisset
1212 1354 1275 1426 per
1287 1332 1383 1404 dlum

242 1435 453 1504 servientem
471 1430 539 1501 Sed
557 1431 728 1502 domicella
748 1429 891 1524 predicta
910 1441 981 1502 erat
998 1430 1099 1502 data
1090 1454 1123 1501 m
1135 1433 1381 1502 matrimonium
1437 1428 1438 1544 l

241 1527 473 1601 cuidemncbili
475 1527 852 1623 quidixitdominoduci
853 1527 1005 1622 quodab
1013 1549 1119 1599 uxore
1126 1549 1186 1600 sua
1194 1525 1438 1615 didicisset

240 1626 326 1720 quod
339 1649 399 1721 per
409 1627 589 1720 predictum
600 1629 802 1698 servientem
820 1637 896 1696 ante
912 1624 1118 1698 traditionem
1131 1626 1217 1698 clam
1226 1647 1381 1720 pereum

239 1729 370 1815 cognita
388 1724 514 1798 luisset.
531 1720 618 1794 m
591 1746 639 1796 sio
655 1725 753 1817 peciit
769 1723 944 1796 vindictam
956 1723 1027 1795 lieri
1043 1720 1086 1793 de
1102 1745 1144 1796 ec
1155 1721 1250 1838 quod·
1259 1723 1382 1794 tradita

240 1819 300 1894 sibi
310 1821 486 1915 bremtpro
497 1824 628 1913 virgine
640 1842 736 1914 quam
747 1819 876 1892 dicebat
892 1833 1077 1916 conuptam
1081 1843 1148 1915 per
1157 1823 1381 1894 servientem

240 1918 336 1990 Unde
354 1918 503 1990 dominus
521 1919 590 1990 dux
606 1921 701 1989 nimis
713 1939 927 2012 prepropere,
945 1941 989 1992 ex
1003 1917 1076 1990 nelo
1093 1921 1220 1992 mstime
1238 1929 1277 1990 ut
1291 1940 1382 2012 pre-
1438 1959 1439 2008 ι

239 2037 347 2104 sumo,
365 2017 511 2087 celerem
528 2017 605 2102 lecit
621 2015 797 2087 vindictam
815 2015 856 2085 de
873 2019 1054 2110 premissis.
1154 2015 1237 2086 Item
1256 2015 1381 2086 ecdem

238 2133 356 2184 mense
373 2137 438 2184 una
455 2135 544 2185 nova
563 2116 704 2186 societas
728 2116 821 2184 venit
843 2115 909 2184 xiii.
928 2112 992 2184 kal.
1012 2115 1144 2204 augusti
1161 2113 1204 2184 de
1221 2112 1381 2185 Francia.

239 2221 273 2282 et
296 2210 448 2304 applicuit
474 2233 513 2284 se
536 2213 623 2284 circa
646 2220 680 2281 et
705 2213 795 2282 iuxta
817 2209 1056 2302 Auragioham¹
1082 2231 1185 2305 prope
1207 2214 1380 2282 civitatem

239 2309 517 2398 Avinionensemp
530 2307 590 2380 sed
601 2305 759 2378 transibat
769 2310 800 2378 in
809 2306 1072 2399 Longobardiam
1081 2307 1381 2402 neoprovinciales

238 2404 455 2477 offendebant.
474 2405 542 2476 Sed
559 2406 621 2477 alia
639 2415 754 2498 postea
772 2409 966 2498 supervenit
982 2407 1016 2476 in
1032 2428 1149 2478 mense
1160 2403 1318 2477 octobris.
1439 2406 1440 2498 l

239 2557 317 2626 Item
327 2561 417 2723 pund
427 2560 495 2672 duc
507 2559 635 2628 dustria
646 2577 718 2626 cum
732 2558 1048 2628 marmoricham
1060 2557 1259 2646 patriarche
1269 2561 1381 2647 Aqui-

350 2675 497 2744 epicteto.

287 2787 369 2858 Item
385 2787 450 2858 lml.
469 2809 586 2858 mense
604 2787 800 2881 septembris
819 2791 894 2858 anni
911 2787 968 2859 lxi.
980 2786 1148 2860 vindemie
1166 2791 1242 2860 ince
1288 2801 1381 2879 ιιιιιι,

238 2898 271 2958 et
288 2889 320 2956 in
337 2885 422 2956 lesto
435 2883 671 2956 sanotiMatbei
687 2907 809 2977 magna
822 2906 904 3051 pars
922 2887 991 2956 vini
1008 2885 1145 2957 collecta
1155 2886 1225 2958 luit
1275 2898 1382 2962 ttunc

238 2985 343 3076 frigus
368 2985 560 3075 supervenit
582 2993 733 3075 repenteq
757 3005 821 3076 qino
866 2983 985 3054 multos
1009 2985 1156 3076 penituit,
1185 2983 1275 3077 quod
1298 2989 1380 3058 vina

238 3103 297 3154 sua
322 3089 419 3152 antea
443 3101 508 3151 non
533 3079 747 3170 collegerant
847 3079 930 3150 Item
947 3078 1067 3152 eodem
1083 3103 1201 3156 mense
1222 3080 1381 3158 dominus

238 3177 399 3250 liudolfus
422 3177 491 3249 dux
513 3178 650 3249 Austrie
674 3199 747 3248 cum
776 3180 844 3250 suis
868 3176 1078 3250 Australibus
1102 3177 1322 3252 Stiriensibus
1348 3192 1383 3252 et

238 3275 412 3347 Kerinthiis
430 3279 576 3346 vastavit
598 3273 682 3345 bcna
700 3273 883 3392 patriarche
900 3275 1176 3369 Aquilegiensis
1167 3299 1200 3348 m
1217 3277 1379 3370 Frigiola.

237 3371 305 3443 Sed
324 3373 421 3444 alium
439 3369 549 3444 habuit
566 3375 748 3444 exercitum
772 3377 857 3446 circa
882 3383 1024 3446 casinum
1042 3372 1163 3444 dictum
1180 3372 1381 3448 Grimmen-

239 3473 323 3542 stain
336 3468 430 3562 dyoc.
444 3468 556 3542 Const
574 3467 616 3540 Et
632 3468 802 3584 utrobique
818 3469 1036 3586 triumphavit.
1055 3469 1140 3542 Nam
1157 3473 1381 3566 patriarcham

238 3567 391 3661 compulit
404 3566 488 3661 quod
502 3569 634 3656 iuravit
653 3571 713 3638 ut
704 3591 776 3662 ipse
793 3575 826 3639 et
840 3571 933 3641 xxiiii
925 3567 993 3638 de
1015 3567 1205 3642 melioribus
1223 3579 1258 3641 et
1275 3570 1381 3644 nobi-

237 3662 370 3736 lioribus
389 3667 457 3738 suis
474 3675 683 3758 presentaret
700 3687 738 3736 se
754 3667 887 3738 Vienna
903 3667 935 3736 in
952 3665 1135 3754 bustulam,
1157 3677 1191 3738 et
1207 3689 1379 3762 nunquam

237 3761 313 3834 inde
331 3760 527 3833 recederent
543 3765 606 3833 nisi
624 3763 830 3835 satisfaceret
841 3761 971 3834 domino
983 3761 1056 3834 duci
1067 3763 1213 3857 predicto
1225 3764 1266 3835 ad
1281 3763 1379 3838 erbi-

237 3861 332 3931 trium
339 3859 451 3930 Karoli
466 3862 687 3953 imperatoris„
706 3864 758 3955 qui
778 3882 874 3932 socer
886 3869 957 3932 erat
973 3858 1065 3934 ducis
1084 3865 1226 3933 etetiam
1237 3875 1380 3954 gentem

237 3955 298 4028 sibi
315 3959 449 4030 miserat
465 3967 578 4029 contra
595 3957 822 4050 patriarcbam.
841 3957 994 4030 Castrum
1008 3962 1106 4030 etiam
1117 3957 1380 4035 Grimmenslain

237 4057 323 4147 cepit
339 4062 373 4125 et
389 4052 601 4128 reedificavit

276 4171 305 4237 l)
325 4172 377 4228 liar
392 4191 467 4230 name
482 4175 569 4243 (wcld
585 4172 707 4244 orange)
723 4177 795 4234 stent
808 4177 857 4234 aul
868 4193 952 4234 resur.
