2982 4824
295 239 471 298 lllllOlll'lhE
488 239 678 300 metumtot
696 241 803 300 ousta
822 237 1070 300 IMPERATORUM.
1173 239 1245 319 653

116 426 248 490 ceteros
267 417 454 510 illegitimos
472 417 556 491 lilios
573 419 729 514 precipua
746 417 920 491 dilectione
936 417 1071 508 dilenitq
1095 429 1129 490 et
1146 421 1248 491 eciam

117 517 192 608 quia
210 512 354 587 indolem
370 517 539 587 meliorem
558 519 677 590 ceteris
695 517 767 589 aliis
785 515 859 590 filiis
869 513 1093 612 pretendebat.
1121 517 1249 588 Verum

116 611 247 684 tradunt
270 615 403 707 plures,
427 612 513 708 quod
536 615 701 706 legitimus
726 635 895 688 essenon
921 618 1041 708 pontt,
1063 617 1092 686 si
1119 614 1250 686 domina

116 708 241 782 Blanca
258 715 324 783 iam
341 711 438 802 dicta,
456 734 520 805 que
538 721 643 782 mater
660 715 765 783 extitit
781 715 894 784 matris
910 714 995 802 eiua
1013 722 1046 784 at
1062 713 1164 807 ipsius
1182 708 1249 782 do-

117 810 206 879 mine
223 808 347 881 Blanoe
374 810 476 882 altera
502 807 567 881 lilia
596 806 839 905 perhibuissent
861 812 1081 884 testimonium
1106 812 1248 896 venuti,

117 928 192 976 cum
216 928 334 979 omnes
358 910 467 980 virum
495 929 596 978 unum
623 904 710 979 huno
733 905 937 998 habuissent,
960 910 1003 978 ita
1028 918 1063 979 ut
1087 905 1250 978 llaniradi

117 1006 183 1074 iam
200 1003 275 1076 dicti
292 1015 397 1077 mater
414 1007 619 1100 imperatoris
637 1027 703 1076 non
721 1007 860 1099 potuerit
877 1025 956 1080 osse
973 1026 1068 1078 uxor.

168 1100 231 1174 Hic
246 1101 440 1176 hlanhedus
452 1103 667 1198 pulcerrimus
679 1123 830 1198 corpore,
841 1101 1115 1196 prudentissimus
1126 1114 1250 1192 nonu,

117 1203 368 1274 strenuissimus
385 1221 500 1296 opereq
518 1203 592 1296 pius
609 1204 642 1272 in
661 1198 891 1274 subveniendo
908 1199 1055 1291 affilas„
1077 1201 1193 1292 largus
1217 1205 1250 1272 in

116 1296 227 1370 dando
244 1302 401 1388 ementis,
418 1296 583 1391 benignus
601 1309 634 1370 et
658 1296 794 1372 affabilis
822 1301 1008 1387 adversis,
1034 1295 1075 1369 ab
1099 1296 1250 1372 omnibus

116 1394 296 1468 amabatur.
332 1396 395 1469 llic
417 1417 491 1468 cum
514 1396 667 1468 undecim
692 1407 784 1470 asset
801 1417 960 1468 annorum
978 1393 1070 1468 etde
1087 1396 1249 1470 Ravenna

117 1493 317 1566 Cremonam
333 1497 470 1587 navigio
492 1493 667 1566 duceretur
690 1493 732 1566 ad
755 1503 894 1587 patrem,
919 1503 1033 1587 captus
1057 1498 1090 1566 in
1107 1492 1249 1567 vallibus

116 1595 311 1687 apyrratis,
334 1592 492 1666 Hastensi
517 1591 694 1664 marchioni
718 1593 867 1686 captivus
884 1601 937 1663 est
961 1589 1107 1666 tradihrs.
1143 1592 1249 1680 Quem

117 1688 263 1762 marchio
286 1699 456 1782 gratantm
479 1693 604 1785 accepit
620 1700 653 1761 et
677 1691 760 1762 sicut
784 1688 884 1760 lilium
909 1685 1054 1780 henigne
1078 1688 1248 1778 manahat,

116 1809 258 1882 sperans
275 1810 337 1882 per
360 1809 436 1860 eum
457 1786 558 1859 lilium
580 1784 728 1861 obsidem
752 1785 914 1858 rehabere
934 1798 968 1859 et
985 1784 1026 1857 ad
1043 1790 1248 1884 imperatoris

116 1889 258 1976 gratiam
275 1907 376 1980 posse
393 1885 512 1957 redire.
530 1883 627 1957 Hunc
644 1907 727 1978 ergo
747 1884 874 1957 ctddam
895 1887 1003 1958 comiti
1017 1885 1178 1976 serame,
1195 1887 1248 1981 qui

117 2005 200 2056 suus
219 1987 486 2076 consanguineus
505 1993 575 2055 erat
592 1992 625 2054 at
641 1980 683 2054 ah
700 1986 898 2078 imperatore
922 1983 1107 2076 diffugerat,
1132 1995 1249 2059 msto-

115 2079 272 2153 diendum
299 2085 460 2154 commisit
482 2085 578 2176 eique
594 2084 751 2152 iuvenem
779 2092 933 2176 quantum
956 2085 1059 2174 potuit
1075 2104 1249 2155 commen-

116 2177 219 2252 dana
237 2177 485 2253 Athlanlredus
502 2201 586 2274 puer
601 2175 779 2253 industrius
797 2182 882 2272 cepit
898 2199 974 2249 eum
991 2179 1125 2251 allicere
1137 2178 1249 2253 verbis

115 2286 151 2347 et
168 2279 270 2370 patris
287 2277 332 2349 illi
349 2279 489 2369 gratiam
505 2279 702 2371 repromisit,
721 2279 749 2348 si
766 2297 843 2348 eum
860 2275 901 2348 ad
918 2275 1008 2348 illum
1025 2276 1250 2349 reduceret-et

115 2375 296 2448 avinculis
318 2374 481 2447 liberaret.
507 2372 620 2468 ltaque
644 2374 700 2446 ille
724 2379 817 2468 puori
841 2372 954 2446 verbis
978 2374 1128 2466 allectus,
1155 2397 1249 2446 mar·

114 2471 243 2545 chionis
261 2472 539 2567 procursantis,
556 2471 764 2544 llanfredum
775 2470 818 2543 ad
830 2483 957 2566 patrem
974 2471 1104 2546 redmit
1116 2483 1150 2545 ot
1166 2493 1249 2568 pro·

115 2573 255 2643 missam
272 2568 333 2644 sihi
349 2591 410 2666 per
426 2591 565 2666 puerum
581 2573 716 2642 veniam
732 2573 927 2664 impetravit.

166 2667 230 2740 llic
251 2678 400 2763 tempore
424 2690 488 2763 quo
510 2678 604 2762 pater
626 2669 779 2741 Panormi
802 2677 855 2742 est
875 2677 1041 2761 manuus,
1069 2693 1143 2743 cum
1165 2672 1248 2764 patri

115 2769 268 2838 morienti
291 2769 477 2856 assisteret,
506 2770 659 2862 princeps
688 2769 724 2836 in
749 2774 948 2840 testamento
970 2767 1165 2842 Tarentinus
1196 2777 1249 2840 est

112 2866 293 2956 institutus,
318 2871 445 2958 regno¹
471 2862 605 2939 dimisso
629 2862 786 2937 Camado.
818 2865 944 2936 'lamen
972 2865 1128 2940 creditum
1152 2876 1205 2940 est
1229 2888 1247 2937 a

113 2961 239 3053 multia
256 2961 343 3056 quod
360 2973 434 3058 post
451 2973 588 3034 mortem
606 2965 720 3057 patria,
739 2966 792 3056 qui
808 2966 981 3036 intestatus
999 2988 1019 3035 a
1036 2967 1104 3036 vita
1122 2962 1248 3038 deces-

114 3063 171 3149 sit„
188 3058 382 3134 hlaniredus
397 3063 547 3155 componi
565 3069 795 3132 testamentum
805 3058 868 3131 hoc
878 3060 1001 3132 fecerit.
1020 3059 1150 3133 Mortuo
1164 3083 1247 3154 ergo

114 3167 210 3252 patre
232 3161 304 3253 ipse
329 3169 481 3254 unquam
505 3155 632 3229 baiulus
655 3159 753 3248 regni
776 3157 939 3229 fortiliter²
963 3167 1080 3232 cuneta
1097 3161 1246 3248 munivit

114 3253 290 3330 thesauros
308 3259 342 3328 in
359 3279 419 3330 sua
436 3265 598 3351 potestate
615 3256 752 3349 accepit,
770 3265 804 3326 et
817 3252 1058 3350 quasiGorradi
1074 3259 1246 3350 yconimus

114 3375 156 3428 se
180 3352 292 3425 iacere
315 3352 379 3426 hec
400 3351 545 3444 dicatas„
572 3352 618 3425 illi
640 3351 717 3423 dum
740 3356 871 3425 venirat
894 3355 928 3425 in
948 3375 1091 3447 regnum
1117 3357 1247 3446 integre

114 3451 348 3546 presentanda.
366 3451 499 3524 Interim
510 3459 657 3546 exparte
675 3453 787 3524 matris
805 3450 866 3526 sibi
883 3454 1150 3545 consanguineos
1168 3454 1248 3524 atti·

113 3559 236 3623 nantes
260 3549 302 3621 ad
327 3574 365 3624 sa
384 3551 480 3622 nuxit
505 3553 708 3641 inregnum‚
726 3551 851 3624 scilicet
874 3553 1025 3623 comitem
1049 3547 1247 3637 Galvanum„

113 3647 312 3720 Bonifatium
336 3659 370 3720 et
392 3646 586 3735 Iordanum„
610 3669 760 3720 necnon
784 3659 817 3720 et
843 3648 925 3721 alios
951 3647 1083 3734 multos,
1107 3668 1189 3741 quos
1213 3648 1246 3716 in

113 3767 225 3838 regno
241 3755 392 3840 potantes
411 3745 529 3836 edecit,
547 3754 581 3815 et
598 3765 711 3817 eorum
728 3749 896 3839 presentia
913 3767 953 3818 se
969 3747 1117 3816 namuh.
1146 3742 1245 3815 Fidos

114 3863 201 3918 vero
229 3843 364 3916 Henrici
390 3846 596 3939 primogeniti
624 3841 790 3915 Frederici
824 3864 884 3937 per
909 3840 1089 3913 Iohannem
1116 3839 1246 3912 hlorunr

110 3963 250 4014 *veneno
275 3944 390 4035 perimi
413 3943 609 4035 procuravit
637 3939 802 4014 Corradm
821 3961 903 4033 ergo
922 3942 956 4011 in
975 3961 1117 4032 regnum
1134 3937 1245 4010 adve-

113 4044 213 4114 niens
236 4037 414 4112 dominium
439 4042 536 4132 regni
559 4049 594 4111 ut
616 4037 683 4112 dixi
704 4037 856 4127 attunt,
880 4048 915 4109 et
939 4036 1017 4108 dum
1039 4033 1248 4109 llanhedum

112 4135 250 4210 deicere
275 4140 369 4214 nisus
392 4149 456 4230 est,
484 4136 524 4210 ab
548 4158 589 4209 eo
611 4148 647 4210 ut
669 4159 769 4233 supra
792 4138 856 4208 iam
880 4134 947 4212 ton·
971 4145 1160 4232 peremptus
1186 4145 1247 4210 est.

170 4259 201 4334 1)
219 4274 332 4334 mgnum
350 4261 391 4319 hs.
427 4261 459 4336 2)
477 4277 510 4320 so
530 4259 573 4319 die
591 4259 632 4320 hs.
