2904 4822
251 241 299 316 24
566 233 798 296 ustulasses
812 233 1096 294 otessunttovutts

172 422 241 480 1335
253 423 369 509 patruo
387 411 461 484 dicti
479 412 604 484 mmlds
622 410 787 482 dominum
804 407 1017 483 Ludewioum
1035 411 1077 482 da
1095 409 1259 504 Oetlngen
1278 415 1387 484 comi-

253 523 320 583 tem
339 515 516 600 seniorem,
534 512 626 582 ouius
643 508 728 582 lilius
744 507 1097 582 nominaEberhardus
1115 507 1262 598 decessit
1277 513 1309 581 in
1323 535 1388 582 cu-

253 613 301 682 ria
317 629 405 682 anno
422 611 526 703 primo
542 605 676 702 predicti
692 629 779 703 pape
788 607 957 680 Benedicti
967 612 1011 681 vi.
1022 608 1109 703 ydus
1126 606 1268 682 octobris
1279 618 1314 680 et
1324 629 1387 681 se-

253 707 363 803 pultus
381 716 433 778 est
449 704 534 801 apud
546 704 740 778 Camelitas
751 706 937 797 Atinionst„
955 709 1148 799 magistrum
1158 703 1387 778 Eberhardum

254 805 296 876 do
319 803 560 892 Thumenowe
583 807 777 894 magistrum
800 803 1034 899 Marquardum
1056 803 1099 876 do
1115 803 1306 896 Randegge
1323 828 1387 876 oa·-

253 905 406 974 nonioum
422 902 649 994 Augustensls
666 901 821 992 ecclesiaa
840 913 873 972 et
885 906 1078 994 magistrum
1088 902 1233 974 lllnarrn
1251 900 1294 972 da
1305 903 1388 975 Aa·

253 1009 351 1093 gusta
367 1003 529 1072 notarium
546 1019 654 1089 suum„
673 1009 706 1070 et
721 999 856 1071 fratrem
873 999 1061 1072 Heinricum
1079 999 1121 1070 de
1139 999 1329 1094 Cyplingen
1345 999 1388 1072 ad

253 1119 371 1192 papam
387 1095 602 1168 Benedictum
617 1119 679 1191 pro
696 1097 882 1188 maeonia„
900 1121 974 1168 oum
990 1098 1088 1191 pleno
1105 1097 1258 1168 mandato
1276 1101 1386 1170 omnia

252 1194 473 1290 faciendique
490 1217 574 1290 papa
590 1199 688 1288 peciit
704 1217 763 1290 pro
781 1195 931 1266 emenda.
948 1194 990 1267 Et
1000 1200 1205 1268 intraverunt
1215 1194 1256 1264 ad
1266 1217 1387 1290 papam

254 1292 306 1363 die
323 1291 468 1388 predicta
487 1292 634 1364 similiter
650 1293 806 1366 Avinlon.
824 1291 866 1364 Et
883 1291 960 1365 dum
977 1303 1192 1388 expectarent
1206 1297 1388 1365 reversio-

142 1389 147 1397 '
252 1411 330 1462 nern
346 1412 432 1485 pape
448 1389 490 1462 ad
506 1391 618 1462 villam
634 1391 911 1481 Aviruononsemp
927 1414 1012 1485 pape
1027 1392 1188 1464 intellexit
1204 1389 1290 1486 quod
1308 1395 1389 1486 qni-

254 1486 329 1558 dam
346 1487 389 1559 de
407 1491 474 1560 suis
492 1486 716 1578 familiaribus,
733 1499 798 1561 tam
817 1491 944 1562 clericis
962 1491 1186 1584 quamlaycla
1203 1491 1387 1584 petitiones

254 1583 428 1678 signabant
450 1596 486 1657 ut
506 1609 604 1681 papa
628 1596 663 1657 et
684 1609 743 1658 eas
768 1590 817 1658 sic
839 1590 987 1678 signatas
1011 1609 1085 1660 cum
1102 1587 1173 1660 eliis
1189 1609 1251 1682 per
1267 1609 1387 1682 papam

253 1686 391 1776 signatis
408 1687 621 1774 miscuerunt,
645 1693 678 1754 et
695 1687 743 1756 sio
760 1684 988 1756 cancellariam
1004 1683 1185 1758 transibant
1200 1706 1275 1756 oum
1292 1688 1387 1756 veris

275 1777 483 1869 eticionibus;
508 1803 590 1875 quos
614 1804 697 1876 papa
722 1783 794 1876 oapi
817 1781 985 1855 mandavit
1001 1805 1118 1856 mense
1135 1781 1281 1877 predicto
1299 1785 1387 1854 cirea

251 1805 371 1954 lesum
390 1890 503 1950 sancte
522 1882 627 1952 crucis
645 1880 894 1952 exaltacionenr.
911 1878 994 1952 Item
1010 1883 1063 1952 iiii.
1081 1879 1146 1952 kal.
1164 1877 1306 1952 octobris
1325 1903 1388 1951 re-

253 1997 375 2049 versus
393 1985 446 2048 est
461 1998 545 2070 papa
561 1976 761 2049 Benedictus
779 1981 961 2050 assentatus
975 1976 1191 2051 cardinalibus
1203 1974 1388 2050 etambas-

254 2069 426 2148 siatoribus
443 2069 606 2169 predictis.
705 2073 789 2146 ltenr
804 2077 860 2146 vii.
871 2074 944 2147 idus
956 2071 1095 2148 octobris
1110 2077 1186 2167 [oct.
1199 2075 1237 2166 9]
1250 2078 1283 2145 in
1295 2073 1387 2170 pub-

254 2171 316 2243 lico
333 2173 528 2243 consistorio
544 2170 629 2266 quod
646 2193 730 2265 papa
748 2169 947 2245 Benedictus
966 2195 1066 2268 super
1082 2172 1145 2244 boe
1160 2169 1282 2260 babuit,
1300 2195 1387 2267 pro-

252 2271 393 2364 positum
410 2267 468 2340 luit
484 2267 786 2363 perMarquardum
797 2269 838 2341 de
849 2269 1038 2362 Randogge
1055 2271 1246 2343 canonicum
1255 2271 1387 2363 Augu-

251 2369 374 2440 stensis
392 2367 548 2456 eoeleste,
572 2369 741 2460 provincie
764 2365 1041 2460 Maguntnensis,
1067 2371 1118 2465 qui
1142 2390 1228 2440 unus
1256 2369 1317 2440 luit
1344 2367 1387 2440 de
1446 2385 1447 2391 ’

251 2459 539 2536 ambassiatoribus
545 2463 699 2558 predictis
707 2463 965 2537 diotiLudewioi.
978 2464 1257 2559 Legatiopredioti
1264 2465 1387 2538 domini

250 2559 419 2633 Ludewici
443 2559 516 2632 suit:
541 2565 683 2649 qualiter
700 2567 798 2652 petiit
816 2583 852 2634 se
874 2565 999 2634 absolui
1020 2585 1044 2633 e
1057 2565 1264 2654 processibus
1284 2563 1389 2648 [oeta

251 2666 367 2732 condo
384 2677 456 2730 eam
469 2679 531 2748 per
548 2661 725 2730 lotentiam
737 2681 865 2752 popum
880 2665 973 2752 crit,
990 2659 1129 2746 offerens
1144 2681 1179 2731 se
1188 2659 1388 2746 amaseoru-

251 2777 324 2828 rum
342 2759 476 2827 eoeleste
493 2765 526 2827 et
536 2778 633 2847 pepe.
658 2755 767 2852 Super
782 2755 846 2830 boc
862 2758 1047 2852 respondit:
1071 2781 1106 2831 se
1129 2761 1387 2830 deliberaturum

252 2874 324 2926 oum
341 2853 500 2940 fratribus
516 2859 584 2926 soro
601 2859 742 2944 qualiter
752 2857 872 2928 boecd
881 2859 1200 2946 booamperduceret
1212 2859 1321 2946 finem,
1340 2862 1387 2929 li-

251 2955 443 3042 ariprando
460 2960 543 3024 esset
557 2957 647 3042 qood
655 2957 830 3042 petebatur
845 2957 888 3024 ab
905 2975 953 3046 eo,
971 2959 1051 3044 qaia
1067 2959 1101 3026 io
1118 2958 1226 3025 amitat
1240 2955 1309 3040 suit
1323 2977 1389 3026 ae-

251 3054 625 3141 oeoramperprediotom
633 3050 1387 3146 lodewicum.SedperBenedictumpapamde

250 3144 454 3222 absolutione
471 3149 605 3242 predicti
622 3148 792 3220 Ludewici
807 3147 905 3220 nicbil
915 3153 1044 3244 penitus
1056 3149 1114 3222 luit
1124 3146 1386 3222 determinatum.

248 3247 291 3319 Et
300 3247 359 3319 fuit
369 3245 475 3316 thema
486 3249 714 3340 proponentis:
732 3247 863 3336 Eripiet
873 3267 923 3317 me
934 3252 975 3318 de
991 3249 1305 3319 wenedietioeittu
1317 3270 1387 3338 po-

244 3349 541 3436 polieteoostitaes
551 3349 758 3432 meineeput
770 3350 922 3435 partiam.
1020 3343 1387 3418 lternxv.kal.ianua-

248 3447 286 3516 rii
305 3465 389 3538 papa
405 3440 604 3516 Benedictus
620 3445 676 3516 xii.
695 3445 868 3528 revocavit
884 3465 1001 3522 omnes
1018 3447 1141 3536 gratim
1159 3446 1294 3517 foetosa
1317 3448 1387 3516 suis

249 3538 540 3636 predecessoribus
551 3541 614 3614 illis
626 3544 679 3636 qui
696 3538 840 3612 nondum
857 3543 907 3612 ius
925 3539 1088 3612 habebant
1104 3544 1137 3612 in
1153 3563 1201 3612 re.
1302 3541 1387 3613 ltern

247 3641 324 3712 xiiii.
337 3637 401 3710 kal.
413 3641 549 3710 ianuarii
566 3641 599 3708 in
615 3635 745 3734 pubboo
755 3642 949 3711 consistorio
959 3641 1129 3712 investivit
1138 3649 1385 3734 pmourauren

247 3741 340 3830 regis
350 3733 548 3830 drogonum
564 3739 695 3808 nomine
712 3739 804 3828 regis
822 3734 864 3806 de
880 3757 988 3828 regno
1004 3735 1154 3810 Sardinia
1172 3747 1205 3808 et
1220 3735 1386 3822 Sorae„

247 3847 382 3930 recepto
399 3833 439 3907 ab
457 3855 498 3905 eo
515 3831 669 3928 homagio
686 3843 853 3906 consueto.

285 4005 315 4072 1)
334 4021 385 4060 una
400 4021 458 4058 eum
474 4035 506 4042 -
523 3999 646 4058 Arinion.
669 3999 733 4055 labit
750 3999 808 4054 bier
823 3999 864 4055 bei
884 4001 948 4070 bal,
963 4001 1034 4074 iolgt
1047 4001 1111 4058 aber
1124 3971 1274 4060 tbeilweise
1289 4009 1383 4078 opiter

248 4093 299 4133 vor
313 4077 372 4132 dan
386 4075 482 4131 letuten
497 4081 561 4130 sate.
598 4071 629 4141 2)
644 4071 755 4128 Corsica
771 4072 825 4128 llal.
