2982 4824
249 213 321 288 636
425 209 602 270 ttta'ottttatt
620 210 813 268 utoaaututt
831 210 939 270 casta
957 211 1199 272 tutatututtutt.

249 387 365 462 fraude
383 388 513 478 interiit,
532 389 598 459 vita
624 388 673 460 sic
699 389 846 481 privatus
877 397 910 460 et
939 410 1055 481 regno.
1105 385 1267 462 Dicuntur
1294 393 1374 463 euim

251 487 348 559 Greci
367 485 471 558 iarine
490 487 628 577 calcem,
647 509 744 582 quem
762 490 878 559 vivum
944 492 952 531 ¹
975 490 1161 576 miscuisse,
1179 498 1213 559 et
1230 509 1277 560 ex
1294 489 1374 562 villis

250 587 431 679 castrisque
449 583 587 677 fugisse.
639 583 742 656 Ladni
770 607 852 658 vem
876 585 953 656 dum
977 585 1081 657 farine
1107 595 1229 658 tantam
1254 591 1376 682 copiam

250 687 470 774 invenissent,
487 681 565 754 dum
582 681 741 756 iacientes
760 706 804 754 ex
818 706 857 755 ea
875 705 995 780 panem
1022 688 1237 757 communiter
1262 707 1376 758 come-

249 781 387 872 dissent,
405 779 577 854 ventribus
595 784 739 853 omnium
750 781 989 856 comedentium
1006 782 1172 858 dissolutis
1184 781 1376 856 dissenteria

271 883 441 951 erierunt.2

247 903 269 978 p
298 979 442 1052 Henrico
459 981 655 1072 imperatore
673 977 839 1070 defuncto,
856 980 1031 1054 Alamanie
1043 981 1207 1076 principes
1220 979 1297 1051 iacti
1309 991 1379 1054 sunt

249 1081 280 1151 in
299 1075 454 1169 eligendo
473 1075 656 1170 discordes,
673 1079 716 1148 ita
735 1089 769 1149 ut
784 1078 912 1174 quidam
926 1077 1077 1154 Ottonem
1090 1077 1238 1152 Saxonie
1249 1076 1377 1170 ducem,

249 1174 378 1274 quidam
396 1197 479 1248 vero
491 1173 687 1271 Phylippum
705 1175 822 1249 ducem
837 1175 977 1270 Suevie,
995 1177 1128 1251 Henn‘ci
1146 1177 1298 1267 fratrem,
1315 1178 1378 1248 eli·
1470 1225 1471 1256 t

248 1283 377 1368 gerunt.
420 1272 557 1370 Fuitque
584 1278 747 1346 contentio
773 1277 960 1368 electionis,
986 1278 1058 1373 quis
1083 1297 1198 1348 eorum
1216 1278 1378 1370 imperare
1470 1313 1471 1318 ,

247 1371 395 1462 deberet,
414 1375 507 1444 anuis
526 1393 659 1445 novem.
702 1373 828 1445 Verum
847 1374 1007 1448 electione
1025 1371 1173 1469 Phylippi
1189 1372 1378 1456 Innocentio
1470 1425 1471 1462 3

248 1473 349 1545 tercio
376 1479 585 1565 presentata,
615 1473 720 1566 ipsam
746 1495 814 1544 non
843 1471 972 1547 admisit
995 1471 1054 1546 sed
1079 1473 1204 1567 respuit
1221 1493 1288 1543 nce
1306 1495 1379 1544 eum

249 1569 351 1642 voluit
369 1590 539 1641 coronare.
583 1567 651 1640 Sed
670 1567 821 1643 Ottonem
846 1569 963 1643 ducem
982 1569 1189 1644 SaxonieA
1237 1572 1377 1662 'granis

248 1671 398 1742 comnari
416 1666 592 1740 mandavit.
628 1665 712 1739 Nam
736 1666 929 1764 Phylippum
952 1669 1071 1762 repulit
1093 1670 1183 1739 utin
1208 1670 1323 1760 ignum
1339 1669 1378 1739 ob

250 1770 316 1838 vite
334 1767 464 1861 proprie
484 1768 632 1837 men‘tum
651 1777 683 1837 et
699 1777 833 1862 propter
850 1778 1019 1861 peccatum
1037 1775 1208 1861 paternum
1226 1764 1380 1838 videlicet

248 1877 281 1936 et
299 1864 491 1954 iratemum,
510 1885 573 1957 quo
590 1874 684 1959 pater
700 1864 896 1938 Fredericus
915 1877 947 1938 et
963 1865 1065 1938 irater
1076 1863 1241 1936 Hemicus
1253 1863 1381 1937 lucrant

247 1965 418 2057 tyrannice
437 1961 613 2033 ecclesiam
630 1967 805 2056 persecuti.
856 1963 953 2036 Unde
972 1966 1079 2058 ipsum
1092 1960 1287 2057 Phylippum
1307 1985 1380 2034 cum

248 2059 397 2132 omnibus
415 2057 594 2130 fautoribus
613 2065 682 2132 suis
700 2061 914 2136 anathematis
932 2082 1091 2134 mucrone
1108 2062 1287 2156 percussit
1306 2064 1378 2155 quia

248 2181 286 2231 se
303 2180 419 2252 regem
438 2157 613 2229 Alamanie
630 2158 827 2232 nominabat.
860 2159 926 2234 Sed
945 2165 1030 2232 inter
1046 2180 1163 2255 papam
1181 2168 1215 2230 et
1232 2157 1379 2253 Phylippi

247 2257 392 2329 lautores
411 2255 512 2347 litigio
531 2255 593 2328 boc
609 2257 788 2350 pendente,
806 2258 984 2354 Pbylippus
1010 2281 1027 2328 a
1054 2256 1138 2328 duce
1155 2254 1313 2327 blilandie
1331 2267 1382 2328 est

247 2359 390 2445 occisus,
409 2352 688 2428 consentientibus
707 2380 820 2428 secum
837 2355 1045 2449 landigravio
1063 2355 1220 2447 Turingie
1247 2363 1281 2426 et
1297 2353 1382 2426 duce

246 2455 439 2527 Rauvarie.3
490 2453 560 2525 Hiis
579 2457 620 2524 ita
640 2459 744 2546 gestis
763 2454 971 2527 Innocentius
990 2456 1124 2528 vocavit
1145 2451 1324 2544 Ottonem,
1350 2463 1384 2526 et

246 2595 1057 2724 rand)d(e1bnsseibbeblabdebat?lbebnbbrnsbn'bblboblerbbesderbobb‘
1081 2592 1384 2736 {baneb'dgffwlbbbbbns

246 2739 304 2795 bier
322 2738 520 2795 einzuscbalten
540 2739 597 2794 sein
619 2739 721 2794 dtirite:
739 2741 869 2812 Tempore
887 2739 966 2794 buius
979 2737 1085 2794 ilem-ici
1100 2736 1206 2808 quidam
1221 2735 1384 2794 leodiensis

246 2811 390 2894 episcopus
410 2810 539 2865 canonica
552 2811 653 2866 electus
668 2819 759 2866 contra
775 2809 944 2884 imperatoris
957 2825 1108 2878 assensum,
1127 2808 1171 2880 qui
1186 2807 1286 2864 timens
1301 2810 1383 2866 tarc-

246 2898 300 2936 rem
328 2898 385 2937 erus
412 2880 444 2937 ad
470 2880 637 2938 Guilielmam
662 2883 819 2940 Remeasam
846 2881 1075 2954 archiepiscopum
1102 2879 1178 2950 iugit.
1223 2880 1278 2934 Sed
1307 2881 1380 2936 iuxta
1471 2904 1472 2964 q

246 2949 333 3007 Remis
358 2951 384 3007 in
411 2952 475 3007 dolo
503 2969 517 3007 a
543 2951 639 3022 legatis
664 2953 770 3010 llenrici
796 2953 951 3010 interiectus
977 2959 1026 3007 est.
1063 2953 1193 3022 Tempore
1220 2951 1281 3006 eius
1301 2954 1383 3008 multa

245 3023 378 3079 bomenda
399 3023 513 3079 luerunt.
550 3023 614 3080 Nam
633 3025 753 3080 mcxci.
774 3031 844 3080 tauta
870 3023 956 3097 pluvia
981 3021 1135 3090 inundavit,
1160 3029 1190 3078 ut
1266 3040 1331 3079 num
1357 3025 1382 3079 iu

245 3094 328 3166 paleis
349 3101 409 3151 ante
429 3111 542 3151 messem
563 3096 732 3164 germinaret.
769 3097 833 3152 item
853 3094 1003 3151 m.c.xa.iiii.
1022 3093 1048 3149 in
1068 3093 1203 3152 territorio
1243 3093 1381 3150 alsacensi

246 3183 303 3222 eum
330 3167 462 3223 horrenda
489 3166 576 3239 pluvia
601 3167 702 3242 lapides
727 3167 760 3222 ad
787 3167 957 3240 quantitatem
982 3165 1027 3221 ovi
1056 3165 1232 3237 quadranguli
1260 3165 1296 3220 de
1324 3165 1383 3222 celo

245 3237 438 3294 descendentes
458 3243 566 3308 segetes
585 3237 676 3294 vinem
696 3245 723 3293 et
741 3238 852 3294 arbores
872 3237 1043 3304 detriverunt,
1068 3235 1183 3308 villaque
1202 3236 1229 3291 in
1259 3237 1382 3319 plurimis

245 3308 312 3364 locis
332 3326 346 3364 a
366 3310 520 3366 fulminibus
540 3309 680 3365 combusto
699 3317 775 3378 sunt,
791 3310 896 3382 visique
914 3316 977 3364 sunt
989 3309 1015 3365 in
1031 3323 1093 3363 aere
1108 3307 1181 3364 corui
1196 3309 1271 3363 multa
1285 3308 1382 3364 rostris

244 3379 347 3449 ignitos
366 3387 473 3452 portare
493 3377 624 3436 carbones
644 3387 671 3436 et
690 3381 786 3438 domos
812 3380 964 3436 incendere.
1002 3381 1061 3452 lpsa
1088 3379 1132 3434 die
1156 3378 1183 3434 in
1210 3378 1382 3436 landunensi

245 3450 354 3516 dyocesi
374 3459 488 3508 castrum
514 3455 643 3518 (crastum
669 3453 724 3520 hs.)
751 3453 859 3508 nomine
878 3451 1044 3508 lionscalaus
1072 3449 1229 3506 fulminibus
1255 3450 1383 3508 desbur-

244 3529 297 3576 tum
318 3529 366 3578 est.
403 3523 433 3590 3)
451 3539 505 3578 ron
526 3523 574 3577 der
592 3523 662 3578 band
682 3523 730 3579 dea
749 3531 834 3579 tentes
854 3525 924 3593 tolgt
942 3522 1000 3578 bier
1019 3521 1067 3578 aui
1089 3521 1149 3577 dem
1177 3527 1272 3578 unkun
1299 3523 1382 3577 rand:

244 3593 319 3649 Nota.
340 3593 436 3650 llabuit
460 3600 546 3649 autem
573 3594 714 3666 Phylippus
742 3596 861 3651 lautores
886 3593 1116 3667 archiepiscopum
1141 3592 1337 3650 coloniensem
1356 3599 1385 3648 et

245 3665 685 3818 billim‘¹'⁸“⁰l¹.÷.¹’'ill⁹llt
713 3666 997 3807 llffllbddblb
1018 3663 1305 3808 ttnlttttttt
1321 3665 1381 3792 ttt

244 3806 367 3863 subicere
385 3807 446 3880 quia
465 3807 638 3863 rebellionem
658 3809 832 3864 suscitaverat
850 3814 942 3863 contra
963 3825 1031 3862 eum.
1069 3805 1161 3863 Ottoui
1188 3824 1256 3864 uero
1276 3807 1382 3862 favebat

243 3895 291 3934 rex
315 3879 412 3948 acatio
438 3877 565 3934 Ricardus
586 3922 591 3933 .
613 3921 619 3933 .
640 3922 645 3934 .
667 3922 672 3934 .
692 3897 817 3936 sororem
842 3895 917 3934 suam
946 3879 1038 3934 babuit
1070 3895 1189 3934 uxorem.
1234 3877 1321 3934 Etiam
1346 3895 1380 3932 er

262 3949 407 4022 rincipibus
427 3949 506 4021 aliqui
527 3957 603 4006 erant
621 3968 680 4006 cum
699 3968 748 4006 eo:
768 3952 822 4006 dux
841 3949 970 4007 lialandia
995 3957 1021 4006 at
1039 3949 1222 4018 tandigraaius
1241 3950 1378 4020 Turingie.

256 4022 416 4077 unocentius
435 4036 543 4093 quoque
563 4037 629 4093 papa
650 4022 726 4077 iareb
738 4066 743 4078 .
756 4065 772 4090 .,
790 4021 918 4094 Phylippo
938 4022 1098 4090 contrarius,
1116 4027 1145 4076 ut
1164 4019 1262 4076 dictum
1277 4027 1333 4089 est,
1353 4025 1379 4074 et

243 4092 307 4147 licat
324 4098 469 4148 coronatus
488 4099 562 4148 esset
580 4092 606 4148 in
626 4109 717 4162 regem
729 4093 864 4149 Alamanie
883 4093 917 4148 de
936 4093 1061 4148 mandato
1081 4109 1159 4164 pape,
1177 4091 1377 4171 Phylippusflta-

225 4178 304 4237 ,meu
323 4169 433 4235 propter
452 4169 611 4236 potestatem
631 4164 769 4221 maximam
788 4171 888 4237 partam
903 4163 1030 4236 im[parii]
1045 4161 1169 4230 obtinuit,
1189 4168 1216 4217 et
1230 4162 1305 4234 qnasi
1325 4177 1376 4216 na-

244 4237 394 4304 peratorem
414 4250 443 4289 se
462 4233 555 4290 habuit
574 4235 649 4290 anais
670 4237 726 4291 tere
745 4251 848 4292 acrem.
886 4233 925 4290 lie
953 4251 1018 4291 nece
1044 4240 1130 4290 autem
1155 4231 1275 4306 Phylippi
1298 4248 1375 4297 uxor,
