2900 4820
175 242 248 316 266
476 235 642 294 ΜΑἹὝΗΙΑΒ
660 233 1001 296 NUEWENBURGENSIS.

90 427 160 492 1349
177 416 275 508 gellis
292 422 483 506 ungentes,
502 413 615 503 ultimi,
634 416 688 508 qui
705 435 743 486 se
760 416 865 509 primo
883 423 1084 503 stravmunt,
1100 414 1205 508 pnmc
1223 435 1305 487 sur-

177 524 297 606 gentes
310 533 348 584 se
361 511 616 604 flagellaverunt
632 513 775 603 nageltts
792 509 986 584 habentibus
1003 510 1109 586 nodos
1126 533 1201 584 eum
1218 535 1307 607 qua-

175 621 250 684 tuor
267 612 391 684 aculeis
412 610 542 700 ferreis,
567 620 776 684 transeuntes
795 633 869 682 cum
894 620 990 682 cantu
1007 610 1139 701 vulgari
1162 613 1307 684 invoca·-

177 712 279 783 cionis
304 707 478 798 dominice,
501 706 643 780 habente
667 709 786 782 multas
809 711 1046 781 invocationes.
1079 708 1122 780 Et
1145 717 1310 786 steterunt

176 820 245 884 tres
266 811 300 882 in
317 804 424 890 medic
449 806 572 896 circat„
597 808 708 880 sonori
725 806 837 896 valde,
861 809 1082 900 precinentes
1105 806 1309 898 flagellando

178 929 235 996 se3
252 915 327 1000 post
344 925 425 1000 quos
445 903 499 977 alii
516 903 686 978 canebant.
710 903 747 976 ln
759 925 822 998 quo
833 903 888 975 diu
904 907 1129 992 immorantes„
1147 903 1188 974 ad
1206 927 1309 978 uuum

178 1013 370 1102 precentum
387 1024 502 1076 omnes
522 1001 878 1094 genufleniinmodum
896 1001 1042 1074 crucifixi
1058 1005 1092 1074 in
1105 1001 1207 1076 facies
1227 1023 1309 1074 ocr-

177 1113 325 1194 ruerunt
344 1123 418 1172 cum
436 1100 580 1192 singultu
598 1111 742 1172 orantes.
768 1099 811 1172 Et
828 1103 1026 1173 transierunt
1042 1103 1132 1171 iuxta
1150 1099 1309 1174 circulum

177 1203 339 1292 magistri,
357 1209 530 1272 monentes
549 1219 608 1270 eos
620 1209 655 1269 ut
665 1209 797 1270 orarent
808 1197 849 1269 ad
866 1196 1031 1271 dominum
1049 1219 1109 1292 pro
1126 1199 1308 1272 clemencia

179 1319 282 1392 super
308 1296 475 1390 populum·
503 1299 580 1367 item
608 1318 709 1389 super
736 1317 852 1370 omnes
879 1317 994 1368 eorum
1020 1294 1252 1368 benefactores
1275 1305 1311 1370 et

178 1395 423 1483 malefactorem
442 1404 476 1465 et
491 1413 608 1466 omncs
626 1403 818 1487 peccatores
830 1396 906 1465 etin
917 1396 1106 1488 purgatorio
1124 1397 1308 1468 curuans

179 1503 213 1565 et
228 1490 375 1588 pluribus
393 1493 475 1565 eliis.
501 1493 580 1564 Post
603 1490 666 1564 bec
683 1513 722 1564 se
744 1492 911 1581 levantes,
940 1493 1089 1564 extensis
1107 1489 1309 1576 monibus'm

178 1591 300 1680 celum,
324 1589 496 1682 genuflexi
513 1586 684 1662 canebant.
709 1589 752 1661 Et
768 1592 885 1662 iterum
904 1598 1095 1680 surgentem
1113 1588 1309 1661 01100010-

178 1685 346 1782 gellabant
369 1697 487 1762 cuntes
505 1695 540 1760 ut
562 1690 662 1780 prius.
688 1685 813 1774 Quibus
837 1709 876 1760 se
899 1684 1119 1775 induentibus
1143 1687 1206 1758 alio
1220 1709 1309 1779 wpals

179 1808 307 1876 eorum,
335 1808 399 1880 que
425 1785 614 1858 ndumenn
642 1784 857 1873 custodieratq
886 1805 924 1858 se
952 1805 1082 1859 exuens
1109 1783 1197 1859 idem
1221 1785 1309 1861 lecit.

177 1886 257 1958 Post
266 1883 330 1968 heo
341 1887 485 1956 surrexit
495 1903 580 1958 unus
592 1903 746 1970 sonorus
763 1883 883 1974 legens,
899 1883 1068 1971 litteram¹q
1087 1883 1182 1962 euius
1193 1882 1309 1954 similis

176 1987 210 2054 in
235 1985 403 2056 sentencia
428 1978 595 2052 dicebatur
618 1983 652 2051 in
676 1981 817 2052 ecclesia
843 1982 946 2052 sancti
963 1979 1051 2050 Petri
1074 1979 1107 2050 in
1124 1978 1310 2052 Ierusalem

176 2102 238 2176 per
261 2080 418 2172 angelum
441 2087 642 2172 presentata.
677 2075 714 2148 ln
738 2099 801 2171 quo
825 2086 937 2148 namot
960 2075 1118 2168 angelus:
1144 2075 1309 2150 Christum

178 2179 339 2251 offensum
351 2185 461 2249 contra
477 2175 587 2248 mundi
601 2179 781 2270 pravitates
794 2218 840 2228 --
852 2176 946 2268 plura
957 2177 1148 2268 exprimens
1160 2177 1309 2264 erimina,

175 2276 395 2348 violationem
424 2273 486 2344 diei
514 2271 687 2362 dominice
716 2283 750 2343 et
776 2270 862 2366 quod
888 2291 956 2343 non
982 2274 1144 2342 ieiunatur
1166 2275 1199 2343 in
1225 2271 1309 2344 feria

175 2384 283 2463 sexu,
294 2370 528 2466 blasphemias„
540 2391 672 2459 usuras,
684 2368 842 2442 adulteria
857 2409 900 2422 --
915 2368 1144 2463 Christumque
1154 2380 1309 2461 rogantur

174 2494 236 2566 per
253 2469 384 2542 benum
394 2472 559 2560 virginem
572 2479 605 2540 et
615 2467 756 2559 angelos
769 2487 829 2560 pro
841 2467 1064 2540 misericordia
1075 2465 1308 2561 respondisse:

176 2570 349 2658 quemlibet
368 2587 431 2658 per
459 2571 739 2657 tmptntcmtomor
760 2569 829 2637 dios
850 2585 886 2636 so
907 2566 1023 2636 0101000
1050 2568 1217 2636 ametando
1239 2566 1309 2651 llu-

179 2669 314 2758 9011000,
334 2673 372 2736 01
388 2669 651 2736 miscricordiam
671 2672 919 2754 conspuuntur.

225 2765 348 2836 Tantos
373 2773 444 2834 erat
468 2762 780 2854 Argentinensium²
807 2761 943 2837 allectus
969 2761 1010 2834 ad
1034 2783 1107 2852 eos,
1135 2759 1223 2855 quod
1246 2763 1311 2832 cito

175 2859 326 2934 omnibus
344 2863 487 2932 invitatis
499 2882 564 2932 non
575 2859 841 2949 inveniebantur,
859 2865 912 2954 qui
923 2863 1053 2932 invitari
1070 2868 1225 2954 possent;
1243 2879 1313 2930 non

177 2963 265 3030 enim
288 2955 504 3052 recipiebant³
523 2957 752 3046 elemosinam
781 2957 842 3031 sed
864 2960 990 3030 invitati
1013 2957 1055 3027 de
1077 2959 1313 3048 magistrorum

176 3057 314 3130 licencia
324 3055 413 3127 ibant
423 3059 545 3147 vocati,
563 3077 629 3127 non
648 3054 813 3127 audebant
830 3066 1026 3150 mutareper
1037 3055 1177 3126 diciores
1188 3055 1311 3126 vocati.

176 3155 314 3250 Hocque
331 3151 494 3227 faciebant
510 3150 560 3226 bis
579 3155 612 3224 in
631 3153 683 3225 die
700 3157 734 3224 iu
752 3156 888 3248 campis,
907 3164 940 3225 et
951 3151 1085 3250 quilibet
1101 3152 1185 3224 clam
1204 3152 1313 3224 semel

177 3257 327 3324 innecte.
352 3251 427 3324 Non
444 3249 660 3348 loquebantur
678 3273 752 3322 cum
769 3250 977 3342 mulieribus
990 3274 1055 3322 nee
1073 3271 1174 3344 super
1190 3249 1313 3343 plumis

176 3348 336 3422 iacebant.
365 3347 488 3423 Omnes
513 3347 688 3442 gestabant
713 3371 828 3422 cruces
854 3361 930 3421 ante
954 3359 988 3420 et
1004 3359 1093 3420 rotro
1109 3351 1143 3420 in
1160 3357 1260 3419 veste
1278 3357 1315 3420 et

175 3449 288 3542 pilleo,
305 3445 464 3520 habentes
477 3447 610 3540 flagella
621 3445 771 3520 vestibus
784 3469 943 3541 appensa,
961 3449 1068 3518 necin
1079 3469 1144 3518 una
1155 3443 1313 3538 parochia

175 3546 258 3616 ultra
278 3567 377 3617 unam
394 3555 526 3617 noctem
551 3555 750 3618 manserunt.
786 3544 990 3638 Etingressi
1008 3547 1134 3616 suntin
1151 3543 1314 3614 fraterni-

175 3652 275 3716 tatem
294 3665 409 3718 eorum
425 3643 620 3716 humillime⁴
638 3645 723 3716 circa
742 3643 830 3716 mille
841 3642 1151 3736 Argentincnsium,
1168 3643 1314 3735 promit-

227 3823 257 3893 1)
276 3825 402 3893 litteram,
426 3825 487 3898 quia
506 3826 586 3899 aliqui
606 3828 711 3884 iuuerunt
728 3825 796 3882 inter
813 3841 863 3881 eos
883 3824 1037 3882 sacerdotes
1057 3830 1084 3880 et
1100 3823 1226 3890 littorati,
1254 3839 1311 3878 uo-

174 3897 242 3954 niter
261 3904 289 3954 ct
306 3897 456 3970 ignobiles,
475 3897 599 3954 mulieres
619 3905 646 3953 ot
663 3897 754 3970 pueri,
779 3897 854 3952 cuius
873 3897 959 3954 littere
977 3904 1055 3954 tenor
1074 3894 1169 3951 similis
1189 3893 1262 3963 mint
1281 3893 1311 3949 in

172 3969 205 4025 A.
254 3969 285 4035 2)
305 3977 362 4027 erat
379 3969 544 4042 spirensium
562 3970 594 4026 Α.
644 3971 675 4036 3]
695 3967 812 4024 cuiusuis
838 3969 1010 4026 elemosinam
1029 3968 1057 4024 in
1076 3965 1183 4038 specis,
1209 3963 1307 4020 sedin

174 4052 275 4109 genere
293 4055 342 4111 pro
362 4041 487 4166 parandis
507 4040 646 4111 contortis,
666 4039 751 4096 cereis
772 4047 799 4096 et
817 4040 929 4096 vexillis.
961 4038 1100 4096 Habebunt
1117 4037 1188 4092 enim
1208 4036 1315 4109 pretio-

175 4110 284 4166 sissime
302 4111 362 4166 vem'
381 4129 397 4166 o
416 4112 449 4168 de
469 4112 557 4168 serico
577 4119 604 4166 et
620 4128 724 4194 pupure
744 4117 884 4168 stemate
903 4110 1022 4240 depicta,
1047 4126 1106 4166 cum
1126 4108 1225 4178 quibus
1244 4122 1315 4180 pro—

176 4181 363 4238 cessionaliter
382 4183 544 4250 neusibant3
570 4183 669 4238 invitati
690 4188 776 4239 autem
799 4181 869 4250 totgt
888 4180 915 4238 in
960 4223 966 4238 .
987 4181 1015 4240 iu
1035 4180 1083 4238 der
1102 4179 1170 4236 vin.
1206 4179 1239 4247 4)
1258 4179 1316 4238 btt-

177 4251 287 4308 millime
309 4258 414 4308 centum
434 4258 461 4308 ct
478 4253 567 4329 plures
587 4251 620 4312 dc
640 4252 742 4310 civitate
762 4251 881 4330 Spirensi
899 4253 931 4310 t.
