3036 4822
286 244 359 318 336
553 243 719 302 entenich
738 241 935 302 rmnsttttnt
952 236 1150 302 Srtttttttsttttt.

287 415 329 488 ad
346 438 486 511 presens
497 415 592 510 Spira
604 422 745 490 vocitata
757 429 817 490 ast.
844 414 925 488 ltem
942 417 1089 512 prefatus
1101 416 1264 488 Hernicus
1282 426 1416 510 neamus

287 536 374 586 anno
391 514 576 587 mlxxxvi.
597 515 710 605 [1060
726 526 788 586 οοι.
810 513 871 605 14]
892 513 966 587 huic
982 515 1126 586 ecclesie
1143 512 1293 608 Spirensi
1311 512 1416 584 Win-

287 609 421 684 terbach
447 622 480 683 et
507 610 735 706 Weyblingen
766 633 841 684 eum
872 635 986 687 eorum
1015 610 1215 706 appendiciis
1242 608 1350 699 deditq
1383 620 1418 680 nt

286 707 501 782 winterbach
527 732 601 780 oum
625 715 694 784 suis
722 708 907 782 utilitatibus
930 712 1056 782 serviat
1079 709 1222 782 ecclesie
1248 708 1417 802 Spirensis

287 809 466 897 ceromate,
484 805 712 901 Wepblingen
723 829 807 878 vero
818 811 1047 902 episcoporum
1064 805 1244 880 commodis
1262 809 1399 878 serviat
1405 809 1414 848 ¹

286 903 369 976 Item
386 926 472 977 anno
490 903 610 976 domini
628 929 669 978 m.
672 907 790 978 lxm
812 905 952 995 [10001
935 903 1000 977 f.eb
1011 903 1074 994 19]
1094 925 1154 999 pre
1154 904 1241 977 fatus
1252 903 1417 975 chrious

287 1011 420 1172 ffimms
438 1001 513 1074 huic
530 1007 685 1120 episcopo
704 1013 737 1074 at
754 1005 824 1076 suis
846 1000 1042 1098 sequacibus
1060 1005 1237 1090 concessit7
1263 1011 1299 1072 ut
1314 1002 1419 1072 imis-

311 1102 459 1171 ctionem
483 1098 649 1172 habeant
640 1125 672 1174 m
690 1100 829 1187 ludeos3
853 1098 984 1194 quod
957 1123 985 1171 st
1009 1100 1123 1194 aliquis
1148 1119 1264 1172 eornm
1280 1097 1419 1170 alicuius

287 1200 335 1268 rei
353 1199 512 1270 intereos
531 1210 629 1288 geste
649 1198 814 1270 occultare
832 1199 974 1270 voluerit
990 1199 1177 1284 veritatem
1201 1194 1241 1268 ab
1260 1197 1419 1311 episcopo

287 1295 361 1367 vel²
384 1292 425 1365 ab
450 1317 504 1384 co,
534 1301 586 1390 qni
611 1319 656 1368 ex
681 1305 773 1391 parte
800 1298 945 1390 episcopi
970 1315 1147 1389 synagoge
1174 1303 1300 1388 praest,
1329 1295 1420 1364 iuxta

287 1393 399 1507 legem
418 1414 511 1465 suam
530 1405 679 1486 cogetur„
698 1403 732 1464 ut
747 1391 788 1462 de
807 1414 848 1464 eo
866 1391 951 1487 quod
969 1395 1114 1487 queritur
1125 1413 1244 1463 verum
1260 1388 1422 1476 falcatum

287 1500 321 1561 et
338 1493 366 1562 si
382 1493 468 1562 inter
483 1489 603 1564 ludaos
623 1492 679 1564 vel
698 1499 810 1563 contra
835 1511 894 1563 eos
918 1489 1066 1562 difficiles
1092 1499 1164 1560 orte
1187 1489 1309 1560 fiterint
1332 1509 1422 1602 οιιο-

289 1591 413 1660 stiones
432 1589 487 1659 vel
504 1590 591 1678 lites
618 1589 659 1660 ad
677 1591 876 1684 presentiam
895 1590 1039 1681 episcopi
1063 1586 1262 1675 referantur,
1287 1595 1324 1656 ut
1347 1587 1422 1658 cius

287 1685 423 1756 valeant
438 1685 555 1758 iudicio
572 1688 756 1758 terminari
752 1688 764 1727 3
791 1684 858 1759 Iste
870 1683 1059 1776 liudigerus
1074 1686 1249 1798 episeopus
1267 1680 1422 1777 preben-

288 1779 348 1854 das
366 1792 400 1853 ct
416 1779 602 1856 beneficia
593 1808 626 1856 m
644 1785 785 1856 ecclesia
810 1786 914 1856 ιιιιιοιι
931 1779 1084 1853 Widonis
1108 1783 1242 1854 instituit
1257 1780 1422 1873 largeque

287 1877 420 1950 dotavit
447 1879 603 1975 Sepultus
622 1880 716 1954 ibim
733 1882 837 1953 latere
855 1879 944 1951 chori
964 1881 1108 1966 sinistro,
1126 1876 1180 1950 ubi
1197 1877 1264 1948 tale
1281 1873 1425 1948 habetur

288 1975 483 2070 epitaphium
502 1983 687 2051 metricum:

412 2093 528 2166 Presul
547 2093 648 2166 divini
667 2095 771 2168 oulttrs
790 2094 913 2166 tumulo
931 2091 994 2165 hoc
1010 2095 1096 2165 iacet
1113 2089 1261 2186 sepultus

409 2189 599 2282 liudigerus
617 2196 760 2280 ιιοιιιιιιο,
779 2195 832 2286 qui
850 2191 964 2263 claruit
982 2213 1102 2283 magna
1121 2194 1251 2261 virtute.

410 2287 517 2360 Deum
535 2287 588 2362 hio
604 2293 757 2361 exoravit
772 2288 939 2361 basilicam
957 2288 1106 2383 hanctpre
1124 2286 1248 2359 dotavit

411 2385 590 2458 Prehendis
609 2398 694 2478 οοιο,
713 2388 810 2481 pleno
827 2385 924 2459 tibi⁴
916 2409 986 2458 rure
1004 2395 1154 2482 patrono,

411 2485 557 2572 Quatuor
574 2507 648 2557 cum
665 2485 798 2580 reliquis
817 2483 988 2556 (1οοι1οο1ιιι
1007 2481 1231 2557 considerabis

409 2581 589 2674 Villegium
607 2580 775 2673 Οιιοιιιοι,
793 2585 886 2656 ouius
904 2585 1011 2654 ιιιιιιιιιι
1029 2585 1062 2652 in
1079 2582 1153 2654 lucc
1171 2583 1328 2676 quiescat.

335 2697 498 2770 lohannes
515 2702 608 2770 mi.
628 2698 795 2791 Spirensis
820 2698 963 2769 ecclesie
987 2701 1162 2792 episcopus
1185 2695 1337 2768 resedit
1327 2720 1361 2769 m
1380 2720 1423 2768 en

288 2797 382 2868 annis
405 2799 474 2868 xvi.
510 2795 576 2867 lste
594 2794 757 2867 lohannes
781 2794 840 2866 huit
863 2793 948 2866 lilius
966 2793 1176 2866 Wolirammi
1199 2797 1341 2884 comitisq
1414 2799 1424 2866 i
1513 2795 1514 2822 ³

288 2893 406 2965 multos
425 2895 594 2964 comitatus
613 2903 646 2964 et
662 2895 896 2986 possessiones
916 2889 1056 2962 habebat
1072 2896 1104 2963 in
1122 2889 1335 3006 Kreychgan.
1366 2818 1425 2962 Ἓι

286 2993 400 3082 genuit
411 3011 486 3060 eum
499 2989 541 3060 de
552 2990 689 3081 Αιο1ιι5,
707 3011 822 3062 sorore
839 2989 955 3083 prelati
967 2988 1099 3060 Henrici
1117 2991 1229 3103 quarti.
1258 2987 1301 3059 Et
1317 2989 1425 3062 frater
1513 3001 1514 3006 ’

287 3090 358 3160 eius
377 3108 489 3160 comes
507 3085 611 3160 dictus
624 3087 802 3182 Zeysolhrs
820 3085 931 3157 habuit
947 3085 1045 3160 filiam
1063 3088 1195 3158 nomine
1208 3084 1423 3176 Adelheidis,
1513 3107 1514 3158 t

286 3207 349 3278 que
377 3188 486 3279 nupsit
503 3184 645 3256 Henrico
669 3186 810 3279 palatino
835 3183 876 3254 de
893 3181 1079 3276 ratingen,
1104 3183 1165 3254 sed
1189 3193 1299 3255 tamen
1326 3183 1425 3277 prole
1513 3191 1514 3280 J

286 3285 398 3352 caruit.
434 3281 477 3352 Et
493 3281 535 3352 de
552 3303 680 3374 genere
705 3282 832 3353 illorum
850 3284 942 3352 venit
959 3278 1181 3372 llestenberg,
1207 3279 1426 3354 hleisterselc

286 3376 522 3452 etDiethcscm
541 3379 683 3453 ecclesie
695 3378 854 3474 Spirensi.
882 3379 964 3450 ltem
982 3378 1124 3451 ecclesia
1137 3376 1329 3472 Situsheym
1347 3389 1425 3450 erat
1513 3371 1514 3450 ἶ

286 3475 417 3547 lundata
436 3500 454 3546 a
473 3479 607 3570 proavis
625 3475 700 3548 dicti
716 3473 869 3550 lohanms
888 3498 1033 3570 episcopi
1052 3488 1085 3548 et
1102 3475 1257 3570 disposita
1276 3497 1336 3569 pro
1354 3499 1423 3548 ca-
1513 3515 1514 3564 p

286 3575 420 3646 noniois.
457 3571 542 3645 Nam
560 3573 840 3646 archidiaconatus
859 3584 929 3646 erat
947 3585 980 3644 et
1005 3571 1173 3670 spectabat
1190 3572 1231 3644 nd
1249 3571 1423 3646 Worma·

284 3673 371 3742 tiam.
404 3668 569 3743 lohannes
588 3693 669 3744 vero
687 3674 862 3766 episcopus
880 3670 1047 3767 Spirensis
1065 3669 1227 3742 cambium
1244 3669 1324 3742 fecit
1340 3693 1422 3743 oum

286 3770 441 3862 episcopo
458 3767 694 3840 Wormatiensi
713 3780 746 3840 et
770 3768 857 3838 dedit
874 3768 955 3840 duas
979 3767 1168 3862 parrochias
1192 3789 1252 3862 pro
1270 3769 1423 3841 ecclesia
1513 3773 1514 3824 ἱ

284 3863 461 3938 Sitnsheim
486 3877 519 3937 et
542 3870 717 3938 canomoos
742 3869 774 3938 iu
796 3865 972 3938 Stinsheim
998 3865 1158 3938 transtulit
1182 3863 1259 3935 inde
1286 3865 1422 3960 Spiram
1513 3849 1514 3908 ³

285 3960 326 4032 ad
344 3973 492 4035 sanctum
510 3960 710 4035 Germanum
728 3975 761 4034 et
777 3963 854 4035 fecit
870 3962 911 4034 ihi
931 3961 1234 4034 archidiaconatum.
1278 3961 1322 4034 Et
1340 3985 1423 4035 mo-

339 4102 572 4172 itliemlingUB.
589 4103 614 4174 1,
631 4104 675 4160 56.
712 4105 742 4172 2)
761 4104 793 4160 ab
813 4121 827 4159 e
847 4103 942 4176 iscopo
956 4103 998 4158 rel
1017 4108 1088 4159 utre
1107 4120 1139 4158 aa
1159 4102 1251 4172 tiigen.
1290 4105 1322 4172 3)
1336 4104 1422 4160 hem-

284 4172 346 4300 lag
355 4174 462 4302 :Ufielh
454 4175 521 4243 ,65.
558 4176 589 4240 ιι)
606 4147 660 4230 ’siti
679 4175 799 4244 teatina
841 4174 912 4230 esch
934 4173 964 4242 1,
982 4173 1079 4230 316ιι.
1097 4173 1159 4231 602
1196 4176 1228 4240 5)
1247 4173 1309 4228 W.:
1335 4175 1423 4244 Arda,

431 4263 453 4300 a.
