2882 4818
261 244 333 317 156
561 241 725 298 nonnius
744 241 1082 299 nonwnnnttnoensts

260 415 375 488 bancie
394 425 488 487 etex
505 425 608 487 matre
627 417 669 486 de
686 415 858 489 Hollandia
876 426 998 504 natam„
1020 414 1062 486 ob
1080 415 1198 486 salsam
1222 415 1376 508 suspicio-

260 537 337 586 nem
354 514 501 585 adnlterii
520 515 777 608 decapitaveratq
798 523 891 609 pater
906 523 981 607 post
998 511 1154 583 Ludovici
1172 515 1276 606 quarti
1293 515 1377 607 prin-

261 615 353 706 cipis„
384 633 573 683 convocans
591 610 830 704 burggravium
849 611 890 682 de
907 608 1086 702 Niirnberg
1102 619 1307 704 presentem„
1334 613 1377 702 qui

260 721 294 782 et
310 712 412 804 ipsius
429 703 560 780 Rudoiii
578 713 681 781 extitit
698 708 926 796 consobrinus„
944 712 988 780 ait
1004 709 1064 779 iili:
1083 709 1120 778 st
1130 707 1291 792 liudolfus
1303 727 1378 796 pro

260 816 450 896 annueretur,
474 811 636 896 quomodo
654 827 753 878 essem
770 810 813 877 ud
831 813 899 877 eius
917 811 1037 877 testona
1052 808 1210 877 scaurus?
1242 807 1380 876 nuouu

260 909 407 996 aliquam
423 908 537 995 filium,
564 925 662 994 wem
679 907 778 975 uticii
801 909 897 976 duret
918 909 952 974 in
969 905 1128 974 uxorem?
1154 903 1198 974 Et
1213 903 1270 974 iilo
1287 925 1380 974 asse-

259 1013 365 1092 rente,
383 1002 469 1096 quod
486 1002 647 1075 Rudoiius
666 1025 730 1076 sex
745 1000 881 1074 haberet
897 1001 994 1092 filias7
1013 1001 1103 1072 etde
1121 999 1228 1071 danda
1247 999 1308 1073 sibi
1325 1023 1380 1070 una

261 1099 322 1172 snb
346 1104 490 1173 omniurn
513 1123 623 1172 rernm
649 1123 780 1173 suarum
805 1099 968 1196 ppothoca
995 1109 1155 1190 cavente,
1187 1098 1257 1170 dux
1280 1102 1381 1170 annuit

260 1195 464 1289 Mogontino.
492 1197 587 1286 Quod
605 1200 776 1271 audientes
794 1198 861 1270 dux
872 1199 1018 1270 Saxonie
1030 1206 1063 1268 et
1079 1196 1223 1268 marchio
1233 1195 1381 1270 Brunde-

259 1294 452 1388 burgensis
470 1299 523 1390 qui
543 1301 600 1367 eti
626 1302 735 1369 sinon
754 1293 917 1367 habebant
933 1317 1069 1382 uxores„
1092 1297 1234 1389 receptis
1254 1297 1381 1367 caucio-

260 1391 355 1463 nibus
374 1391 415 1463 de
434 1393 547 1466 dandis
573 1321 632 1466 εἰὶἰ
650 1393 779 1466 Rudolfi
804 1393 944 1478 filiabus
969 1393 1116 1463 similiter
1139 1401 1381 1465 consenserunt.

260 1489 380 1584 Sicque
398 1491 603 1563 concorditer
620 1504 672 1564 est
689 1493 815 1564 eiectus
834 1515 920 1562 anno
932 1490 1051 1562 domini
1064 1491 1381 1565 m.cc.txx.iii.ii.ka-

259 1587 376 1660 lendas
394 1587 535 1660 octobris
557 1591 655 1684 [sept.
667 1588 744 1680 30].

263 1754 360 1844 Quod
375 1741 565 1824 nunciatum
584 1755 650 1839 suit
664 1756 805 1839 liudolfo
828 1760 870 1826 dc
886 1757 1059 1844 liodsdurp
1079 1774 1141 1844 per
1158 1757 1383 1844 durpprociun
1421 1717 1422 1734 ἵ

359 1857 400 1922 dc
418 1854 615 1942 tt'itreuderp,
634 1856 723 1941 quod
738 1853 803 1936 fuit
817 1857 935 1923 electus
951 1858 986 1924 in
1003 1854 1183 1924 Romanum
1200 1873 1319 1942 rupem.

311 1987 542 2078 Burggravius
561 1997 670 2057 autem
686 1989 827 2080 receptis
846 1987 887 2057 de
905 1986 1072 2058 eleccione
1083 1989 1265 2081 principum
1275 1988 1383 2057 literis.

259 2095 357 2156 utens
385 2083 571 2176 diplomate
594 2082 761 2154 Basileam
787 2082 828 2154 ad
851 2083 995 2156 Rudolii¹
1022 2086 1202 2155 exercitum
1226 2088 1259 2154 in
1283 2085 1383 2154 media

259 2192 356 2253 nocte
374 2185 480 2252 venit²
498 2192 648 2274 repente,
666 2205 706 2252 uc
723 2182 806 2251 dicto
825 2179 900 2252 sibi:
920 2182 1005 2276 quod
1024 2191 1115 2252 esset
1131 2204 1207 2270 rexq
1225 2181 1292 2270 itte
1311 2206 1385 2254 cre·

259 2279 342 2350 dens
362 2301 400 2351 se
416 2279 495 2367 ludi,
524 2288 635 2350 contra
659 2275 898 2370 burggravium
917 2276 1120 2350 movebatur.
1156 2277 1216 2350 ttte
1234 2301 1318 2350 vero
1335 2281 1385 2350 di-

260 2401 356 2449 oens:
385 2379 478 2447 Absit
500 2381 589 2464 quaed
610 2381 793 2447 occludam
810 2379 1061 2448 ualentissimum
1078 2379 1306 2446 dominorum!
1331 2377 1384 2450 sibi
1423 2419 1424 2422 =

261 2478 415 2569 exposuit
439 2479 559 2546 seriem
587 2477 635 2544 rei
659 2485 767 2566 geste.
810 2473 887 2544 Rex
911 2495 995 2546 vero
1020 2473 1171 2564 andienS,
1200 2475 1283 2546 filias
1312 2499 1383 2550 suas

260 2582 418 2666 nupturas
437 2575 532 2643 tantis
550 2571 761 2666 principibus
790 2571 831 2641 de
855 2575 1071 2666 prosperitate
1089 2595 1149 2644 stra
1167 2573 1268 2663 digne
1286 2577 1384 2666 gavi-

260 2692 332 2757 sus,
360 2669 597 2761 burggravium
624 2673 654 2740 in
681 2671 844 2740 civitatem
867 2669 1034 2740 Basileem
1059 2667 1116 2740 ad*
1142 2673 1335 2764 episcopum
1356 2681 1385 2741 et

260 2767 299 2837 ad
334 2769 470 2839 Psiticos
504 2770 574 2838 cius
600 2769 747 2838 inimicos
775 2787 835 2859 pro
863 2769 968 2838 amica
992 2767 1233 2838 reformacione
1262 2769 1384 2840 direxit

261 2863 412 2935 Audiens
430 2874 539 2934 autem
557 2867 732 2958 episcopus
750 2861 835 2958 quod
853 2863 973 2935 iactum
991 2875 1055 2954 est,
1080 2887 1118 2935 se
1135 2869 1331 2958 percuciens
1347 2865 1385 2935 ad

260 2961 399 3032 frontem
418 2961 511 3032 dixit:
537 2963 620 3031 Sede
636 2960 767 3046 sortiter
784 2965 914 3030 domina
930 2965 1017 3052 deus,
1035 2967 1087 3032 uel
1100 2965 1208 3034 locum
1225 2970 1313 3034 trram
1329 2985 1386 3034 oc-

260 3061 395 3148 cupabit
409 3059 589 3144 Hudotsus!
623 3057 733 3129 Ambe
750 3061 849 3150 igitur
865 3071 977 3152 partes
996 3083 1069 3130 com
1088 3057 1295 3152 magnatibus
1312 3063 1384 3132 itta-

260 3179 330 3226 rum
349 3159 507 3249 parcium,
526 3179 599 3226 enm
617 3179 701 3246 rege
720 3167 753 3226 et
769 3159 900 3246 regina„
919 3178 1035 3228 sorore
1052 3155 1180 3230 Altero
1200 3163 1385 3230 strennus-

261 3255 333 3324 simi
353 3255 478 3324 comitis
497 3253 538 3322 de
555 3251 778 3344 Hohenberg5
806 3253 1010 3347 Aquisgrani
1033 3277 1093 3348 pro
1120 3259 1265 3348 ipsorum
1289 3279 1383 3328 eoro-

261 3353 401 3420 nacione
418 3353 556 3442 egregie
574 3359 650 3421 sunt
666 3351 832 3444 profectu
848 3349 949 3422 rebus
968 3374 1028 3445 per
1044 3356 1152 3424 omnia
1170 3351 1257 3424 benc
1275 3355 1382 3446 gestis.

263 3516 360 3603 Quod
376 3518 417 3586 dc
433 3519 536 3683 fluidus
550 3517 683 3598 filiabus
698 3521 841 3606 predicti
858 3519 953 3587 electi
970 3538 1091 3608 unoquo
1111 3523 1288 3608 propendeo
1304 3539 1385 3608 pru-

357 3633 438 3683 ceco
452 3669 458 3684 .

307 3745 362 3818 Fu
378 3744 439 3817 hiis
457 3749 565 3840 itaque
583 3745 684 3818 tribus
703 3746 830 3820 otiatus
848 3748 1055 3840 multidnees
1066 3749 1235 3842 Bawarie,
1247 3749 1384 3821 Saxonie

260 3856 293 3916 et
311 3843 516 3916 marchiones
537 3847 570 3915 in
587 3843 829 3938 Brundenburg
851 3859 1097 3940 processerunt.
1140 3847 1239 3920 Dedit
1264 3869 1381 3942 quoque

259 3965 322 4014 rex
338 3964 437 4012 unam
455 3941 594 4013 filianrm
607 3941 728 4012 Karolo
748 3947 860 4032 tercio„
879 3948 989 4038 nepoti
1001 3945 1111 4017 Karoli
1123 3943 1292 4018 Martenoi
1309 3967 1383 4040 pre·

261 4039 347 4130 tien,
371 4042 444 4131 regi
463 4039 585 4130 Siciliea
611 4063 655 4110 ex
679 4063 741 4134 qiua
766 4064 868 4134 rogos
886 4041 1049 4136 Ungarieff
1075 4041 1258 4115 Clementia
1276 4047 1380 4136 regina

245 4193 247 4200 ·
317 4167 346 4236 i)
374 4169 514 4223 itudolium
534 4169 562 4223 B.
598 4169 630 4237 2)
655 4171 789 4225 coevitB.
827 4174 857 4238 3)
884 4173 916 4228 ad
937 4174 1002 4228 iehit
1021 4173 1046 4229 in
1066 4173 1093 4230 B.
1131 4175 1162 4243 4)
1189 4174 1303 4246 proiecti
1327 4169 1381 4228 tettt

264 4239 289 4293 in
309 4239 336 4294 B.
375 4241 405 4307 5)
424 4238 478 4308 egl.
500 4238 543 4294 die
562 4255 629 4296 anm.
649 4241 666 4295 3
685 4242 732 4299 aui
748 4242 815 4298 seito
835 4242 894 4300 150.
