2882 4818
339 231 505 288 MATHHAS
528 232 865 290 uustvuauuuuaums.
1092 236 1156 308 171

76 407 120 476 tu
132 409 309 500 mnemon,
327 412 482 504 promisit.
509 409 620 482 Noluit
637 412 723 480 anim
741 412 773 480 iu
790 407 950 480 heredum
960 409 1162 482 destructio·

74 525 128 574 uem
141 525 173 574 se
190 515 272 576 tauto
293 508 439 602 periculo
457 529 627 601 exponere
650 528 709 600 pro
732 509 866 578 incerto.
918 506 971 576 Do
997 528 1060 600 quo
1087 529 1162 577 cum

76 603 177 673 nuitum
192 613 378 676 mactaretur
394 628 455 700 per
472 605 600 694 sedemq
624 602 757 677 tandem
775 607 807 677 iu
824 607 1021 676 macarium
1038 603 1163 677 resedit

74 702 215 773 consitium.
263 701 493 776 Recenserunt
510 705 610 793 enim:
635 712 827 797 quantuma
851 713 998 795 tempore
1022 723 1161 795 promo-

74 797 288 890 comitatui„
306 803 407 894 patris
419 804 482 891 sui,
500 801 553 872 illa
565 801 662 872 suerit
672 803 851 894 progenies
864 801 1019 888 exaltata,
1036 803 1069 870 in
1081 821 1161 871 ser-

73 897 176 966 narrem
190 897 293 988 redigi
311 920 350 970 se
368 901 530 970 timentes.
556 895 647 970 Dixit
664 901 750 969 enim
768 919 869 992 papa:
888 899 960 968 Noc
974 899 1162 982 fictoiocntc

73 995 242 1086 utodasudcl,
260 996 421 1068 denotans
432 993 614 1090 Elyzabeth
632 999 796 1088 reginam,
814 1017 877 1090 que
896 1017 941 1068 ex
951 1005 1055 1066 matre
1067 1016 1162 1068 soror

72 1094 146 1161 extitit
161 1090 337 1166 Conradini.

123 1189 174 1261 Hic
186 1190 371 1266 Boniiaoius
389 1191 538 1266 alludens
557 1213 618 1264 suo
635 1195 786 1286 tempori:
807 1194 1022 1264 centesimum
1041 1212 1161 1262 annum

71 1290 151 1357 statuit
164 1285 325 1382 iuhiieum,
342 1293 375 1362 in
393 1311 469 1386 quo,
491 1291 616 1364 scilicet
632 1289 806 1362 uuillesimo
823 1291 1069 1379 trecentesimo,
1087 1289 1162 1360 Ro-

71 1405 133 1455 mam
151 1387 310 1459 multitudo
334 1390 477 1460 maxima
501 1386 694 1460 confluebat.
747 1386 844 1459 Hunc
864 1386 1067 1458 Boniiaoium
1090 1385 1162 1456 Co-

70 1481 245 1576 iuupuenses
262 1484 305 1556 de
325 1485 446 1558 auxilio
463 1485 581 1558 Franci
592 1486 737 1557 Ananie¹
752 1487 965 1579 captivarunt.
1004 1483 1066 1572 Qui
1084 1495 1162 1556 ten-

70 1587 116 1667 tus
134 1581 261 1654 necdum
279 1583 353 1656 illos
375 1579 553 1654 absolvere
569 1584 685 1673 voluit,
709 1586 809 1654 immo
827 1583 964 1678 amplius
984 1581 1162 1671 maledixit,

70 1685 91 1744 at
104 1699 150 1770 pre
164 1681 207 1750 ira
223 1703 341 1752 manus
367 1679 558 1770 corrodensa
583 1680 715 1752 tandem
738 1679 893 1753 liberatus
917 1702 978 1774 per
994 1680 1162 1752 Romanos

69 1774 211 1864 egrediens
234 1775 277 1849 da
295 1777 440 1865 Amantia,
464 1800 649 1852 conversus
674 1778 808 1850 adeam
833 1776 927 1849 dixit:
956 1779 993 1848 Sc'
1009 1797 1074 1848 non
1091 1797 1163 1848 mc

68 1877 163 1942 attacta
178 1880 229 1965 tui,
246 1878 402 1947 obliuioni
418 1879 513 1948 detur
530 1880 667 1947 declara
679 1877 774 1948 uteo!
799 1877 925 1947 Verum
936 1873 1082 1946 breviter
1096 1898 1163 1946 ex-

68 1971 157 2060 piravit
181 1972 289 2062 [1303
308 1973 459 2064 ootiil.
510 1973 573 2044 Hic
590 1984 641 2047 est
657 1973 858 2062 Boniiaoiusa
882 1971 923 2044 de
948 1995 1012 2067 quo
1035 1971 1162 2062 dicium,

69 2066 317 2157 nodosissimo
343 2070 575 2164 predecessori
602 2093 676 2162 suo,
703 2075 812 2166 utique
840 2081 967 2160 sancto,
995 2069 1072 2143 sub²
1099 2092 1163 2165 quo

70 2167 134 2234 curia
150 2165 252 2260 doluit„
279 2191 318 2240 se
334 2171 368 2240 in
384 2167 484 2241 lucris
502 2190 569 2240 non
585 2169 760 2266 proficere7
784 2191 844 2264 per
865 2169 1001 2260 longam
1024 2190 1163 2241 monam

67 2259 238 2354 inprobatur:
269 2267 426 2338 celestino
444 2267 543 2337 cede!
573 2269 729 2338 Calactino
747 2269 846 2340 cada!
886 2267 958 2354 Quo
977 2269 1080 2336 eciam
1099 2287 1162 2336 ce-

66 2356 149 2450 dente,
169 2374 199 2434 et
213 2363 381 2436 Boniiacio
399 2373 563 2458 tamquam
581 2367 763 2438 certissimo
782 2375 905 2453 creato:
931 2385 1004 2434 cnm
1021 2362 1162 2458 populus

65 2471 268 2533 recordatui
291 2465 438 2556 papam:3
466 2461 653 2534 Boniiaoius
679 2461 742 2532 hoo
765 2460 825 2533 sub
851 2464 1162 2531 excomunicaoione

65 2551 219 2648 prohibens:
237 2561 505 2633 constitucionem
524 2557 634 2648 edidit
653 2585 715 2655 qua
726 2583 844 2655 popam
855 2580 956 2655 posse
967 2561 1162 2629 renunciare

64 2659 164 2745 papatui
186 2655 383 2746 declaravit:
411 2661 484 2751 quia
505 2657 609 2747 multi
635 2667 827 2730 asserentes
852 2658 1061 2742 contrarium
1086 2677 1162 2725 eum

65 2769 155 2842 papan
169 2751 344 2847 negabant.
394 2755 457 2826 Hic
474 2754 614 2826 condidit
631 2755 772 2826 Sextum
789 2753 1023 2843 Decretalium,
1048 2757 1079 2824 in
1099 2773 1162 2848 quo

65 2845 179 2920 ciuitate
197 2863 228 2924 et
244 2862 422 2924 venustate
440 2851 621 2925 dictaminis
645 2875 774 2942 omnesq
794 2855 1005 2945 quiunquam
1026 2853 1058 2922 in
1076 2853 1161 2922 iure⁴

65 2947 243 3042 scripseram„
261 2953 451 3023 antecessit.
497 2949 606 3021 Edidit
622 2953 726 3022 eciam
744 2952 1029 3022 constitucionem:
1058 2949 1163 3038 Super

65 3045 230 3138 catedram,
248 3069 392 3140 gravem
402 3045 583 3120 Minoribus
596 3046 908 3122 etPredioatoribus.
945 3048 1017 3132 Quo
1035 3055 1162 3118 mortuo

64 3137 229 3220 Benedictus
245 3149 297 3220 xi⁵
317 3167 493 3218 successor
511 3149 596 3236 eius„
621 3147 673 3239 qui
691 3145 750 3216 fuit
766 3143 965 3232 Predioaton
983 3142 1059 3214 iecit
1076 3165 1162 3212 con-

64 3239 250 3315 stitucionem:
277 3245 366 3316 Inter
383 3251 523 3330 cunctos,
550 3265 612 3338 per
629 3263 726 3336 quom
743 3245 915 3313 revocavit
939 3240 1046 3310 aliam.
1089 3239 1162 3326 Quo

65 3338 143 3408 roiam
158 3339 214 3411 sub
226 3341 366 3414 Alberto
383 3363 467 3434 rege
484 3352 612 3414 mortuo
627 3339 740 3432 [1304
750 3341 806 3412 iuli
818 3338 856 3429 7]
872 3348 1002 3410 oreatus
1014 3346 1065 3410 est
1077 3336 1161 3409 Cle-

64 3449 135 3504 nens
150 3441 286 3532 quintus,
303 3437 445 3528 wasco:
463 3441 514 3531 qui
534 3441 820 3510 constitucionem:
848 3438 953 3525 Super
971 3436 1162 3506 cathedram

65 3539 216 3608 renovarit
267 3537 310 3607 Et
327 3559 372 3608 ex
389 3547 466 3608 tunc
482 3539 572 3608 curia
595 3535 654 3606 iuit
670 3558 688 3606 a
706 3535 812 3606 Roma
836 3533 1002 3605 translata.
1053 3535 1161 3606 Primo

64 3629 129 3698 cuim
144 3631 196 3703 suit
211 3634 445 3726 inBurdegali
463 3643 577 3727 postea
597 3629 891 3728 superliodanum.
928 3631 990 3704 llic
1001 3633 1162 3702 concurrit

65 3743 118 3794 cum
133 3725 277 3804 Heinrico
295 3736 502 3826 imperatore.

98 3819 153 3894 Iste
162 3827 316 3902 nicenus
334 3853 397 3902 rex
413 3830 620 3918 monoculus,
647 3838 764 3923 potens
782 3831 815 3899 in
832 3825 1161 3920 regnomamamne„

64 3925 86 3984 tt
99 3919 161 4037 inibi
176 3925 248 4000 filiis
267 3932 335 4002 suis
354 3931 461 3999 omnia
480 3950 543 4022 que
560 3931 661 4021 potuit
678 3924 858 4016 attrahens
875 3935 985 4021 partes
1003 3925 1161 3996 aliusnon

65 4031 170 4092 curam.

91 4165 133 4242 ‚¹)
149 4171 237 4227 druria
255 4174 282 4230 Β.
320 4173 351 4242 2)
371 4175 421 4230 sub
441 4191 487 4230 aus
506 4176 537 4230 Α.
557 4181 683 4244 argtum:
708 4175 741 4230 do
760 4189 812 4245 ouo
832 4173 912 4246 cusp.
950 4174 980 4240 3)
1000 4171 1161 4227 Cciestinum

69 4233 111 4287 soi.
126 4239 171 4295 wie
188 4245 251 4300 auch
270 4247 301 4302 Α.
322 4247 374 4302 hat.
411 4247 442 4314 d)
462 4263 494 4302 so
512 4247 554 4316 Ao
573 4264 601 4300 re
620 4247 647 4300 B.
684 4250 715 4314 5)
734 4245 769 4300 ix.
790 4245 816 4300 B.
