2900 4820
416 245 580 306 unumne
598 241 939 304 numvmnuraunsrs.
1169 245 1242 322 267

113 435 221 500 tentes
240 445 303 518 per
317 422 498 518 predictum
519 433 647 517 tempus
665 420 889 495 obedienciam
906 418 1072 512 magistris
1089 417 1242 492 Sueuo-
1260 417 1331 478 ¹34⁹

112 548 195 598 rum.
229 523 347 597 Nullus
371 518 601 615 recipiebatur7
624 523 686 594 nisi
709 523 912 614 promitteret
936 539 1075 590 servare
1097 516 1242 612 predicta

111 645 174 719 per
189 620 355 716 predictos
375 619 459 708 dies,
477 629 511 692 et
526 621 589 692 nisi
606 615 742 691 baberet
760 617 952 712 expendere
969 615 1066 688 indie
1076 615 1119 688 ad
1135 620 1242 704 minus

113 731 252 817 quatuor
274 717 442 806 denarios,
466 739 509 786 ne
527 715 703 806 mendicet
726 727 760 788 et
775 719 838 789 nisi
861 719 1075 808 promitteret,
1099 736 1138 788 se
1162 735 1243 788 esse

114 817 306 892 confessum
317 827 355 886 et
371 817 540 888 connitum
553 825 587 886 et
601 817 774 887 remisisse
791 835 921 886 omnem
939 815 1088 884 inimiam
1105 814 1242 885 inimicis

113 926 148 988 et
171 913 296 988 babere
319 916 432 986 rixeris
457 917 658 986 assemsum.¹
692 911 950 1004 Diviseruntque
976 932 1014 982 se
1038 911 1243 1000 Argentine3

112 1037 194 1110 pars
206 1015 294 1084 eninr
305 1010 486 1100 descendit,
505 1010 607 1082 altera
625 1033 702 1104 pars
721 1008 881 1098 ascende,
898 1010 1075 1100 magistros
1088 1011 1243 1081 intereos

113 1111 264 1186 similiter
281 1107 477 1182 dividentes.
509 1105 661 1200 Magistri
679 1129 808 1202 quoque
824 1105 1018 1198 Argeubnis
1039 1109 1244 1199 repentinam

113 1211 375 1300 castigacionem
392 1208 524 1278 nimiam
541 1203 765 1298 prohibebant.
792 1206 960 1298 Tantaque
978 1201 1186 1276 confluebant
1202 1197 1244 1274 ad

113 1328 176 1380 ees
195 1305 416 1380 multitudines
435 1301 725 1392 descendendum,
743 1300 999 1376 escendencium
1016 1311 1051 1372 et
1066 1309 1244 1373 transver-

112 1405 248 1492 salium
272 1402 358 1496 quod
374 1423 473 1474 nemo
496 1411 624 1496 poterat
643 1424 830 1474 numerare.
856 1399 908 1470 De
927 1419 990 1492 quo
1007 1419 1072 1470 rex
1089 1397 1244 1488 tamtus

112 1506 194 1574 item
211 1501 323 1594 plures
347 1500 497 1574 ordinum
520 1497 779 1574 mendicaneium
797 1497 936 1572 etmulti
955 1496 1162 1572 sacerdotum
1179 1495 1246 1570 do-

112 1597 256 1672 lebant²

113 1753 167 1824 De
188 1753 345 1826 electione
369 1751 525 1822 Giietbert
544 1753 585 1822 cte
606 1751 810 1842 Secruburp,
830 1751 1045 1820 strenntrstmt
1065 1757 1097 1818 et
1114 1750 1247 1818 animc-

217 1852 338 1920 sisstmi
364 1853 505 1938 cernitis,
537 1853 572 1920 tn
599 1851 780 1919 Romanum
807 1868 916 1938 repent
945 1855 1061 1920 eontra
1089 1849 1247 1916 iteratum

219 1957 372 2038 quartum
390 1951 493 2032 fitium
516 1947 672 2018 lobannis
692 1951 780 2037 repis
800 1947 961 2018 Bcbemie.

167 2063 356 2136 Giintherus
384 2085 496 2135 eomes
520 2061 562 2132 de
585 2060 793 2153 Sruarzburg
817 2060 1010 2153 Tiritringie
1038 2063 1132 2137 etatis
1161 2063 1246 2134 eirca

115 2161 492 2260 quadragintaquinquel
505 2182 677 2249 annorum,
688 2163 740 2233 vir
750 2158 918 2248 rebustus5
930 2157 1120 2249 bellicosus
1132 2169 1247 2234 siren-

113 2283 203 2335 uuus
221 2257 431 2353 prudensque
449 2263 482 2330 in
498 2256 606 2348 bellis,
624 2261 728 2353 quiin
746 2260 888 2330 servicio
906 2255 1051 2328 Heinrici
1064 2256 1248 2348 linguntini

116 2371 151 2432 et
169 2355 333 2454 quendmn
346 2353 515 2428 Ludcwici
533 2359 685 2449 principis
704 2356 875 2450 plurimum
893 2353 1066 2444 laboravit,
1085 2356 1202 2448 quique
1215 2358 1248 2424 in

114 2451 266 2551 pluribus
284 2451 485 2526 conflictibus
503 2455 641 2548 propriis
658 2453 797 2526 feliciter
821 2454 1015 2548 prevalens„
1040 2449 1197 2545 capienda
1216 2460 1249 2521 et

115 2551 273 2626 talbendo
290 2547 433 2624 barenes
452 2550 625 2644 plurimum
643 2561 695 2622 est
712 2550 843 2640 ditatus,
861 2575 880 2622 a
898 2547 1108 2644 principibus,
1126 2547 1248 2620 Ksrcle

116 2650 303 2738 contrariis
331 2657 366 2718 ut
389 2671 428 2719 se
451 2651 639 2739 intromittat
663 2647 704 2718 de
726 2670 847 2739 regno,
874 2659 1020 2738 regatur.
1056 2648 1117 2736 Qui
1144 2649 1249 2740 prime
1343 2679 1345 2684 ·

114 2767 301 2838 rennuensq
329 2745 461 2820 tandem
488 2767 529 2817 eo
557 2756 652 2840 paeto
680 2749 806 2818 annuit:
837 2749 863 2818 si
888 2749 922 2818 in
943 2741 1162 2817 Frankeniert
1189 2766 1250 2839 per

114 2847 334 2939 principeset
357 2841 484 2916 nobiles
510 2846 747 2916 sentenciatum
772 2843 880 2934 suerit,
905 2865 1029 2916 vacare
1051 2864 1193 2933 regnum
1217 2851 1251 2914 et

114 2944 303 3038 imperimm
323 2943 490 3035 maiorque
507 2963 585 3034 pars
602 2943 798 3034 principum,
816 2944 869 3034 qui
882 2941 1028 3015 similiter
1038 2964 1097 3035 per
1108 2951 1250 3012 senten-

115 3045 202 3115 ciam
221 3038 377 3111 declarati
390 3035 510 3110 luerint
521 3041 572 3112 ius
586 3035 722 3128 habere,
739 3041 847 3132 ipsum
865 3036 989 3132 absque
1001 3040 1087 3110 omni
1099 3039 1250 3131 symonia

115 3137 285 3228 elegerint
301 3145 435 3229 propter
452 3133 569 3222 deum3
588 3133 718 3208 dicens:
735 3157 770 3206 se
784 3139 1004 3224 expositarum
1020 3139 1177 3224 periculis
1185 3155 1251 3224 pro

172 3265 202 3334 1)
222 3266 286 3320 Post
303 3265 353 3320 bec
372 3264 398 3319 in
418 3265 521 3322 civitate
541 3267 617 3340 Spina
641 3267 711 3322 bene
736 3267 841 3324 ducenti
855 3265 935 3391 pueri
959 3265 1101 3321 duodecim
1121 3281 1250 3320 annornm

114 3344 187 3394 etate
208 3335 407 3406 obligaciouem
427 3337 547 3392 lecerunt
566 3342 592 3391 et
611 3353 641 3392 se
660 3337 692 3392 ila
716 3337 831 3394 ellabant
868 3337 926 3406 clgt
944 3336 971 3392 in
989 3337 1020 3393 Α.
1061 3353 1106 3392 wc
1126 3336 1250 3408 dagegen

114 3409 371 3488 Diviseruntque7
386 3406 564 3488 prehibebcnt
582 3408 654 3462 ieblt.
692 3353 723 3474 ἕ)
743 3409 770 3463 ln
784 3409 815 3463 Α.
832 3409 901 3478 iolgt
917 3407 1001 3463 noch:
1020 3378 1054 3461 tlt
1090 3415 1180 3480 repter
1199 3407 1251 3463 ali-

115 3497 185 3606 puas
211 3479 404 3558 collugeercnes
424 3485 451 3558 et
468 3495 563 3534 nunuas
589 3477 771 3534 multitudines
790 3485 817 3534 et
842 3480 903 3550 quia
922 3479 1047 3536 velebant
1072 3425 1250 3534 draternitat-cs

127 3567 208 3606 rcere
228 3548 371 3616 durantes,
390 3549 521 3606 desistere
540 3557 603 3604 sunt
622 3549 717 3606 coacti.
746 3551 785 3606 Dc
804 3551 907 3608 basilea
926 3551 996 3609 enirn
1015 3549 1120 3606 ciuitate
1138 3551 1172 3608 de
1191 3566 1251 3606 rne-

114 3621 232 3677 lioribus
259 3625 362 3674 centurn
381 3619 422 3674 vel
448 3619 517 3675 circ-a
544 3619 748 3692 colligaeionem
775 3623 896 3680 lecerunt
920 3627 946 3677 el
970 3620 1116 3678 secundum
1143 3621 1250 3678 modum

116 3692 266 3766 predictum
291 3707 321 3743 se
346 3688 546 3758 flagellaverunt
571 3699 597 3746 et
622 3710 655 3746 ex
682 3692 829 3747 devocione
848 3691 1004 3748 Arinienanr
1029 3699 1168 3746 venerunt.
1200 3691 1250 3747 Ubi

115 3781 178 3818 cunr
196 3762 337 3817 venissent
356 3767 382 3816 et
400 3777 430 3816 se
449 3762 645 3833 damnassent,
673 3763 784 3820 relatum
810 3764 859 3818 tuit
878 3763 1004 3818 Clementi
1029 3781 1061 3834 pa
1082 3779 1096 3816 e
1116 3764 1149 3819 de
1169 3762 1250 3816 merlo

114 3831 304 3914 peniteneium.
322 3831 406 3914 'lpse
424 3833 497 3957 ‹pucd
516 3833 567 3888 sibi
587 3834 653 3959 ipsis
673 3834 755 3904 [Ursi.
775 3833 1010 3917 ipsilvbuiusmedi
1030 3779 1206 3914 aidiecionem
1226 3837 1252 3886 et

114 3903 708 4046 mlltttttttttttb)‘littlt
723 3922 1052 4044 illisttittilttn
1065 3905 1124 4030 iil
1144 3903 1250 4055 illiti

114 4047 150 4100 Et
174 4061 243 4126 papa
270 4044 319 4099 sub
344 4061 412 4115 pena
438 4046 721 4124 excommunicationis
746 4048 797 4102 late
822 4046 959 4102 sentencie
985 4045 1050 4117 ipsis
1072 4051 1100 4100 et
1126 4045 1250 4100 omnibus

115 4117 218 4172 Cirrmtr
239 4113 360 4170 fidelibus
379 4113 524 4197 prohibuit,
543 4135 576 4172 ne
595 4117 628 4172 de
648 4124 738 4174 cetere
758 4117 988 4187 ilagellaciaulbus
1008 4115 1121 4189 publicis
1142 4121 1251 4175 uteren-

115 4185 504 4314 ‘uf'rseffhpeflidl2¹⁸h⁵‘ss¹ur⁸“'¹¹
520 4205 622 4246 camera
636 4195 732 4264 posset
746 4207 850 4248 earnem
866 4206 941 4246 suam
956 4187 1099 4260 flagellare.
1131 4188 1162 4258 3)
1176 4187 1252 4246 Batr-

116 4273 199 4314 mers
254 4273 282 4313 sc
302 4274 324 4312 rr
386 4273 400 4312 a
430 4273 485 4314 uu.
