2966 4842
419 221 825 284 corruimusmmnusis.
1180 235 1203 306 9

67 404 171 488 sinm3
190 397 252 472 sed
268 401 321 472 ios
340 399 564 472 seuiusiiiium
582 420 679 492 quam
688 397 879 474 Beruenses
895 398 1020 474 eisdem
1039 399 1204 474 exinhue-

66 507 142 569 runi
159 499 300 570 oomiies
318 505 352 566 ei
368 505 444 568 ente
461 495 535 566 dieii
553 494 673 567 domini
696 494 736 566 ab
753 501 833 592 ipsis
851 501 1000 592 recipere
1018 499 1204 592 noluerunt,

66 595 236 667 dieentes:
261 597 352 683 qood
372 599 442 664 siue
465 599 554 664 moui
575 599 803 666 misericordia
826 605 859 666 ei
871 601 985 687 qratia
1002 607 1035 668 ai
1047 602 1117 668 siae
1134 603 1206 670 iore

65 698 136 764 εεειι
157 697 288 762 iustitio
304 696 427 782 velient,
445 695 534 780 quod
549 695 727 763 Beruenses
743 697 961 783 adimplerem
974 699 1209 784 otpirfioereoi

66 811 130 880 que
147 795 214 880 ipsi
231 792 275 860 ab
292 793 412 860 eisdem
424 799 573 879 potorem
587 799 620 860 ei
629 795 840 880 postularent.
857 790 1059 864 Deridebeni
1076 815 1204 888 quoque

65 888 207 984 predicti
224 891 361 960 comites
385 897 418 958 ei
434 886 555 959 domini
572 910 752 983 eorumque
770 889 936 962 adiutores
955 893 1120 986 veterique
1138 891 1205 963 ed-

65 985 228 1058 herentes
245 989 336 1079 ipsos
352 983 557 1076 Beruenses„
575 985 728 1057 dieeudo:
747 990 836 1076 qood
851 992 919 1057 iam
935 1008 1088 1078 mquam
1104 987 1205 1074 fora-

66 1105 142 1154 meo
155 1088 363 1173 proieceritis
377 1103 441 1172 per
457 1087 645 1172 imperialia
657 1088 836 1175 priviloqio
846 1088 1057 1156 Boromumm
1069 1095 1206 1176 propter

67 1185 296 1270 espuisioaem
307 1185 557 1252 triumvirorum
571 1187 810 1272 predictorum
827 1194 860 1254 ei
873 1187 945 1277 quia
958 1185 1056 1256 eiiam
1066 1183 1206 1257 i'uisseni

67 1286 175 1378 parati
192 1279 385 1352 Beruenses
410 1277 494 1350 dieto
518 1277 648 1352 domiuo
674 1279 715 1350 de
732 1278 873 1374 Kyburg
897 1303 934 1352 se
952 1279 1100 1372 obligare
1120 1279 1206 1376 quod

67 1402 178 1475 usque
195 1376 238 1448 od
256 1387 382 1448 cerium
398 1380 571 1448 termnum
588 1376 737 1451 homines
755 1399 834 1450 suos
846 1378 985 1450 deterre
1004 1401 1063 1452 suu
1080 1379 1114 1449 in
1125 1401 1205 1452 suos

68 1478 262 1570 burgenses
285 1495 492 1570 nequaquem
508 1477 705 1570 resipereub
728 1497 793 1547 nee
810 1480 917 1570 ipsum
939 1499 1001 1571 per
1022 1475 1206 1550 huiusmodi

68 1571 843 1672 reoeptiouemsuornmbominnmmolesiarent.
942 1573 998 1646 Sie
1009 1597 1091 1666 ergo
1102 1577 1206 1648 satis-

69 1671 224 1746 iaciendo
242 1681 277 1742 ei
291 1671 454 1742 humiliter
470 1668 702 1764 respondendo
713 1669 918 1766 petitionibus
931 1671 1123 1766 supradietis
1142 1693 1205 1744 su-

69 1793 167 1843 orum
184 1768 339 1858 hostium,
363 1767 555 1840 Beruenses
578 1791 638 1863 pro
655 1771 819 1840 eommuni
835 1791 918 1862 paee
938 1779 970 1840 et
986 1791 1045 1864 pro
1063 1791 1206 1842 oonser-

69 1873 322 1942 resonemus
345 1869 500 1960 preoipue
524 1887 562 1938 se
585 1871 676 1960 ipsos
700 1869 733 1936 in
750 1877 875 1938 mutium
890 1864 1156 1957 humiliaverunt,
1174 1877 1207 1937 ei

72 1971 142 2038 suis
160 1961 309 2037 bosiibns
328 1985 367 2036 se
385 1961 535 2036 snbioere
552 1965 739 2052 voluerum„
758 1963 843 2058 quod
861 1986 975 2037 eorum
992 1963 1105 2038 hostes
1123 1987 1206 2060 pre-

72 2063 148 2135 dieii
172 2071 208 2132 ei
229 2063 329 2132 vieini
353 2059 490 2132 eosdem
506 2059 698 2134 Beruenses
722 2060 900 2132 deridendo
916 2085 958 2134 uo
974 2059 1207 2135 suhsanmndo

73 2164 192 2254 cuique
216 2179 331 2229 eorum
356 2159 521 2230 oivibntem
538 2157 579 2228 de
596 2159 705 2230 Beruo
724 2162 858 2231 exeunti
875 2169 909 2230 et
925 2159 966 2230 od
984 2160 1082 2232 olinm
1098 2159 1207 2231 locum

73 2258 266 2330 diverieuii²
274 2255 487 2327 dixerunitb'i
493 2259 697 2346 esdeBmua
705 2261 829 2328 iooiioa
835 2267 873 2346 ie,
881 2261 1039 2330 eidimiile
1046 2257 1208 2328 transire!

121 2358 178 2430 Ao
188 2353 340 2426 domiuus
352 2351 542 2426 Gerherdus
553 2353 596 2424 de
605 2351 764 2426 Veleudis
777 2353 976 2449 sepedictus,
989 2359 1209 2450 spiranspre-

75 2459 169 2549 eipue
188 2456 296 2524 mines
314 2461 346 2522 ei
363 2449 465 2524 cedes
483 2459 516 2520 ei
531 2453 664 2524 iniurias
676 2455 709 2522 iu
718 2449 957 2541 Berueusibus
976 2452 1047 2524 aliis
1058 2448 1208 2524 omuibus

76 2551 216 2623 dominis
241 2559 275 2619 et
297 2546 465 2620 comitibus
483 2547 635 2643 predictis
654 2547 761 2620 adhue
782 2547 1037 2644 quiescentibus,
1059 2553 1132 2643 ipse
1149 2572 1210 2644 pre

76 2652 197 2720 esteris
215 2645 374 2719 diffidavit
390 2645 595 2736 Beruenses7
614 2655 648 2716 ei
663 2669 725 2740 per
741 2646 891 2718 inoeudio
910 2658 943 2719 ei
959 2645 1208 2742 rapinnshomi-

77 2747 157 2818 eidia
175 2756 211 2816 et
226 2767 288 2840 per
303 2743 438 2816 insidias
450 2746 528 2837 ipsis
538 2740 764 2816 Berueusihus
776 2745 874 2817 mulia
887 2744 1058 2816 ieeiimale
1070 2755 1103 2816 ei
1114 2767 1210 2817 sem-

76 2867 135 2940 per
153 2843 277 2916 studuit
295 2845 344 2914 eis
361 2841 474 2912 faeere
491 2843 626 2912 maiora.
643 2841 776 2914 Etcum
793 2840 944 2916 dominus
960 2844 1078 2916 Peiros
1096 2862 1209 2914 eomes

79 2942 119 3012 de
135 2939 276 3032 Arberg
292 2939 412 3010 dietum
430 2937 596 3010 dominnm
603 2937 808 3012 Gerberdum
827 2939 868 3010 de
882 2939 1041 3013 Veleudis
1059 2961 1121 3012 sen
1139 2942 1209 3012 eius

80 3040 244 3110 adiutores
268 3041 301 3108 in
318 3035 501 3109 huiusmodi
518 3035 612 3110 molis
631 3057 694 3132 que
711 3035 935 3110 Beruensibus
953 3038 1041 3126 feeit„
1065 3035 1210 3108 fovendo

80 3137 231 3210 adenem
249 3137 415 3207 eiviiaiem
431 3137 605 3228 reciperet,
623 3158 662 3207 ue
680 3157 739 3206 eos
756 3133 859 3205 bbere
877 3131 995 3205 ibidem
1012 3139 1045 3206 in
1057 3155 1118 3206 suo
1129 3155 1211 3205 eas-

81 3246 127 3306 tro
142 3239 268 3306 innare
285 3241 318 3303 ei
335 3236 428 3304 exire
439 3235 652 3327 permitteret,
671 3231 756 3326 qnod
773 3231 884 3303 faeere
893 3253 961 3303 uon
972 3229 1141 3304 debuisset
1150 3253 1212 3301 rn-

83 3336 165 3404 none
183 3333 412 3427 promissionis
424 3333 601 3424 peripsum
614 3329 778 3400 domiuum
789 3331 921 3402 Petrum
933 3329 974 3400 de
991 3327 1126 3421 Arberg
1136 3327 1212 3400 dic-

82 3435 120 3502 iis
135 3424 362 3501 Berneusibus
373 3449 434 3521 per
446 3449 523 3500 snas
535 3437 685 3522 poieuies
697 3429 822 3500 litteras
833 3427 934 3498 secie:
951 3427 1142 3500 Beruenses
1153 3430 1212 3500 vi-

83 3526 196 3600 dentes
208 3526 329 3596 dicinm
347 3523 511 3596 dominum
529 3524 571 3595 de
588 3521 724 3617 Arberg
742 3529 878 3598 sicesse
889 3524 1051 3598 seniorem
1061 3525 1135 3597 dieii
1146 3523 1213 3596 do-

85 3627 158 3694 mini
181 3621 343 3694 Gerhardi
366 3621 408 3691 de
425 3620 585 3696 Valeudis
610 3633 722 3694 onuba
746 3623 863 3694 dietam
885 3626 1156 3718 promissionem,
1180 3631 1214 3693 ei
1253 3653 1257 3658 ·

86 3725 250 3816 cupientes
269 3742 307 3794 se
324 3718 493 3792 vindicare
511 3718 553 3789 de
570 3717 719 3794 omuibus
744 3719 891 3792 eiusdem
915 3719 1035 3792 dommi
1052 3718 1213 3791 Gerhardi

87 3819 194 3908 mulisq
219 3826 383 3890 exeuntes
401 3820 434 3888 iu
452 3819 551 3890 aruris
575 3827 650 3912 post
666 3815 780 3890 horem
797 3819 998 3913 eompleiorii
1015 3815 1078 3888 diei
1100 3826 1213 3889 sancte

86 3926 290 4008 penteoosies
312 3914 467 4005 [mai16]
488 3914 723 4009 anuopreiaio,
742 3911 1213 4011 etpernoaemambulames‚

89 4016 188 4105 ipsum
210 4017 363 4086 comitem
388 4010 429 4082 de
446 4008 582 4103 Arberg
605 4035 679 4083 oum
702 4011 859 4085 machinis
887 4023 921 4083 et
936 4008 1119 4084 bominibus
1144 4013 1213 4084 suis

87 4107 282 4200 obsideruni,
306 4113 478 4206 ipsumque
489 4130 685 4204 expugnare
696 4133 761 4183 uon
772 4119 955 4205 potuerunt.
973 4109 1065 4181 Tune
1074 4105 1213 4180 Fribm-

128 4256 154 4327 1)
167 4275 213 4316 seu
228 4259 294 4316 iebii
308 4258 334 4318 in
350 4257 398 4314 der
411 4258 451 4317 bs.
466 4257 497 4330 2)
512 4255 606 4315 diverti
621 4257 662 4317 bs.
