2960 4832
395 211 569 270 nuunrcus
583 211 628 268 uo
642 209 905 268 umssmnovuu.
1170 213 1220 286 97

79 385 238 455 noticiam
254 381 367 470 habuit
383 387 591 457 astronomie.
615 383 684 456 Sed
701 387 838 479 primam
854 383 1008 457 viderunt
1029 383 1094 454 duo
1114 381 1222 454 idonei
1240 391 1308 449 ¹355

79 483 145 552 viri
163 479 283 576 quibus
296 483 387 554 oredi
403 492 520 577 potest

75 687 161 757 Item
179 691 273 776 qood
290 690 461 760 Cocrodm
477 693 518 760 dc
534 689 692 780 Hooburp
714 692 805 761 miles
828 697 861 759 ct
879 689 942 758 sibi
964 685 1108 772 foventes
1125 691 1222 757 invo-

180 795 451 858 seoncurtem
472 789 645 858 Gotticbcn.
668 824 670 827 v

127 955 218 1028 ltem
234 957 300 1030 lral.
320 957 429 1052 aprilis
446 979 533 1029 anno
551 945 596 1029 lv.
609 956 781 1030 Conradus
798 956 840 1028 de
857 907 1019 1048 Honburg
1035 958 1129 1030 miles
1146 980 1220 1030 oum
1244 957 1249 964 '

72 1051 140 1126 sibi
152 1052 344 1128 laventibus
355 1057 630 1128 invasitcastrum
640 1057 673 1125 in
680 1053 866 1145 Gotlieben,
884 1051 937 1125 ubi
947 1052 1111 1127 lohannes
1125 1057 1220 1149 epis·

71 1173 183 1246 oopus
196 1151 459 1225 Constantiensis
481 1162 557 1224 ωηο
570 1149 768 1244 morabatur,
786 1164 820 1223 et
840 1150 1029 1227 suburbium
1050 1155 1218 1223 cremavit.

69 1247 116 1319 Et
140 1253 278 1322 occisus
303 1249 361 1320 fuit
388 1249 429 1320 de
453 1261 545 1344 parte
570 1253 714 1344 episcopi
738 1248 910 1323 Cunradus
937 1249 1041 1323 dictus
1063 1249 1220 1341 Ramung

70 1351 261 1418 canonicus
280 1345 553 1436 constantiensis
577 1350 631 1442 qui
654 1369 728 1419 cum
750 1351 822 1442 ipso
845 1351 878 1418 in
896 1357 1004 1420 castro
1019 1343 1219 1436 morabatur,

70 1455 108 1513 et
120 1443 167 1515 de
179 1447 379 1522 extrinsecis
391 1443 564 1522 Heinricus
575 1447 720 1537 armiger
735 1443 852 1518 nobilis
870 1443 912 1515 de
931 1444 1129 1540 Ramsporg.
1148 1441 1220 1515 Neo

70 1544 172 1612 oives
193 1540 468 1614 Constanticnses
489 1540 531 1612 de
549 1540 612 1612 hoc
629 1545 799 1636 quicquam
816 1539 1069 1614 intromittebant
1085 1562 1136 1632 se,
1158 1540 1217 1613 sed

69 1637 330 1728 dissimilabant,
348 1643 440 1732 quasi
452 1637 548 1710 nichil
559 1639 693 1711 deiecto
705 1643 754 1713 eis
765 1651 940 1712 constaret.
958 1639 1087 1712 Accidit
1096 1637 1217 1710 factum

68 1737 499 1830 predictumrationeoastri
517 1733 757 1828 inlllarchdorf7
768 1737 853 1832 quod
865 1735 1216 1832 episcopusConstan-

67 1835 192 1904 tiensis
212 1831 294 1906 dixit
310 1831 371 1906 sibi
389 1853 511 1906 vacare
527 1856 589 1928 per
606 1844 743 1905 mortem
761 1833 1015 1929 quorundamde
1028 1831 1221 1905 Marchdori

67 1933 265 2002 occisorum
282 1929 324 2002 de
341 1927 457 2026 quibus
475 1953 574 2026 supra
591 1935 624 2002 in
642 1935 746 2022 gestis
765 1935 840 2004 anni
857 1933 900 2005 lii.
918 1935 1090 2026 reperitur.

70 2153 176 2242 Quod
197 2173 261 2224 ree
283 2153 426 2225 Korolos
449 2161 624 2226 coronatus
646 2154 711 2239 fuit
729 2155 827 2226 oona
849 2157 1069 2226 demandato
1092 2157 1216 2246 donini

174 2252 358 2323 lntwccnttt
375 2271 465 2341 pope
482 2253 531 2342 oi,
555 2262 587 2323 et
607 2255 696 2342 quod
717 2254 760 2324 od
783 2255 929 2324 amodes
945 2254 1101 2324 liomom'a
1117 2250 1219 2337 fucrit
1324 2313 1328 2322 .

172 2357 332 2439 receptos.

118 2526 229 2598 Anno
252 2519 372 2592 domini
396 2521 554 2594 mocclv.
578 2543 654 2594 non.
683 2521 793 2616 aprilis
819 2521 903 2616 [apr.
922 2521 961 2612 5]
986 2543 1049 2596 rex
1071 2521 1212 2599 llarolus

68 2631 254 2694 coronatus
277 2618 337 2690 fuit
359 2618 478 2710 Rome,
506 2641 592 2690 anno
614 2640 702 2690 nouo
725 2623 821 2711 regni
848 2623 911 2711 suiq
939 2620 982 2691 de
1004 2621 1158 2694 mandato
1180 2634 1214 2694 et

69 2723 248 2793 voluntate
265 2716 385 2788 domini
401 2716 580 2788 Innocentii
596 2738 681 2811 pape
693 2721 737 2789 vi.
755 2721 809 2811 qui
826 2715 991 2789 dominum
1001 2718 1212 2794 Hostiensem

68 2816 278 2890 cardinalem
294 2825 428 2909 propter
444 2817 545 2909 ipsius
564 2818 807 2886 emanationem
818 2812 1048 2906 deodviniono7
1065 2815 1120 2887 ubi
1135 2827 1213 2890 ωηο

69 2919 163 2986 curia
190 2909 335 3004 degebat
357 2935 375 2982 a
400 2923 547 3004 tempore
564 2910 733 2984 Benedicti
760 2933 845 3006 pape
860 2915 921 2984 xil.
940 2917 1087 3003 miserat
1114 2918 1213 2989 etsie

69 3012 303 3104 sollempniter
314 3019 549 3082 estooronatua
567 3011 601 3080 in
613 3012 843 3102 imperatorem
853 3013 886 3081 in
897 3009 950 3081 die
959 3013 1211 3084 resurrectionis

71 3109 258 3198 dominice,
285 3129 350 3201 que
372 3117 449 3178 ωηο
471 3106 615 3200 predicta
640 3105 693 3176 die
715 3129 791 3178 non.
816 3107 926 3201 aprilis
948 3117 1146 3178 occurrerat.
1170 3107 1213 3178 Et

71 3209 252 3298 ingressus
280 3203 340 3274 fuit
366 3203 507 3275 Romam
533 3213 608 3298 post
633 3203 838 3292 Pomorum,
873 3203 934 3276 sed
962 3204 1055 3275 olam.
1085 3201 1211 3278 Diebus

72 3306 240 3398 passionis
265 3299 385 3371 donum
408 3303 555 3372 visitavit
580 3300 742 3372 ecclesias
765 3300 871 3372 Rome
898 3311 1051 3395 tanquam
1069 3300 1209 3374 advena

71 3399 112 3470 Et
134 3399 203 3472 boo
224 3397 302 3470 iecit
323 3407 359 3468 ut
382 3419 442 3470 sua
466 3397 599 3470 devotio
621 3418 689 3468 non
714 3396 934 3491 impediretur.
962 3397 1000 3470 ln
1024 3397 1076 3469 die
1101 3409 1211 3472 autem

72 3496 221 3589 paschali
238 3492 382 3589 predicta
400 3505 476 3587 post
497 3494 639 3566 medium
656 3497 760 3567 noctis
779 3497 882 3568 exivit
904 3494 946 3566 ad
969 3517 1061 3586 suos,
1085 3505 1119 3568 et
1133 3507 1212 3568 tuno

72 3593 124 3665 die
141 3593 319 3666 illusoento
337 3591 709 3685 sollempniterRomam
725 3595 901 3683 ingressus
916 3605 979 3684 est,
999 3604 1032 3664 et
1044 3591 1084 3664 ab
1098 3597 1210 3665 omni-

72 3688 134 3764 bus
151 3691 313 3762 Romanis
337 3687 541 3760 concorditer
556 3699 723 3783 receptus„
751 3700 784 3760 et
805 3693 840 3761 in
862 3693 964 3763 missa
982 3689 1109 3785 publica
1126 3713 1210 3785 pre-

74 3787 156 3860 dicta
185 3787 241 3858 die
268 3785 414 3882 paschali
438 3796 471 3857 et
492 3809 511 3856 a
535 3784 680 3880 predicto
703 3785 858 3858 cardinali
884 3791 918 3858 in
941 3789 1083 3860 ecclesia
1107 3789 1211 3860 saneti

76 3885 161 3957 Petri
177 3907 245 3956 una
263 3905 338 3956 oum
356 3905 460 3956 uxore
478 3905 538 3955 sua
556 3882 685 3954 domina
702 3884 803 3955 Anna
820 3888 891 3977 ipse
909 3884 1057 3956 dominus
1070 3883 1211 3958 llarolus

76 3984 106 4056 in
122 3985 357 4077 imperatorem
375 3983 495 4074 etipsa
512 3979 642 4052 domina
659 3981 758 4052 Anna
776 3984 808 4051 in
825 3983 1063 4074 imperatricem
1080 3981 1211 4053 Roma-

76 4099 190 4152 norum
207 4089 285 4154 suut
301 4077 526 4172 sollempniter
542 4087 577 4148 et
592 4076 733 4172 pubuoe,
750 4087 905 4173 presumo
916 4087 1034 4152 senatu
1051 4088 1085 4150 et
1100 4079 1210 4155 multis

112 4225 142 4294 l)
154 4227 188 4283 ri
203 4227 247 4284 dio
259 4228 301 4283 luo,

129 4309 266 4353 uocum
280 4313 392 4356 ronnas
405 4314 425 4353 η
979 4299 996 4354 i
