2936 4828
446 225 795 306 cnoucuunounm
1178 257 1200 330 5

82 417 118 490 le
133 419 266 510 Suavis„
285 419 522 514 deSnngowia
540 431 574 492 et
590 420 803 514 deArgowie
822 443 867 496 ex
882 433 975 518 parte
993 421 1111 496 ducum
1121 423 1202 496 Au-

83 521 159 589 stn'e.
174 516 217 589 Et
239 517 406 591 habebant
421 524 455 591 in
472 523 619 591 exercitu
638 541 698 593 suo
716 523 832 612 viginti
850 531 987 616 quamor
1004 522 1090 592 milia
1109 543 1202 617 pug-

82 625 231 708 nnbmm
256 621 497 713 computatique
521 615 660 690 suntab
685 621 734 690 eis
758 623 791 689 in
815 623 963 692 exercitu
987 618 1201 693 existentibus

81 713 291 787 millednoenti
308 716 442 806 galaat„
466 719 549 786 inter
572 737 653 810 quos
677 715 808 788 fuemnt
830 719 1028 810 septingenti
1046 720 1200 790 coronati.

165 811 358 884 Beruenses
375 835 478 903 vero,
505 814 657 886 volentes
681 824 824 886 castrum
846 814 1024 908 predictum
1048 813 1201 904 liberare,

82 921 340 1004 supervenerunt
356 933 429 982 oum
446 915 558 1006 paucis
577 914 646 984 suis
664 909 876 1001 adulantius,
894 911 1047 984 videlicet
1063 911 1151 984 mille
1169 919 1202 982 et

81 1007 216 1081 ducentis
234 1007 443 1103 pedestribus
461 1011 592 1081 armatis
611 1009 652 1080 de
670 1007 810 1081 vallibus
829 1009 952 1082 sedicet
968 1009 1037 1082 Ure
1054 1006 1222 1082 Sancum

81 1103 310 1177 Unterwalden
327 1106 430 1178 Hasle
448 1116 480 1177 et
492 1105 636 1178 Sibental
654 1111 687 1178 in
704 1107 817 1198 vigilia
835 1105 950 1178 decem
968 1107 1089 1180 milium
1105 1127 1201 1178 mar-

81 1213 176 1296 tprnm
199 1215 281 1276 tunc
304 1203 385 1275 leria
404 1202 547 1276 secunda
568 1207 648 1295 [iun.
667 1204 743 1294 21].
761 1205 803 1275 Et
820 1215 984 1278 venerunt
1000 1208 1033 1276 in
1050 1225 1201 1297 campum

81 1303 158 1372 iuxta
174 1301 274 1374 villas
294 1298 441 1374 Oberwil
459 1312 491 1373 et
507 1300 630 1373 Widon
648 1324 750 1395 prope
767 1300 911 1395 Loupon.
929 1301 973 1373 Et
986 1299 1107 1374 ibidem
1123 1303 1201 1372 inito

81 1399 218 1471 mnlliotu
237 1421 313 1471 cnm
330 1403 378 1471 eis
390 1397 469 1471 bora
486 1421 703 1494 vesperarum
714 1403 896 1493 prosperati
914 1399 1200 1488 ειιιιιΒθιιιθιιειιιιἦ

80 1495 134 1568 deo
155 1519 216 1592 pro
243 1501 293 1569 eis
310 1507 491 1593 pugnante,
516 1501 588 1590 quia
612 1500 672 1568 vix
689 1519 753 1570 sex
769 1499 855 1568 milia
872 1495 1036 1569 habebant
1052 1506 1200 1568 armato-

81 1617 151 1666 rum.
168 1593 213 1666 Et
229 1593 439 1666 obtinuerunt
461 1617 623 1689 campum,
647 1604 791 1668 castrum
808 1593 943 1689 lonpon
959 1593 1108 1684 liberato,
1126 1616 1200 1668 cum

81 1692 208 1763 solemni
237 1695 387 1780 victoria
410 1695 527 1764 occisis
551 1691 593 1762 de
611 1691 812 1766 adversariis
830 1692 901 1764 lere
919 1703 1056 1788 quatuor
1072 1689 1200 1766 milibus

80 1788 251 1879 bominum„
274 1799 341 1862 tem
363 1787 518 1862 nobilium
542 1813 638 1884 quam
656 1794 754 1862 etiam
771 1790 984 1886 popularium.
1001 1787 1094 1860 Multi
1113 1812 1200 1884 quo-

82 1909 136 1979 que
157 1890 240 1960 novi
262 1888 382 1959 milites
407 1886 524 1958 cadem
548 1887 600 1958 die
625 1889 769 1960 militiam
798 1891 994 1982 recipientes
1024 1889 1199 1980 perierunt.

80 1985 135 2056 Per
150 1989 259 2056 omnia
277 1983 470 2056 benedictus
488 1983 570 2058 deus
589 1988 620 2056 in
639 1987 751 2059 secula
770 1986 973 2058 seculornml
991 1985 1112 2056 Amen.

120 2079 357 2156 llcccntuuu.¹
377 2091 490 2178 quarto
507 2082 579 2154 idus
597 2085 707 2178 aprilis
724 2084 803 2155 villa
821 2083 863 2154 de
876 2081 1039 2155 Hutwilne
1055 2083 1156 2154 muris
1168 2092 1201 2153 et

81 2179 192 2252 fossata
217 2185 340 2252 munita
366 2191 398 2252 et
420 2177 570 2252 roborate
593 2203 654 2275 per
669 2181 856 2274 burgenses
875 2181 916 2253 de
933 2179 1043 2252 Bemo
1061 2183 1097 2252 vi
1114 2202 1201 2253 oon-

80 2279 156 2350 sicta
174 2279 283 2350 furerat
300 2289 333 2349 et
349 2300 409 2373 per
426 2278 609 2350 incendium
627 2283 756 2374 penitus
775 2279 957 2352 devastata.

122 2375 203 2447 ltem
220 2397 309 2448 enno
326 2375 446 2447 domini
465 2393 527 2472 qno
546 2399 644 2470 supra
661 2380 716 2448 xii.
734 2375 799 2447 lral.
812 2379 886 2448 maii
897 2375 1063 2446 hominnm
1074 2371 1200 2446 etbur-

81 2478 224 2564 gencium
243 2473 285 2545 de
302 2471 463 2565 Friburgo
479 2498 540 2570 per
556 2474 719 2569 predictos
729 2473 916 2566 burgenses
928 2472 969 2543 de
979 2471 1090 2542 Berno
1101 2475 1201 2566 quin-

81 2575 161 2661 genti
185 2583 218 2642 et
242 2572 339 2662 ulna,
365 2571 537 2644 manifesto
560 2576 593 2642 in
617 2572 767 2644 conflictu
789 2575 874 2643 inter
896 2575 986 2667 ipsos
1009 2572 1086 2641 inito
1104 2577 1201 2664 atque

82 2667 170 2758 lacto,
194 2667 315 2762 gladiis
341 2679 374 2739 et
397 2673 495 2742 ermis
520 2669 590 2742 aliis
615 2673 714 2741 occisi
737 2669 866 2740 inerant
888 2679 921 2739 et
939 2665 1110 2740 submersi.
1128 2667 1200 2753 Quo

81 2777 203 2858 pereso
219 2771 293 2861 ipsa
311 2764 364 2837 die
380 2789 470 2839 nova
487 2767 565 2838 villa
583 2764 733 2859 Fn'buugi
751 2789 826 2838 cum
843 2776 950 2839 castro
968 2755 1052 2836 dicto
1070 2762 1200 2838 Castels

81 2863 243 2958 apreiatis
260 2863 482 2956 burgensibus
500 2863 541 2935 de
559 2864 669 2936 Bemo
693 2864 865 2936 devastata
888 2866 1078 2958 perignem
1095 2861 1202 2934 luerat

81 2971 108 3029 et
129 2959 303 3034 destincte.
403 2961 484 3034 ltem
514 2984 601 3032 anno
624 2961 744 3033 domini
767 2971 802 3033 ut
825 2983 923 3056 supra
947 2963 1012 3033 viii.
1036 2959 1101 3030 kal.
1126 2961 1201 3030 maii

82 3062 203 3132 munitio
228 3059 302 3132 dicti
320 3057 470 3151 Fribnrgi
488 3059 571 3131 dicta
589 3057 738 3130 Galterra
757 3084 775 3130 a
792 3056 1014 3151 burgensibus
1032 3055 1074 3128 de
1090 3055 1201 3128 Bemo

82 3160 305 3246 prenominatis
322 3161 510 3252 perignem
527 3157 634 3229 luerat
650 3160 779 3252 penitus
797 3157 979 3230 devastata.

125 3252 200 3326 ltem
226 3265 260 3326 et
277 3278 364 3327 anno
382 3254 501 3326 domini
519 3277 583 3350 qno
600 3277 699 3350 supra
716 3257 782 3326 viii.
800 3253 887 3350 ydus
905 3255 981 3324 maii
997 3260 1141 3324 castrum
1158 3250 1200 3322 de

82 3349 272 3444 llmgestcin
296 3377 314 3424 a
340 3352 515 3447 sepedictis
538 3350 760 3445 burgensibus
778 3351 820 3423 de
836 3351 946 3423 Bemo
962 3352 997 3424 vi
1014 3352 1200 3424 convictum

83 3447 177 3520 luerat
192 3448 339 3522 funditus
357 3460 389 3521 et
406 3450 615 3522 destructum.

127 3545 344 3619 ltacxxxx.
371 3546 476 3619 idibus
503 3552 578 3618 maii
605 3551 732 3642 incepta
761 3557 812 3620 est
838 3549 939 3619 missa
967 3545 1104 3618 dicenda
1127 3557 1202 3640 post

85 3647 207 3716 missam
224 3646 446 3717 matutinalem
464 3644 571 3717 dotata
589 3645 630 3717 ad
649 3647 751 3718 altare
769 3655 882 3718 sancte
891 3643 1005 3717 Crucis
1023 3642 1200 3715 alohanne

86 3737 123 3808 de
137 3740 327 3815 llabstetten
345 3741 431 3814 bone
448 3747 616 3814 memorie.

127 3837 195 3910 Viii.
213 3840 278 3912 kal.
297 3844 359 3911 ian.
377 3839 437 3912 Dis
462 3840 534 3913 sind
558 3841 610 3912 die
635 3865 674 3912 ze
691 3840 985 3913 Frowenbrunnen
1004 3837 1201 3929 erscblagen

86 3936 232 4008 worden:
249 3935 374 4010 Johans
385 3937 663 4033 Riedea'syman
679 3939 842 4034 Lampon,
859 3937 940 4009 Erni
950 3938 1095 4028 lbbgers
1113 3957 1200 4008 usu.

86 4027 156 4104 ltem
181 4035 230 4108 dis
256 4033 401 4108 besebah
419 4059 505 4106 anno
522 4035 641 4107 domini
665 4038 881 4110 mcccbnnv.
909 4039 943 4107 in
966 4034 1019 4104 die
1042 4032 1201 4107 lobannis

91 4177 117 4255 l)
135 4180 200 4238 Perta
215 4183 283 4238 1344
297 4182 332 4240 id.
348 4201 362 4238 a
383 4201 403 4240 r.
430 4183 515 4239 Allein
532 4185 578 4240 das
594 4185 801 4241 hertberzieben
813 4201 867 4240 von
883 4183 1011 4256 1,(μιιιιῑῶ(
1027 4199 1074 4238 zur
1087 4182 1202 4240 inbrualrl

91 4255 124 4303 nt
134 4254 286 4326 manticem,
300 4255 333 4312 da
367 4271 392 4312 ιε
407 4255 556 4326 ereignisse
570 4255 618 4314 des
632 4256 777 4330 folgenden
792 4256 913 4314 absetnes
928 4271 961 4312 nn
977 4253 1047 4311 1340
1060 4254 1187 4327 gehoreu.
