2982 4824
300 187 478 248 hbbaneh
497 189 687 248 steterumt
706 191 813 250 GESTA
832 191 1072 250 ttttttttntotttttt.
1174 194 1243 269 631

117 365 213 440 hatur
229 366 293 440 hoc
309 368 481 456 scismata,
499 375 533 437 et
555 365 641 461 quod
659 370 784 438 tetiam
809 369 1002 441 scismaticis
1026 370 1119 464 papis
1143 378 1247 441 morte

116 468 286 560 percussis
305 463 396 537 solus
413 467 545 537 viveret
562 463 769 554 Alexander,
788 488 851 538 nec
865 489 932 538 non
955 478 988 538 et
1008 470 1126 539 timens
1150 477 1248 540 astu-

118 569 193 636 tiam
212 560 469 635 bombardorum
486 573 519 634 et
532 566 806 658 conspirationem
827 564 1247 660 denovoqnamiecerant,

117 663 321 756 sollempnes
338 663 468 733 nuntios
486 659 604 733 direxit
620 659 662 732 ad
679 683 810 756 papam,
826 667 879 758 qui
906 684 967 756 par
990 685 1082 734 mare
1107 663 1248 737 Romam

116 765 181 832 iam
201 769 351 848 venerat,
377 770 411 830 et
432 761 729 832 reconciliationem
758 758 798 830 ab
823 783 864 833 co
887 772 921 833 et
944 784 1060 856 pacem
1086 759 1249 834 humiliter

117 858 304 952 postulavit
330 856 429 929 Facta
443 866 617 930 astantem
631 869 755 952 pax,ut
770 882 789 930 a
801 857 992 954 quibusdam
1004 857 1114 930 audivi
1125 858 1248 932 Vene-

115 960 168 1029 tiis
193 977 281 1028 anno
304 955 425 1027 domini
449 957 630 1029 m.c.lx.vii.
683 953 758 1045 Ubi,
785 981 859 1030 cum
882 980 966 1053 papa
990 967 1083 1030 esset
1106 979 1182 1028 eum
1206 955 1247 1028 ab

115 1055 461 1126 excommunicationis
483 1057 643 1128 sententia
673 1055 861 1146 solutums,
889 1077 990 1150 super
1012 1055 1130 1127 rehum
1185 1077 1247 1127 ro-

115 1157 208 1226 strati
225 1154 317 1244 regis
335 1151 376 1223 ad
395 1163 517 1225 terram
535 1163 568 1224 et
585 1152 627 1224 ad
644 1153 748 1249 pedes
766 1176 851 1249 pape
868 1156 1005 1226 iacentis
1023 1155 1130 1247 posuit
1155 1078 1246 1227 dex-

115 1263 201 1323 trum
217 1248 364 1344 pedem,¹
384 1249 673 1345 psalmographum
701 1251 778 1324 illud
805 1251 938 1324 dicans:
971 1253 1077 1341 sepe
1099 1256 1247 1342 mptnem

114 1351 344 1422 eremitarum
364 1350 546 1420 mahts
566 1358 599 1420 at
618 1352 825 1422 coemtcutts
841 1354 967 1423 leonem
990 1359 1024 1420 et
1041 1354 1247 1422 draconem.²

113 1446 358 1520 Reconciliatua
384 1450 484 1540 igitur
511 1450 705 1542 imperator,
741 1471 800 1542 pro
829 1447 1058 1519 emendatione
1088 1450 1246 1521 malcrum

113 1567 180 1640 qua
197 1545 322 1616 iecerat
338 1548 370 1617 ei
387 1566 470 1639 papa
485 1567 616 1618 munem
626 1549 780 1639 imposuit
789 1549 821 1618 in
833 1543 1013 1620 subsidium
1022 1556 1111 1617 terre
1122 1557 1245 1621 sancte.

114 1641 197 1714 Cum
217 1653 326 1714 autem
344 1643 492 1717 Romana
511 1644 653 1716 ecclesia
670 1648 761 1737 prius
786 1645 894 1718 multis
918 1640 1124 1716 scismatibus
1149 1643 1248 1716 luerit

113 1763 291 1830 concussa,
308 1744 371 1814 isto
388 1751 498 1812 teman
515 1744 669 1816 scismata
686 1743 810 1815 nullum
834 1740 1065 1815 vehementius
1082 1739 1249 1813 incanduit

112 1850 170 1910 aut
197 1837 316 1913 diutius
346 1843 597 1934 perseveravit,
621 1862 681 1934 per
705 1862 810 1914 annos
829 1841 915 1912 enim
944 1837 1088 1912 sedecim
1122 1861 1246 1934 perse!

114 1940 257 2010 voravit.

162 2035 236 2106 lloc
252 2038 285 2106 in
301 2045 451 2130 tempora
471 2034 679 2131 Rodulphus³
698 2035 905 2110 Coloniensis
919 2039 1094 2132 episcopus
1108 2058 1245 2131 corpora

113 2138 211 2206 trium
230 2155 402 2226 magorum
419 2131 461 2206 de
480 2133 621 2206 ecclesia
639 2138 741 2206 sancti
758 2133 927 2226 Eustorgii
944 2133 1113 2224 auferens,
1131 2138 1164 2206 in
1181 2157 1245 2228 qua

109 2253 201 2305 nunc
219 2231 338 2303 iratres
356 2231 583 2304 Predicatores
600 2236 758 2322 existunt,
774 2236 808 2303 in
826 2232 995 2304 Coloniam
1012 2233 1246 2326 transportavit

111 2341 145 2404 et
165 2329 208 2402 ibi
226 2332 259 2401 in
277 2327 385 2402 tumba
403 2351 587 2403 marmorea
605 2328 783 2403 honorifice
802 2331 993 2419 collocavit,
1011 2331 1119 2404 multm
1137 2332 1245 2424 preti-

109 2433 182 2503 osis
199 2426 359 2523 lapidibus
380 2438 548 2499 exomata.
575 2427 650 2520 Ego
666 2433 739 2523 ipse
755 2426 841 2500 hanc
857 2426 999 2500 tumbam
1019 2427 1094 2500 vidi.
1120 2426 1244 2498 Eorum

111 2539 224 2600 autem
242 2536 319 2599 sunl
334 2526 495 2620 inequalia
527 2529 649 2620 capita,
676 2528 750 2621 quia
774 2547 874 2597 unum
902 2536 955 2598 est
981 2528 1101 2598 ceteris
1125 2527 1244 2613 maius,

108 2623 200 2698 aliud
221 2627 340 2696 ceteris
357 2627 478 2713 minus,
496 2622 557 2696 sed
581 2628 709 2696 tertium
738 2625 822 2694 inter
846 2622 908 2694 hec
931 2621 995 2694 duo
1021 2633 1073 2696 est
1100 2621 1244 2694 medium

111 2737 234 2798 tenens
250 2724 369 2796 locum.
406 2721 534 2794 Varum
550 2725 583 2794 in
600 2724 715 2794 minori
733 2720 818 2793 dicto
835 2724 899 2793 iam
917 2724 1022 2815 capite
1049 2731 1102 2794 est
1124 2719 1244 2814 aliquid

110 2823 154 2894 de
172 2822 319 2917 capellis.
370 2820 443 2893 llec
460 2823 546 2893 enim
565 2842 701 2915 corpora
718 2817 834 2892 beatus
851 2818 1048 2911 Euatorgius
1066 2841 1085 2890 a
1103 2817 1244 2914 prodam

109 2941 216 3013 rege,
241 2922 292 2992 cui
322 2918 488 2991 militando
512 2922 699 3007 servierat,
727 2921 896 3012 impetrata
920 2918 1016 2990 simrd
1043 2939 1116 2989 cum
1145 2913 1244 2988 archa

109 3017 242 3113 lapidea
272 3039 345 3088 eam
372 3016 568 3090 miraculose
599 3020 703 3110 primo
733 3012 859 3087 duabus
888 3018 998 3088 vaccis
1027 3011 1243 3102 trahentibus,

110 3116 233 3188 deinde
250 3116 349 3187 leone
367 3125 400 3186 et
416 3134 507 3204 urso,
525 3118 578 3208 qui
598 3136 718 3186 vaccas
737 3112 966 3202 comederant,
984 3111 1026 3182 ad
1050 3133 1142 3182 mare
1159 3133 1244 3205 per-

110 3215 218 3304 duxit,
236 3223 272 3284 et
287 3211 329 3284 de
347 3212 626 3306 Constantinopoli
646 3209 866 3282 Mediolanum
883 3232 943 3304 per
955 3231 1045 3282 mare
1056 3220 1243 3302 terramque

109 3315 274 3408 portavit,
302 3308 355 3382 uhi
382 3313 416 3382 in
444 3308 586 3382 ecclesia
610 3308 652 3380 ad
675 3308 832 3380 honorem
857 3311 927 3380 eius
955 3317 1069 3403 postea
1088 3302 1243 3380 fabricata

109 3411 246 3482 luerunt
263 3431 367 3503 usque
385 3407 426 3479 ad
444 3411 508 3480 iarn
526 3407 609 3480 dicta
628 3417 773 3502 tempora
796 3405 971 3480 Frederici.
1020 3405 1133 3500 ltaque
1160 3407 1244 3478 inter

108 3513 344 3602 imperatorem
362 3517 397 3578 et
412 3527 544 3601 papam,
561 3516 598 3578 ut
613 3505 733 3577 dictum
751 3516 814 3597 est,
828 3504 1005 3600 paceiacta
1017 3525 1103 3576 anno
1117 3505 1242 3598 imperii

110 3604 282 3678 Frederici
299 3607 459 3677 vicesimo
476 3607 590 3693 tercio,
607 3603 668 3678 sed
691 3606 850 3677 sessionis
878 3625 962 3699 pape
990 3601 1117 3674 decimo
1142 3623 1242 3688 nono,

110 3703 313 3820 illexandar
329 3699 431 3775 trihus
449 3705 544 3774 annis
562 3701 768 3796 postmodum
781 3703 977 3797 supervixit,
988 3698 1048 3773 sad
1060 3697 1242 3792 quindecim

109 3812 443 3995 lmhloilisubbhhporibus
455 3903 540 3972 inter
549 3897 737 3972 Saracenas
749 3897 813 3970 duo
821 3898 940 3970 iratres
948 3896 1052 3970 inisse
1060 3893 1252 3983 natantur,

110 4021 251 4095 quorum
268 4023 354 4073 unus
370 3998 550 4092 Sangaris⁴
567 3997 671 4069 dictus
690 4007 752 4085 est,
771 3994 1014 4092 quttominans
1038 3995 1069 4063 in
1088 3991 1250 4082 Tarchia,
1276 4073 1279 4078 ⁷

111 4224 148 4278 sn
169 4147 197 4293 lg]
215 4147 289 4231 iuxta
308 4149 397 4205 dltrlte
415 4148 472 4207 hier
490 4147 586 4204 lehlen.
623 4147 654 4218 2)
672 4147 756 4203 Psalm
775 4145 880 4216 90,13.
909 4145 939 4215 3)
957 4143 1108 4201 lleinaldus.
1134 4142 1244 4214 bote

150 4237 259 4277 nuris.
