<?xml version="1.0" encoding="UTF-8"?>
<!DOCTYPE html PUBLIC "-//W3C//DTD XHTML 1.0 Transitional//EN"
    "http://www.w3.org/TR/xhtml1/DTD/xhtml1-transitional.dtd">
<html xmlns="http://www.w3.org/1999/xhtml" xml:lang="en" lang="en">
 <head>
  <title>
</title>
<meta http-equiv="Content-Type" content="text/html;charset=utf-8" />
  <meta name='ocr-system' content='tesseract 3.04.00' />
  <meta name='ocr-capabilities' content='ocr_page ocr_carea ocr_par ocr_line ocrx_word'/>
</head>
<body>
  <div class='ocr_page' id='page_1' title='image "./fontesrerumgerm01hubegoog_0674.png"; bbox 0 0 3012 4820; ppageno 0'>
   <div class='ocr_carea' id='block_1_1' title="bbox 435 227 1263 302">
    <p class='ocr_par' dir='ltr' id='par_1_1' title="bbox 435 227 1263 302">
     <span class='ocr_line' id='line_1_1' title="bbox 435 227 1263 302; baseline 0.019 -18"><span class='ocrx_word' id='word_1_1' title='bbox 435 243 439 252; x_wconf 96' lang='lat'>·</span> <span class='ocrx_word' id='word_1_2' title='bbox 520 227 685 291; x_wconf 77' lang='lat' dir='ltr'><em>nicoisas</em></span> <span class='ocrx_word' id='word_1_3' title='bbox 704 229 868 286; x_wconf 76' lang='lat' dir='ltr'><em>mussat.</em></span> <span class='ocrx_word' id='word_1_4' title='bbox 978 243 985 255; x_wconf 84' lang='lat'><em>·</em></span> <span class='ocrx_word' id='word_1_5' title='bbox 1190 228 1263 302; x_wconf 79' lang='grc'><em>599</em></span> 
     </span>
    </p>
   </div>
   <div class='ocr_carea' id='block_1_2' title="bbox 128 399 1348 4020">
    <p class='ocr_par' dir='ltr' id='par_1_2' title="bbox 131 399 1348 593">
     <span class='ocr_line' id='line_1_2' title="bbox 132 399 1348 498; baseline -0.007 -22"><span class='ocrx_word' id='word_1_6' title='bbox 132 408 351 494; x_wconf 81' lang='lat' dir='ltr'><em>continentur,</em></span> <span class='ocrx_word' id='word_1_7' title='bbox 369 415 403 477; x_wconf 85' lang='lat' dir='ltr'><em>st</em></span> <span class='ocrx_word' id='word_1_8' title='bbox 420 403 548 498; x_wconf 82' lang='lat' dir='ltr'><em>probari</em></span> <span class='ocrx_word' id='word_1_9' title='bbox 566 415 599 476; x_wconf 82' lang='lat' dir='ltr'><em>et</em></span> <span class='ocrx_word' id='word_1_10' title='bbox 615 403 742 476; x_wconf 75' lang='lat' dir='ltr'><em>acano</em></span> <span class='ocrx_word' id='word_1_11' title='bbox 761 415 899 498; x_wconf 75' lang='lat' dir='ltr'><em>passuro</em></span> <span class='ocrx_word' id='word_1_12' title='bbox 916 413 949 476; x_wconf 85' lang='lat' dir='ltr'><em>ot</em></span> <span class='ocrx_word' id='word_1_13' title='bbox 964 401 1007 474; x_wconf 88' lang='lat' dir='ltr'><em>ad</em></span> <span class='ocrx_word' id='word_1_14' title='bbox 1020 423 1161 497; x_wconf 74' lang='lat' dir='ltr'><em>procoss</em></span> <span class='ocrx_word' id='word_1_15' title='bbox 1179 399 1348 474; x_wconf 79' lang='lat' dir='ltr'><em>bro-1338</em></span> 
     </span>
     <span class='ocr_line' id='line_1_3' title="bbox 131 502 595 593; baseline -0.004 -19"><span class='ocrx_word' id='word_1_16' title='bbox 131 505 242 574; x_wconf 84' lang='lat' dir='ltr'><em>vitatis</em></span> <span class='ocrx_word' id='word_1_17' title='bbox 260 505 371 593; x_wconf 79' lang='lat' dir='ltr'><em>gracia</em></span> <span class='ocrx_word' id='word_1_18' title='bbox 389 502 595 574; x_wconf 86' lang='lat' dir='ltr'><em>dimittuntur.</em></span> 
     </span>
    </p>

    <p class='ocr_par' dir='ltr' id='par_1_3' title="bbox 128 598 1332 4020">
     <span class='ocr_line' id='line_1_4' title="bbox 180 598 1261 695; baseline 0.002 -25"><span class='ocrx_word' id='word_1_19' title='bbox 180 600 337 672; x_wconf 85' lang='lat' dir='ltr'><em>Secundo</em></span> <span class='ocrx_word' id='word_1_20' title='bbox 354 602 426 693; x_wconf 80' lang='lat' dir='ltr'><em>ipsa</em></span> <span class='ocrx_word' id='word_1_21' title='bbox 443 599 593 672; x_wconf 86' lang='lat' dir='ltr'><em>daminus</em></span> <span class='ocrx_word' id='word_1_22' title='bbox 610 598 774 674; x_wconf 85' lang='lat' dir='ltr'><em>iohannes</em></span> <span class='ocrx_word' id='word_1_23' title='bbox 792 612 945 695; x_wconf 68' lang='lat' dir='ltr'><em>anquam</em></span> <span class='ocrx_word' id='word_1_24' title='bbox 956 601 1261 672; x_wconf 85' lang='lat' dir='ltr'><em>inimicusmortaiis</em></span> 
     </span>
     <span class='ocr_line' id='line_1_5' title="bbox 131 695 1262 791; baseline 0.002 -25"><span class='ocrx_word' id='word_1_25' title='bbox 131 701 259 791; x_wconf 85' lang='lat' dir='ltr'><em>imperii</em></span> <span class='ocrx_word' id='word_1_26' title='bbox 276 707 310 768; x_wconf 86' lang='lat' dir='ltr'><em>et</em></span> <span class='ocrx_word' id='word_1_27' title='bbox 325 695 491 788; x_wconf 72' lang='lat' dir='ltr'><strong>dignitatis</strong></span> <span class='ocrx_word' id='word_1_28' title='bbox 508 699 684 791; x_wconf 75' lang='lat' dir='ltr'><em>impericia</em></span> <span class='ocrx_word' id='word_1_29' title='bbox 703 710 735 770; x_wconf 84' lang='lat' dir='ltr'><em>at</em></span> <span class='ocrx_word' id='word_1_30' title='bbox 752 703 896 774; x_wconf 87' lang='lat' dir='ltr'><em>amnium</em></span> <span class='ocrx_word' id='word_1_31' title='bbox 913 697 1057 770; x_wconf 86' lang='lat' dir='ltr'><em>fidelium</em></span> <span class='ocrx_word' id='word_1_32' title='bbox 1084 707 1117 770; x_wconf 87' lang='lat' dir='ltr'><em>et</em></span> <span class='ocrx_word' id='word_1_33' title='bbox 1133 699 1262 768; x_wconf 84' lang='lat' dir='ltr'><em>amica-</em></span> 
     </span>
     <span class='ocr_line' id='line_1_6' title="bbox 131 795 1262 890; baseline 0 -24"><span class='ocrx_word' id='word_1_34' title='bbox 131 818 205 866; x_wconf 84' lang='lat' dir='ltr'><em>rum</em></span> <span class='ocrx_word' id='word_1_35' title='bbox 223 797 360 888; x_wconf 85' lang='lat' dir='ltr'><em>imperii,</em></span> <span class='ocrx_word' id='word_1_36' title='bbox 379 796 498 868; x_wconf 84' lang='lat' dir='ltr'><em>voians</em></span> <span class='ocrx_word' id='word_1_37' title='bbox 516 799 622 890; x_wconf 85' lang='lat' dir='ltr'><em>ipsam</em></span> <span class='ocrx_word' id='word_1_38' title='bbox 633 799 804 890; x_wconf 79' lang='lat' dir='ltr'><em>imperium</em></span> <span class='ocrx_word' id='word_1_39' title='bbox 817 796 1049 886; x_wconf 79' lang='lat' dir='ltr'><em>etdignitotem</em></span> <span class='ocrx_word' id='word_1_40' title='bbox 1061 795 1262 889; x_wconf 83' lang='lat' dir='ltr'><em>imperialem</em></span> 
     </span>
     <span class='ocr_line' id='line_1_7' title="bbox 132 889 1264 986; baseline -0.002 -22"><span class='ocrx_word' id='word_1_41' title='bbox 132 891 305 966; x_wconf 79' lang='lat' dir='ltr'><em>destruere</em></span> <span class='ocrx_word' id='word_1_42' title='bbox 333 903 366 966; x_wconf 87' lang='lat' dir='ltr'><em>et</em></span> <span class='ocrx_word' id='word_1_43' title='bbox 391 896 520 986; x_wconf 78' lang='lat' dir='ltr'><em>pentius</em></span> <span class='ocrx_word' id='word_1_44' title='bbox 544 893 706 984; x_wconf 80' lang='lat' dir='ltr'><em>anullare,</em></span> <span class='ocrx_word' id='word_1_45' title='bbox 730 894 772 965; x_wconf 86' lang='lat' dir='ltr'><em>de</em></span> <span class='ocrx_word' id='word_1_46' title='bbox 788 895 874 966; x_wconf 88' lang='lat' dir='ltr'><em>iacto</em></span> <span class='ocrx_word' id='word_1_47' title='bbox 897 894 974 964; x_wconf 86' lang='lat' dir='ltr'><em>iecit</em></span> <span class='ocrx_word' id='word_1_48' title='bbox 996 891 1158 986; x_wconf 77' lang='lat' dir='ltr'>quoddam</span> <span class='ocrx_word' id='word_1_49' title='bbox 1176 889 1264 962; x_wconf 87' lang='lat' dir='ltr'><em>aliud</em></span> 
     </span>
     <span class='ocr_line' id='line_1_8' title="bbox 131 988 1264 1085; baseline -0.004 -23"><span class='ocrx_word' id='word_1_50' title='bbox 131 993 409 1079; x_wconf 66' lang='lat' dir='ltr'><em>adiuuandae</em></span> <span class='ocrx_word' id='word_1_51' title='bbox 426 989 488 1062; x_wconf 92' lang='lat' dir='ltr'><em>dioi</em></span> <span class='ocrx_word' id='word_1_52' title='bbox 504 1001 630 1084; x_wconf 83' lang='lat' dir='ltr'><em>potest,</em></span> <span class='ocrx_word' id='word_1_53' title='bbox 648 994 680 1062; x_wconf 89' lang='lat' dir='ltr'><em>ia</em></span> <span class='ocrx_word' id='word_1_54' title='bbox 698 1014 762 1085; x_wconf 89' lang='lat' dir='ltr'><em>quo</em></span> <span class='ocrx_word' id='word_1_55' title='bbox 779 990 910 1080; x_wconf 85' lang='lat' dir='ltr'><em>diiiinit,</em></span> <span class='ocrx_word' id='word_1_56' title='bbox 925 990 1003 1062; x_wconf 80' lang='lat' dir='ltr'><em>dicit</em></span> <span class='ocrx_word' id='word_1_57' title='bbox 1020 999 1054 1062; x_wconf 82' lang='lat' dir='ltr'><em>st</em></span> <span class='ocrx_word' id='word_1_58' title='bbox 1070 988 1264 1062; x_wconf 80' lang='lat' dir='ltr'><em>determinat</em></span> 
     </span>
     <span class='ocr_line' id='line_1_9' title="bbox 132 1085 1267 1178; baseline 0.002 -20"><span class='ocrx_word' id='word_1_59' title='bbox 132 1091 165 1158; x_wconf 88' lang='lat' dir='ltr'><em>ia</em></span> <span class='ocrx_word' id='word_1_60' title='bbox 182 1087 247 1158; x_wconf 84' lang='lat' dir='ltr'><em>hes</em></span> <span class='ocrx_word' id='word_1_61' title='bbox 263 1085 382 1160; x_wconf 80' lang='lat' dir='ltr'><em>verbs:</em></span> <span class='ocrx_word' id='word_1_62' title='bbox 409 1090 476 1160; x_wconf 88' lang='lat' dir='ltr'><em>Nes</em></span> <span class='ocrx_word' id='word_1_63' title='bbox 492 1093 541 1160; x_wconf 87' lang='lat' dir='ltr'><em>ad</em></span> <span class='ocrx_word' id='word_1_64' title='bbox 555 1109 649 1177; x_wconf 83' lang='lat' dir='ltr'><em>quern</em></span> <span class='ocrx_word' id='word_1_65' title='bbox 666 1109 709 1160; x_wconf 84' lang='lat' dir='ltr'><em>ec</em></span> <span class='ocrx_word' id='word_1_66' title='bbox 724 1093 864 1178; x_wconf 87' lang='lat' dir='ltr'><em>speciali</em></span> <span class='ocrx_word' id='word_1_67' title='bbox 886 1093 1102 1178; x_wconf 84' lang='lat' dir='ltr'><em>preropatiaa</em></span> <span class='ocrx_word' id='word_1_68' title='bbox 1122 1091 1267 1176; x_wconf 75' lang='lat' dir='ltr'><em>pertinet</em></span> 
     </span>
     <span class='ocr_line' id='line_1_10' title="bbox 128 1189 1267 1276; baseline 0 -20"><span class='ocrx_word' id='word_1_69' title='bbox 128 1189 374 1274; x_wconf 81' lang='lat' dir='ltr'><em>preeminencie</em></span> <span class='ocrx_word' id='word_1_70' title='bbox 386 1191 557 1275; x_wconf 88' lang='lat' dir='ltr'><em>potestatis</em></span> <span class='ocrx_word' id='word_1_71' title='bbox 574 1190 709 1258; x_wconf 84' lang='lat' dir='ltr'><em>evellere</em></span> <span class='ocrx_word' id='word_1_72' title='bbox 726 1197 824 1276; x_wconf 81' lang='lat' dir='ltr'><em>alque</em></span> <span class='ocrx_word' id='word_1_73' title='bbox 847 1192 1031 1276; x_wconf 84' lang='lat' dir='ltr'><em>destruere,</em></span> <span class='ocrx_word' id='word_1_74' title='bbox 1056 1189 1210 1273; x_wconf 87' lang='lat' dir='ltr'><em>plantare</em></span> <span class='ocrx_word' id='word_1_75' title='bbox 1233 1192 1267 1256; x_wconf 89' lang='lat' dir='ltr'><em>et</em></span> 
     </span>
     <span class='ocr_line' id='line_1_11' title="bbox 132 1285 1267 1374; baseline 0.002 -20"><span class='ocrx_word' id='word_1_76' title='bbox 132 1285 300 1371; x_wconf 77' lang='lat' dir='ltr'><em>edificare,</em></span> <span class='ocrx_word' id='word_1_77' title='bbox 318 1286 465 1356; x_wconf 83' lang='lat' dir='ltr'><em>diuidere</em></span> <span class='ocrx_word' id='word_1_78' title='bbox 481 1292 514 1354; x_wconf 92' lang='lat' dir='ltr'><em>et</em></span> <span class='ocrx_word' id='word_1_79' title='bbox 528 1289 636 1372; x_wconf 87' lang='lat' dir='ltr'><em>unire,</em></span> <span class='ocrx_word' id='word_1_80' title='bbox 661 1288 703 1356; x_wconf 89' lang='lat' dir='ltr'><em>de</em></span> <span class='ocrx_word' id='word_1_81' title='bbox 726 1287 952 1374; x_wconf 86' lang='lat' dir='ltr'><em>omnipotentis</em></span> <span class='ocrx_word' id='word_1_82' title='bbox 973 1288 1089 1354; x_wconf 70' lang='lat' dir='ltr'><em>warni</em></span> <span class='ocrx_word' id='word_1_83' title='bbox 1107 1285 1216 1372; x_wconf 89' lang='lat' dir='ltr'><em>patris</em></span> <span class='ocrx_word' id='word_1_84' title='bbox 1233 1290 1267 1356; x_wconf 92' lang='lat' dir='ltr'><em>el</em></span> 
     </span>
     <span class='ocr_line' id='line_1_12' title="bbox 131 1383 1263 1471; baseline 0 -21"><span class='ocrx_word' id='word_1_85' title='bbox 131 1384 355 1469; x_wconf 87' lang='lat' dir='ltr'><em>apostolorum</em></span> <span class='ocrx_word' id='word_1_86' title='bbox 366 1386 436 1452; x_wconf 88' lang='lat' dir='ltr'><em>eius</em></span> <span class='ocrx_word' id='word_1_87' title='bbox 447 1383 533 1452; x_wconf 86' lang='lat' dir='ltr'><em>Petri</em></span> <span class='ocrx_word' id='word_1_88' title='bbox 540 1390 572 1452; x_wconf 93' lang='lat' dir='ltr'><em>et</em></span> <span class='ocrx_word' id='word_1_89' title='bbox 581 1384 676 1453; x_wconf 86' lang='lat' dir='ltr'><em>Pauli</em></span> <span class='ocrx_word' id='word_1_90' title='bbox 691 1403 748 1471; x_wconf 89' lang='lat' dir='ltr'><em>spe</em></span> <span class='ocrx_word' id='word_1_91' title='bbox 759 1391 850 1454; x_wconf 89' lang='lat' dir='ltr'><em>certa</em></span> <span class='ocrx_word' id='word_1_92' title='bbox 866 1384 1170 1469; x_wconf 66' lang='lat' dir='ltr'><em>centimanumque</em></span> <span class='ocrx_word' id='word_1_93' title='bbox 1187 1399 1263 1450; x_wconf 79' lang='lat' dir='ltr'><em>aru-</em></span> 
     </span>
     <span class='ocr_line' id='line_1_13' title="bbox 130 1476 1263 1569; baseline -0.001 -21"><span class='ocrx_word' id='word_1_94' title='bbox 130 1482 195 1548; x_wconf 86' lang='lat' dir='ltr'><em>niti</em></span> <span class='ocrx_word' id='word_1_95' title='bbox 209 1476 379 1569; x_wconf 77' lang='lat' dir='ltr'><em>suffropia,</em></span> <span class='ocrx_word' id='word_1_96' title='bbox 398 1483 439 1549; x_wconf 91' lang='lat' dir='ltr'><em>de</em></span> <span class='ocrx_word' id='word_1_97' title='bbox 454 1479 597 1564; x_wconf 83' lang='lat' dir='ltr'><em>fratrum</em></span> <span class='ocrx_word' id='word_1_98' title='bbox 613 1489 796 1550; x_wconf 87' lang='lat' dir='ltr'><em>nostrorum</em></span> <span class='ocrx_word' id='word_1_99' title='bbox 818 1484 956 1552; x_wconf 73' lang='lat' dir='ltr'><em>condlie</em></span> <span class='ocrx_word' id='word_1_100' title='bbox 979 1487 1012 1549; x_wconf 87' lang='lat' dir='ltr'><em>et</em></span> <span class='ocrx_word' id='word_1_101' title='bbox 1031 1499 1165 1550; x_wconf 82' lang='lat' dir='ltr'><em>asserus</em></span> <span class='ocrx_word' id='word_1_102' title='bbox 1178 1497 1263 1567; x_wconf 93' lang='lat' dir='ltr'><em>per-</em></span> 
     </span>
     <span class='ocr_line' id='line_1_14' title="bbox 128 1578 1264 1668; baseline 0 -22"><span class='ocrx_word' id='word_1_103' title='bbox 128 1585 232 1665; x_wconf 87' lang='lat' dir='ltr'><em>petua</em></span> <span class='ocrx_word' id='word_1_104' title='bbox 249 1578 490 1648; x_wconf 73' lang='lat' dir='ltr'><em>deliberacione</em></span> <span class='ocrx_word' id='word_1_105' title='bbox 504 1579 645 1668; x_wconf 80' lang='lat' dir='ltr'><em>firmata,</em></span> <span class='ocrx_word' id='word_1_106' title='bbox 669 1599 712 1648; x_wconf 87' lang='lat' dir='ltr'><em>ec</em></span> <span class='ocrx_word' id='word_1_107' title='bbox 723 1582 893 1667; x_wconf 74' lang='lat' dir='ltr'><em>premissis</em></span> <span class='ocrx_word' id='word_1_108' title='bbox 908 1578 1098 1648; x_wconf 75' lang='lat' dir='ltr'><em>roncalias</em></span> <span class='ocrx_word' id='word_1_109' title='bbox 1108 1584 1140 1646; x_wconf 91' lang='lat' dir='ltr'><em>et</em></span> <span class='ocrx_word' id='word_1_110' title='bbox 1154 1579 1264 1646; x_wconf 72' lang='lat' dir='ltr'><em>ceusu</em></span> 
     </span>
     <span class='ocr_line' id='line_1_15' title="bbox 131 1675 1264 1765; baseline 0 -21"><span class='ocrx_word' id='word_1_111' title='bbox 131 1693 176 1744; x_wconf 89' lang='lat' dir='ltr'><em>ac</em></span> <span class='ocrx_word' id='word_1_112' title='bbox 191 1677 277 1762; x_wconf 88' lang='lat' dir='ltr'><em>aliis,</em></span> <span class='ocrx_word' id='word_1_113' title='bbox 303 1694 385 1762; x_wconf 86' lang='lat' dir='ltr'><em>quas</em></span> <span class='ocrx_word' id='word_1_114' title='bbox 403 1677 607 1763; x_wconf 77' lang='lat' dir='ltr'><em>praesidas</em></span> <span class='ocrx_word' id='word_1_115' title='bbox 634 1680 735 1747; x_wconf 84' lang='lat' dir='ltr'><em>inseri</em></span> <span class='ocrx_word' id='word_1_116' title='bbox 756 1679 936 1765; x_wconf 78' lang='lat' dir='ltr'><em>proliritas</em></span> <span class='ocrx_word' id='word_1_117' title='bbox 958 1675 1129 1745; x_wconf 82' lang='lat' dir='ltr'><em>altisimus</em></span> <span class='ocrx_word' id='word_1_118' title='bbox 1155 1680 1264 1744; x_wconf 79' lang='lat' dir='ltr'><em>nosne</em></span> 
     </span>
     <span class='ocr_line' id='line_1_16' title="bbox 131 1773 1332 1863; baseline 0.001 -22"><span class='ocrx_word' id='word_1_119' title='bbox 131 1791 199 1842; x_wconf 90' lang='lat' dir='ltr'><em>nca</em></span> <span class='ocrx_word' id='word_1_120' title='bbox 215 1775 326 1862; x_wconf 70' lang='lat' dir='ltr'><em>suast</em></span> <span class='ocrx_word' id='word_1_121' title='bbox 339 1776 550 1861; x_wconf 84' lang='lat' dir='ltr'><em>prouinciam</em></span> <span class='ocrx_word' id='word_1_122' title='bbox 573 1775 675 1844; x_wconf 82' lang='lat' dir='ltr'><em>Ytolie</em></span> <span class='ocrx_word' id='word_1_123' title='bbox 692 1775 735 1844; x_wconf 79' lang='lat' dir='ltr'><em>oli</em></span> <span class='ocrx_word' id='word_1_124' title='bbox 746 1778 859 1845; x_wconf 86' lang='lat' dir='ltr'><em>eadem</em></span> <span class='ocrx_word' id='word_1_125' title='bbox 870 1775 1007 1863; x_wconf 80' lang='lat' dir='ltr'><em>imperia</em></span> <span class='ocrx_word' id='word_1_126' title='bbox 1024 1781 1166 1860; x_wconf 81' lang='lat' dir='ltr'><em>elrepnn</em></span> <span class='ocrx_word' id='word_1_127' title='bbox 1177 1773 1265 1842; x_wconf 56' lang='lat' dir='ltr'><em>Ala-v</em></span> <span class='ocrx_word' id='word_1_128' title='bbox 1331 1811 1332 1816; x_wconf 63' lang='lat'><em>=</em></span> 
     </span>
     <span class='ocr_line' id='line_1_17' title="bbox 131 1867 1263 1963; baseline 0 -25"><span class='ocrx_word' id='word_1_129' title='bbox 131 1873 243 1940; x_wconf 88' lang='lat' dir='ltr'><em>mania</em></span> <span class='ocrx_word' id='word_1_130' title='bbox 260 1867 308 1961; x_wconf 82' lang='lat' dir='ltr'><em>[s.</em></span> <span class='ocrx_word' id='word_1_131' title='bbox 326 1867 439 1963; x_wconf 65' lang='lat'><em>1972]</em></span> <span class='ocrx_word' id='word_1_132' title='bbox 457 1874 598 1941; x_wconf 87' lang='lat' dir='ltr'><em>totaliter</em></span> <span class='ocrx_word' id='word_1_133' title='bbox 609 1876 783 1944; x_wconf 74' lang='grc' dir='ltr'><em>οοὲννιονιίοο</em></span> <span class='ocrx_word' id='word_1_134' title='bbox 800 1877 906 1962; x_wconf 86' lang='lat' dir='ltr'><em>ipsam</em></span> <span class='ocrx_word' id='word_1_135' title='bbox 922 1892 945 1942; x_wconf 89' lang='lat' dir='ltr'><em>a</em></span> <span class='ocrx_word' id='word_1_136' title='bbox 961 1872 1159 1944; x_wconf 81' lang='lat' dir='ltr'><em>subiectione</em></span> <span class='ocrx_word' id='word_1_137' title='bbox 1169 1888 1263 1940; x_wconf 83' lang='lat' dir='ltr'><em>cars-</em></span> 
     </span>
     <span class='ocr_line' id='line_1_18' title="bbox 131 1971 1263 2059; baseline -0.001 -23"><span class='ocrx_word' id='word_1_138' title='bbox 131 1972 324 2038; x_wconf 87' lang='lat' dir='ltr'><em>rnunitalum</em></span> <span class='ocrx_word' id='word_1_139' title='bbox 340 1977 373 2038; x_wconf 92' lang='lat' dir='ltr'><em>et</em></span> <span class='ocrx_word' id='word_1_140' title='bbox 390 1971 648 2040; x_wconf 81' lang='lat' dir='ltr'><em>iurisdietionem</em></span> <span class='ocrx_word' id='word_1_141' title='bbox 666 1976 842 2042; x_wconf 76' lang='lat' dir='ltr'><em>emundare</em></span> <span class='ocrx_word' id='word_1_142' title='bbox 858 1974 952 2059; x_wconf 82' lang='lat' dir='ltr'><em>repsi</em></span> <span class='ocrx_word' id='word_1_143' title='bbox 969 1977 1001 2040; x_wconf 94' lang='lat' dir='ltr'><em>el</em></span> <span class='ocrx_word' id='word_1_144' title='bbox 1015 1971 1145 2057; x_wconf 89' lang='lat' dir='ltr'><em>imperii</em></span> <span class='ocrx_word' id='word_1_145' title='bbox 1161 1985 1263 2055; x_wconf 90' lang='lat' dir='ltr'><em>sepa-</em></span> 
     </span>
     <span class='ocr_line' id='line_1_19' title="bbox 131 2067 1263 2156; baseline 0 -22"><span class='ocrx_word' id='word_1_146' title='bbox 131 2085 254 2153; x_wconf 80' lang='lat' dir='ltr'><em>ramea,</em></span> <span class='ocrx_word' id='word_1_147' title='bbox 280 2068 454 2136; x_wconf 80' lang='lat' dir='ltr'><em>dividimus</em></span> <span class='ocrx_word' id='word_1_148' title='bbox 476 2087 519 2137; x_wconf 92' lang='lat' dir='ltr'><em>ac</em></span> <span class='ocrx_word' id='word_1_149' title='bbox 541 2087 605 2156; x_wconf 90' lang='lat' dir='ltr'><em>per</em></span> <span class='ocrx_word' id='word_1_150' title='bbox 625 2077 738 2156; x_wconf 88' lang='lat' dir='ltr'><em>partes</em></span> <span class='ocrx_word' id='word_1_151' title='bbox 763 2072 941 2146; x_wconf 77' lang='lat' dir='ltr'><strong>scindimus</strong></span> <span class='ocrx_word' id='word_1_152' title='bbox 963 2087 1006 2136; x_wconf 90' lang='lat' dir='ltr'><em>ac</em></span> <span class='ocrx_word' id='word_1_153' title='bbox 1032 2070 1073 2137; x_wconf 92' lang='lat' dir='ltr'><em>de</em></span> <span class='ocrx_word' id='word_1_154' title='bbox 1093 2067 1263 2154; x_wconf 86' lang='lat' dir='ltr'><em>polestclis</em></span> 
     </span>
     <span class='ocr_line' id='line_1_20' title="bbox 131 2165 1263 2252; baseline -0.002 -18"><span class='ocrx_word' id='word_1_155' title='bbox 131 2171 242 2234; x_wconf 89' lang='lat' dir='ltr'><em>nostre</em></span> <span class='ocrx_word' id='word_1_156' title='bbox 263 2165 467 2250; x_wconf 86' lang='lat' dir='ltr'><em>plenitudine</em></span> <span class='ocrx_word' id='word_1_157' title='bbox 489 2166 678 2252; x_wconf 80' lang='lat' dir='ltr'><em>liberamus,</em></span> <span class='ocrx_word' id='word_1_158' title='bbox 710 2169 932 2251; x_wconf 66' lang='lat' dir='ltr'><em>decernentes,</em></span> <span class='ocrx_word' id='word_1_159' title='bbox 955 2172 992 2232; x_wconf 89' lang='lat' dir='ltr'><em>ut</em></span> <span class='ocrx_word' id='word_1_160' title='bbox 1012 2167 1101 2234; x_wconf 86' lang='lat' dir='ltr'><em>nullo</em></span> <span class='ocrx_word' id='word_1_161' title='bbox 1118 2181 1263 2248; x_wconf 69' lang='lat' dir='ltr'><em>dopmni</em></span> 
     </span>
     <span class='ocr_line' id='line_1_21' title="bbox 131 2265 1263 2351; baseline -0.004 -19"><span class='ocrx_word' id='word_1_162' title='bbox 131 2270 276 2348; x_wconf 83' lang='lat' dir='ltr'><em>tempore</em></span> <span class='ocrx_word' id='word_1_163' title='bbox 295 2281 394 2350; x_wconf 85' lang='lat' dir='ltr'><em>opere</em></span> <span class='ocrx_word' id='word_1_164' title='bbox 420 2266 638 2351; x_wconf 83' lang='lat' dir='ltr'><em>coniupantur</em></span> <span class='ocrx_word' id='word_1_165' title='bbox 665 2272 697 2332; x_wconf 91' lang='lat' dir='ltr'><em>et</em></span> <span class='ocrx_word' id='word_1_166' title='bbox 720 2267 876 2332; x_wconf 85' lang='lat' dir='ltr'><em>uniantur</em></span> <span class='ocrx_word' id='word_1_167' title='bbox 898 2269 959 2330; x_wconf 90' lang='lat' dir='ltr'><em>aut</em></span> <span class='ocrx_word' id='word_1_168' title='bbox 979 2265 1014 2330; x_wconf 89' lang='lat' dir='ltr'><em>in</em></span> <span class='ocrx_word' id='word_1_169' title='bbox 1041 2280 1106 2330; x_wconf 90' lang='lat' dir='ltr'><em>une</em></span> <span class='ocrx_word' id='word_1_170' title='bbox 1123 2278 1263 2350; x_wconf 82' lang='lat' dir='ltr'><em>corpore</em></span> 
     </span>
     <span class='ocr_line' id='line_1_22' title="bbox 131 2358 1263 2448; baseline -0.004 -20"><span class='ocrx_word' id='word_1_171' title='bbox 131 2361 273 2428; x_wconf 75' lang='lat' dir='ltr'><em>eeisure</em></span> <span class='ocrx_word' id='word_1_172' title='bbox 289 2363 471 2430; x_wconf 87' lang='lat' dir='ltr'><em>sentiantur</em></span> <span class='ocrx_word' id='word_1_173' title='bbox 487 2380 530 2428; x_wconf 83' lang='lat' dir='ltr'><em>ea</em></span> <span class='ocrx_word' id='word_1_174' title='bbox 546 2381 585 2430; x_wconf 91' lang='lat' dir='ltr'><em>eo</em></span> <span class='ocrx_word' id='word_1_175' title='bbox 598 2364 764 2448; x_wconf 77' lang='lat' dir='ltr'><em>precipue,</em></span> <span class='ocrx_word' id='word_1_176' title='bbox 784 2360 1059 2448; x_wconf 81' lang='lat' dir='ltr'><em>quodearundenr</em></span> <span class='ocrx_word' id='word_1_177' title='bbox 1066 2358 1263 2444; x_wconf 70' lang='lat' dir='ltr'><em>praeima-</em></span> 
     </span>
     <span class='ocr_line' id='line_1_23' title="bbox 131 2455 1268 2544; baseline -0.001 -18"><span class='ocrx_word' id='word_1_178' title='bbox 131 2476 206 2526; x_wconf 88' lang='lat' dir='ltr'><em>rum</em></span> <span class='ocrx_word' id='word_1_179' title='bbox 223 2459 319 2544; x_wconf 85' lang='lat' dir='ltr'><em>lanpe</em></span> <span class='ocrx_word' id='word_1_180' title='bbox 344 2455 528 2544; x_wconf 69' lang='lat' dir='ltr'><em>disiectique</em></span> <span class='ocrx_word' id='word_1_181' title='bbox 547 2462 716 2544; x_wconf 84' lang='lat' dir='ltr'><em>protensio</em></span> <span class='ocrx_word' id='word_1_182' title='bbox 737 2461 786 2528; x_wconf 90' lang='lat' dir='ltr'><em>sic</em></span> <span class='ocrx_word' id='word_1_183' title='bbox 809 2455 982 2541; x_wconf 72' lang='lat' dir='ltr'><em>wnsundit</em></span> <span class='ocrx_word' id='word_1_184' title='bbox 1005 2465 1038 2525; x_wconf 93' lang='lat' dir='ltr'><em>et</em></span> <span class='ocrx_word' id='word_1_185' title='bbox 1058 2455 1206 2541; x_wconf 89' lang='lat' dir='ltr'><em>impedit,</em></span> <span class='ocrx_word' id='word_1_186' title='bbox 1229 2459 1268 2525; x_wconf 85' lang='lat' dir='ltr'><em>ul</em></span> 
     </span>
     <span class='ocr_line' id='line_1_24' title="bbox 131 2550 1265 2644; baseline -0.004 -20"><span class='ocrx_word' id='word_1_187' title='bbox 131 2557 229 2624; x_wconf 87' lang='lat' dir='ltr'><em>unius</em></span> <span class='ocrx_word' id='word_1_188' title='bbox 246 2559 414 2642; x_wconf 80' lang='lat' dir='ltr'><em>repnarrlrs</em></span> <span class='ocrx_word' id='word_1_189' title='bbox 431 2558 494 2626; x_wconf 88' lang='lat' dir='ltr'><em>oiri</em></span> <span class='ocrx_word' id='word_1_190' title='bbox 509 2558 688 2626; x_wconf 78' lang='lat' dir='ltr'><em>sanctionis</em></span> <span class='ocrx_word' id='word_1_191' title='bbox 706 2564 739 2625; x_wconf 91' lang='lat' dir='ltr'><em>et</em></span> <span class='ocrx_word' id='word_1_192' title='bbox 750 2555 1004 2644; x_wconf 81' lang='lat' dir='ltr'><em>pudernocione&#39;s</em></span> <span class='ocrx_word' id='word_1_193' title='bbox 1028 2550 1172 2635; x_wconf 79' lang='lat' dir='ltr'><em>alliciunt</em></span> <span class='ocrx_word' id='word_1_194' title='bbox 1198 2569 1265 2620; x_wconf 78' lang='lat' dir='ltr'><em>raon</em></span> 
     </span>
     <span class='ocr_line' id='line_1_25' title="bbox 131 2648 1264 2745; baseline -0.005 -23"><span class='ocrx_word' id='word_1_195' title='bbox 131 2648 298 2734; x_wconf 70' lang='lat' dir='ltr'><em>sufficiat·</em></span> <span class='ocrx_word' id='word_1_196' title='bbox 350 2652 583 2741; x_wconf 80' lang='lat' dir='ltr'><em>Quapropter</em></span> <span class='ocrx_word' id='word_1_197' title='bbox 611 2658 755 2741; x_wconf 84' lang='lat' dir='ltr'><em>ipsorum</em></span> <span class='ocrx_word' id='word_1_198' title='bbox 782 2649 933 2745; x_wconf 81' lang='lat' dir='ltr'><em>[cuasa]</em></span> <span class='ocrx_word' id='word_1_199' title='bbox 966 2654 1051 2722; x_wconf 86' lang='lat' dir='ltr'><em>lesus</em></span> <span class='ocrx_word' id='word_1_200' title='bbox 1079 2651 1264 2737; x_wconf 83' lang='lat' dir='ltr'><em>neplipitur,</em></span> 
     </span>
     <span class='ocr_line' id='line_1_26' title="bbox 132 2745 1265 2839; baseline -0.005 -19"><span class='ocrx_word' id='word_1_201' title='bbox 132 2757 168 2820; x_wconf 93' lang='lat' dir='ltr'><em>et</em></span> <span class='ocrx_word' id='word_1_202' title='bbox 185 2751 263 2818; x_wconf 82' lang='lat' dir='ltr'><em>duna</em></span> <span class='ocrx_word' id='word_1_203' title='bbox 282 2753 472 2838; x_wconf 86' lang='lat' dir='ltr'><em>imperantis</em></span> <span class='ocrx_word' id='word_1_204' title='bbox 489 2755 617 2820; x_wconf 82' lang='lat' dir='ltr'><em>calenus</em></span> <span class='ocrx_word' id='word_1_205' title='bbox 637 2753 685 2820; x_wconf 91' lang='lat' dir='ltr'><em>ad</em></span> <span class='ocrx_word' id='word_1_206' title='bbox 695 2754 771 2839; x_wconf 87' lang='lat' dir='ltr'><em>plus</em></span> <span class='ocrx_word' id='word_1_207' title='bbox 781 2755 973 2837; x_wconf 85' lang='lat' dir='ltr'><em>eclenditur,</em></span> <span class='ocrx_word' id='word_1_208' title='bbox 984 2750 1171 2838; x_wconf 83' lang='lat' dir='ltr'><em>adsinpulc</em></span> <span class='ocrx_word' id='word_1_209' title='bbox 1181 2745 1265 2836; x_wconf 89' lang='lat' dir='ltr'><em>[per</em></span> 
     </span>
     <span class='ocr_line' id='line_1_27' title="bbox 132 2845 1264 2938; baseline -0.005 -20"><span class='ocrx_word' id='word_1_210' title='bbox 132 2866 332 2934; x_wconf 84' lang='lat' dir='ltr'><em>consequens</em></span> <span class='ocrx_word' id='word_1_211' title='bbox 341 2851 506 2936; x_wconf 83' lang='lat' dir='ltr'><em>minuitur,</em></span> <span class='ocrx_word' id='word_1_212' title='bbox 527 2853 735 2938; x_wconf 81' lang='lat' dir='ltr'><em>derepinaine</em></span> <span class='ocrx_word' id='word_1_213' title='bbox 751 2858 784 2919; x_wconf 93' lang='lat' dir='ltr'><em>et</em></span> <span class='ocrx_word' id='word_1_214' title='bbox 800 2851 1042 2938; x_wconf 73' lang='lat' dir='ltr'><em>pocenariane</em></span> <span class='ocrx_word' id='word_1_215' title='bbox 1060 2865 1133 2916; x_wconf 78' lang='grc' dir='ltr'><em>οιοννο</em></span> <span class='ocrx_word' id='word_1_216' title='bbox 1144 2845 1264 2933; x_wconf 86' lang='lat' dir='ltr'><em>praci-</em></span> 
     </span>
     <span class='ocr_line' id='line_1_28' title="bbox 132 2944 1265 3042; baseline -0.003 -29"><span class='ocrx_word' id='word_1_217' title='bbox 132 2947 248 3042; x_wconf 78' lang='lat' dir='ltr'><em>rlentia</em></span> <span class='ocrx_word' id='word_1_218' title='bbox 268 2949 356 3034; x_wconf 84' lang='lat' dir='ltr'><em>repis</em></span> <span class='ocrx_word' id='word_1_219' title='bbox 376 2944 517 3038; x_wconf 74' lang='grc' dir='ltr'><em>οιονννί]2</em></span> <span class='ocrx_word' id='word_1_220' title='bbox 539 2950 754 3017; x_wconf 80' lang='lat' dir='ltr'><em>elearundern</em></span> <span class='ocrx_word' id='word_1_221' title='bbox 774 2944 916 3030; x_wconf 80' lang='lat' dir='ltr'><em>fratrum</em></span> <span class='ocrx_word' id='word_1_222' title='bbox 934 2944 1265 3018; x_wconf 75' lang='lat' dir='ltr'><em>nasaorumconsilio</em></span> 
     </span>
     <span class='ocr_line' id='line_1_29' title="bbox 133 3043 1265 3140; baseline -0.004 -27"><span class='ocrx_word' id='word_1_223' title='bbox 133 3052 168 3113; x_wconf 93' lang='lat' dir='ltr'><em>et</em></span> <span class='ocrx_word' id='word_1_224' title='bbox 192 3044 432 3134; x_wconf 73' lang='lat' dir='ltr'><em>deliberacione</em></span> <span class='ocrx_word' id='word_1_225' title='bbox 468 3049 604 3116; x_wconf 87' lang='lat' dir='ltr'><em>solemni</em></span> <span class='ocrx_word' id='word_1_226' title='bbox 632 3049 766 3140; x_wconf 82' lang='lat' dir='ltr'><em>caucitrs</em></span> <span class='ocrx_word' id='word_1_227' title='bbox 790 3049 960 3133; x_wconf 87' lang='lat' dir='ltr'><em>procisuri</em></span> <span class='ocrx_word' id='word_1_228' title='bbox 974 3047 1028 3112; x_wconf 86' lang='lat' dir='ltr'><em>¹ac</em></span> <span class='ocrx_word' id='word_1_229' title='bbox 1050 3043 1265 3134; x_wconf 80' lang='lat' dir='ltr'><em>declarantes,</em></span> 
     </span>
     <span class='ocr_line' id='line_1_30' title="bbox 132 3137 1284 3232; baseline -0.005 -22"><span class='ocrx_word' id='word_1_230' title='bbox 132 3159 270 3229; x_wconf 80' lang='lat' dir='ltr'><em>repausa</em></span> <span class='ocrx_word' id='word_1_231' title='bbox 287 3145 483 3229; x_wconf 70' lang='lat' dir='ltr'><em>predictund</em></span> <span class='ocrx_word' id='word_1_232' title='bbox 494 3146 690 3213; x_wconf 75' lang='lat' dir='ltr'><em>Mamonrde</em></span> <span class='ocrx_word' id='word_1_233' title='bbox 700 3162 723 3211; x_wconf 95' lang='lat' dir='ltr'><em>a</em></span> <span class='ocrx_word' id='word_1_234' title='bbox 733 3161 835 3232; x_wconf 81' lang='lat' dir='ltr'><em>repao</em></span> <span class='ocrx_word' id='word_1_235' title='bbox 845 3144 985 3212; x_wconf 85' lang='lat' dir='ltr'><em>Francia</em></span> <span class='ocrx_word' id='word_1_236' title='bbox 996 3143 1098 3216; x_wconf 87' lang='lat' dir='ltr'><em>elaris</em></span> <span class='ocrx_word' id='word_1_237' title='bbox 1108 3137 1284 3224; x_wconf 74' lang='lat' dir='ltr'><em>distinqui</em></span> 
     </span>
     <span class='ocr_line' id='line_1_31' title="bbox 133 3239 1266 3329; baseline -0.006 -20"><span class='ocrx_word' id='word_1_238' title='bbox 133 3241 281 3309; x_wconf 71' lang='lat' dir='ltr'><em>arnaria</em></span> <span class='ocrx_word' id='word_1_239' title='bbox 291 3247 324 3310; x_wconf 93' lang='lat' dir='ltr'><em>el</em></span> <span class='ocrx_word' id='word_1_240' title='bbox 337 3243 422 3311; x_wconf 89' lang='lat' dir='ltr'><em>netis</em></span> <span class='ocrx_word' id='word_1_241' title='bbox 435 3241 556 3322; x_wconf 80' lang='lat' dir='ltr'><em>linibus</em></span> <span class='ocrx_word' id='word_1_242' title='bbox 566 3243 711 3329; x_wconf 84' lang='lat' dir='ltr'><em>limitari,</em></span> <span class='ocrx_word' id='word_1_243' title='bbox 729 3243 888 3310; x_wconf 84' lang='lat' dir='ltr'><em>distinctis</em></span> <span class='ocrx_word' id='word_1_244' title='bbox 900 3258 963 3328; x_wconf 91' lang='lat' dir='ltr'><em>per</em></span> <span class='ocrx_word' id='word_1_245' title='bbox 983 3257 1042 3308; x_wconf 89' lang='lat' dir='ltr'><em>aas</em></span> <span class='ocrx_word' id='word_1_246' title='bbox 1060 3239 1101 3308; x_wconf 90' lang='lat' dir='ltr'><em>de</em></span> <span class='ocrx_word' id='word_1_247' title='bbox 1120 3239 1266 3323; x_wconf 80' lang='lat' dir='ltr'><em>ipsorum</em></span> 
     </span>
     <span class='ocr_line' id='line_1_32' title="bbox 133 3335 1266 3428; baseline -0.005 -22"><span class='ocrx_word' id='word_1_248' title='bbox 133 3335 278 3420; x_wconf 71' lang='lat' dir='ltr'><em>[ramas</em></span> <span class='ocrx_word' id='word_1_249' title='bbox 308 3345 491 3409; x_wconf 72' lang='lat' dir='ltr'><em>aasnamn</em></span> <span class='ocrx_word' id='word_1_250' title='bbox 518 3343 655 3410; x_wconf 87' lang='lat' dir='ltr'><em>consitio</em></span> <span class='ocrx_word' id='word_1_251' title='bbox 677 3346 818 3428; x_wconf 86' lang='lat' dir='ltr'><em>paterae</em></span> <span class='ocrx_word' id='word_1_252' title='bbox 844 3357 957 3408; x_wconf 89' lang='lat' dir='ltr'><em>arncre</em></span> <span class='ocrx_word' id='word_1_253' title='bbox 979 3337 1118 3423; x_wconf 85' lang='lat' dir='ltr'><em>procide</em></span> <span class='ocrx_word' id='word_1_254' title='bbox 1145 3335 1266 3403; x_wconf 79' lang='lat' dir='ltr'><em>destin-</em></span> 
     </span>
     <span class='ocr_line' id='line_1_33' title="bbox 133 3433 1267 3526; baseline -0.005 -20"><span class='ocrx_word' id='word_1_255' title='bbox 133 3439 298 3522; x_wconf 63' lang='lat' dir='ltr'><em>perdar</em></span> <span class='ocrx_word' id='word_1_256' title='bbox 341 3437 412 3506; x_wconf 85' lang='lat' dir='ltr'><em>Hae</em></span> <span class='ocrx_word' id='word_1_257' title='bbox 432 3456 492 3508; x_wconf 80' lang='lat' dir='ltr'><em>rias</em></span> <span class='ocrx_word' id='word_1_258' title='bbox 518 3439 701 3526; x_wconf 83' lang='lat' dir='ltr'><em>ecemplurs</em></span> <span class='ocrx_word' id='word_1_259' title='bbox 724 3437 844 3506; x_wconf 70' lang='lat' dir='ltr'><em>caud</em></span> <span class='ocrx_word' id='word_1_260' title='bbox 863 3456 905 3506; x_wconf 92' lang='lat' dir='ltr'><em>oc</em></span> <span class='ocrx_word' id='word_1_261' title='bbox 925 3437 1020 3504; x_wconf 87' lang='lat' dir='ltr'><em>racio</em></span> <span class='ocrx_word' id='word_1_262' title='bbox 1042 3433 1188 3519; x_wconf 75' lang='lat' dir='ltr'><em>annuit,</em></span> <span class='ocrx_word' id='word_1_263' title='bbox 1210 3433 1267 3518; x_wconf 77' lang='lat' dir='ltr'><em>qui</em></span> 
     </span>
     <span class='ocr_line' id='line_1_34' title="bbox 131 3533 1267 3624; baseline -0.002 -25"><span class='ocrx_word' id='word_1_264' title='bbox 131 3539 270 3620; x_wconf 88' lang='lat' dir='ltr'><em>propter</em></span> <span class='ocrx_word' id='word_1_265' title='bbox 285 3543 428 3622; x_wconf 88' lang='lat' dir='ltr'><em>peccata</em></span> <span class='ocrx_word' id='word_1_266' title='bbox 454 3539 668 3624; x_wconf 85' lang='lat' dir='ltr'><em>repaanciurn</em></span> <span class='ocrx_word' id='word_1_267' title='bbox 693 3553 798 3623; x_wconf 86' lang='lat' dir='ltr'><em>repna</em></span> <span class='ocrx_word' id='word_1_268' title='bbox 826 3537 949 3622; x_wconf 67' lang='lat' dir='ltr'><em>duait,-</em></span> <span class='ocrx_word' id='word_1_269' title='bbox 964 3533 1037 3602; x_wconf 81' lang='lat' dir='ltr'><em>lice</em></span> <span class='ocrx_word' id='word_1_270' title='bbox 1062 3534 1160 3601; x_wconf 88' lang='lat' dir='ltr'><em>docet</em></span> <span class='ocrx_word' id='word_1_271' title='bbox 1179 3547 1267 3616; x_wconf 88' lang='lat' dir='ltr'><em>pre-</em></span> 
     </span>
     <span class='ocr_line' id='line_1_35' title="bbox 134 3628 1268 3722; baseline -0.002 -24"><span class='ocrx_word' id='word_1_272' title='bbox 134 3633 238 3698; x_wconf 87' lang='lat' dir='ltr'><em>missa</em></span> <span class='ocrx_word' id='word_1_273' title='bbox 257 3634 361 3718; x_wconf 87' lang='lat' dir='ltr'><em>racia,</em></span> <span class='ocrx_word' id='word_1_274' title='bbox 385 3635 465 3718; x_wconf 82' lang='lat' dir='ltr'><em>qaia</em></span> <span class='ocrx_word' id='word_1_275' title='bbox 484 3636 605 3704; x_wconf 88' lang='lat' dir='ltr'><em>matam</em></span> <span class='ocrx_word' id='word_1_276' title='bbox 624 3641 766 3722; x_wconf 84' lang='lat' dir='ltr'><em>separat,</em></span> <span class='ocrx_word' id='word_1_277' title='bbox 793 3641 830 3702; x_wconf 89' lang='lat' dir='ltr'><em>ut</em></span> <span class='ocrx_word' id='word_1_278' title='bbox 852 3635 952 3706; x_wconf 90' lang='lat' dir='ltr'><em>unica</em></span> <span class='ocrx_word' id='word_1_279' title='bbox 977 3631 1114 3700; x_wconf 85' lang='lat' dir='ltr'><em>malicie</em></span> <span class='ocrx_word' id='word_1_280' title='bbox 1132 3628 1268 3716; x_wconf 76' lang='lat' dir='ltr'><em>prosius</em></span> 
     </span>
     <span class='ocr_line' id='line_1_36' title="bbox 135 3719 1267 3818; baseline -0.004 -22"><span class='ocrx_word' id='word_1_281' title='bbox 135 3747 203 3796; x_wconf 86' lang='lat' dir='ltr'><em>nan</em></span> <span class='ocrx_word' id='word_1_282' title='bbox 225 3725 378 3811; x_wconf 76' lang='lat' dir='ltr'><em>offendat.</em></span> <span class='ocrx_word' id='word_1_283' title='bbox 405 3731 494 3800; x_wconf 81' lang='lat' dir='ltr'><em>Nulli</em></span> <span class='ocrx_word' id='word_1_284' title='bbox 514 3750 592 3818; x_wconf 86' lang='lat' dir='ltr'><em>erpa</em></span> <span class='ocrx_word' id='word_1_285' title='bbox 613 3735 744 3802; x_wconf 86' lang='lat' dir='ltr'><em>omnine</em></span> <span class='ocrx_word' id='word_1_286' title='bbox 764 3731 928 3801; x_wconf 63' lang='lat' dir='ltr'><em>moinum</em></span> <span class='ocrx_word' id='word_1_287' title='bbox 944 3731 1017 3799; x_wconf 77' lang='grc' dir='ltr'><em>ονο.5</em></span> <span class='ocrx_word' id='word_1_288' title='bbox 1068 3726 1140 3796; x_wconf 85' lang='lat' dir='ltr'><em>Hec</em></span> <span class='ocrx_word' id='word_1_289' title='bbox 1163 3719 1267 3794; x_wconf 80' lang='lat' dir='ltr'><em>verbo</em></span> 
     </span>
     <span class='ocr_line' id='line_1_37' title="bbox 136 3817 1267 3922; baseline -0.005 -26"><span class='ocrx_word' id='word_1_290' title='bbox 136 3823 350 3915; x_wconf 80' lang='lat' dir='ltr'><em>diaisuaat,</em></span> <span class='ocrx_word' id='word_1_291' title='bbox 368 3849 480 3919; x_wconf 76' lang='lat' dir='ltr'><em>ymmo</em></span> <span class='ocrx_word' id='word_1_292' title='bbox 505 3831 620 3900; x_wconf 85' lang='lat' dir='ltr'><em>varius</em></span> <span class='ocrx_word' id='word_1_293' title='bbox 639 3826 800 3916; x_wconf 82' lang='lat' dir='ltr'><em>destituti,</em></span> <span class='ocrx_word' id='word_1_294' title='bbox 828 3851 888 3922; x_wconf 84' lang='lat' dir='ltr'><em>per</em></span> <span class='ocrx_word' id='word_1_295' title='bbox 910 3826 1066 3900; x_wconf 83' lang='lat' dir='ltr'><em>mundum</em></span> <span class='ocrx_word' id='word_1_296' title='bbox 1094 3819 1155 3897; x_wconf 88' lang='lat' dir='ltr'><em>sub</em></span> <span class='ocrx_word' id='word_1_297' title='bbox 1180 3817 1267 3891; x_wconf 83' lang='lat' dir='ltr'><em>bulla</em></span> 
     </span>
     <span class='ocr_line' id='line_1_38' title="bbox 135 3910 1268 4020; baseline -0.006 -26"><span class='ocrx_word' id='word_1_298' title='bbox 135 3922 244 4017; x_wconf 83' lang='lat' dir='ltr'><em>papali</em></span> <span class='ocrx_word' id='word_1_299' title='bbox 261 3921 431 4016; x_wconf 76' lang='lat' dir='ltr'><em>diuulgati.</em></span> <span class='ocrx_word' id='word_1_300' title='bbox 481 3923 574 4012; x_wconf 80' lang='lat' dir='ltr'><em>Quod</em></span> <span class='ocrx_word' id='word_1_301' title='bbox 592 3925 722 4020; x_wconf 81' lang='lat' dir='ltr'><em>quidem</em></span> <span class='ocrx_word' id='word_1_302' title='bbox 741 3934 893 3998; x_wconf 65' lang='lat' dir='ltr'><em>satutant</em></span> <span class='ocrx_word' id='word_1_303' title='bbox 910 3927 939 3996; x_wconf 89' lang='lat' dir='ltr'><em>si</em></span> <span class='ocrx_word' id='word_1_304' title='bbox 965 3931 1094 3995; x_wconf 80' lang='lat' dir='ltr'><em>tenetur</em></span> <span class='ocrx_word' id='word_1_305' title='bbox 1111 3929 1145 3990; x_wconf 82' lang='lat' dir='ltr'><em>ct</em></span> <span class='ocrx_word' id='word_1_306' title='bbox 1162 3910 1268 3988; x_wconf 76' lang='lat' dir='ltr'><em>valed</em></span> 
     </span>
    </p>
   </div>
   <div class='ocr_carea' id='block_1_3' title="bbox 135 4052 1268 4234">
    <p class='ocr_par' dir='ltr' id='par_1_4' title="bbox 135 4052 1268 4234">
     <span class='ocr_line' id='line_1_39' title="bbox 210 4052 1267 4162; baseline -0.004 -19"><span class='ocrx_word' id='word_1_307' title='bbox 210 4089 240 4156; x_wconf 85' lang='lat' dir='ltr'><em>i)</em></span> <span class='ocrx_word' id='word_1_308' title='bbox 267 4089 402 4146; x_wconf 81' lang='lat' dir='ltr'><em>sufficiant</em></span> <span class='ocrx_word' id='word_1_309' title='bbox 425 4092 466 4147; x_wconf 79' lang='lat' dir='ltr'><em>iis.</em></span> <span class='ocrx_word' id='word_1_310' title='bbox 502 4092 534 4159; x_wconf 77' lang='lat'><em>2)</em></span> <span class='ocrx_word' id='word_1_311' title='bbox 554 4092 601 4147; x_wconf 82' lang='lat' dir='ltr'><em>das</em></span> <span class='ocrx_word' id='word_1_312' title='bbox 627 4052 927 4162; x_wconf 23' lang='lat' dir='ltr'><em>eingeklaramerteiaus</em></span> <span class='ocrx_word' id='word_1_313' title='bbox 946 4085 1147 4156; x_wconf 82' lang='lat' dir='ltr'><em>Oieoscliiager.</em></span> <span class='ocrx_word' id='word_1_314' title='bbox 1184 4085 1215 4151; x_wconf 75' lang='lat'><em>3)</em></span> <span class='ocrx_word' id='word_1_315' title='bbox 1234 4100 1267 4140; x_wconf 86' lang='lat' dir='ltr'><em>so</em></span> 
     </span>
     <span class='ocr_line' id='line_1_40' title="bbox 135 4155 1268 4234; baseline -0.002 -21"><span class='ocrx_word' id='word_1_316' title='bbox 135 4159 337 4225; x_wconf 71' lang='lat' dir='ltr'><em>Olenschiaser.</em></span> <span class='ocrx_word' id='word_1_317' title='bbox 357 4161 472 4218; x_wconf 79' lang='lat' dir='ltr'><em>Ficksr&#39;s</em></span> <span class='ocrx_word' id='word_1_318' title='bbox 488 4161 617 4218; x_wconf 82' lang='lat' dir='ltr'><em>abachriit</em></span> <span class='ocrx_word' id='word_1_319' title='bbox 634 4164 743 4234; x_wconf 86' lang='lat' dir='ltr'><em>pridem.</em></span> <span class='ocrx_word' id='word_1_320' title='bbox 780 4161 811 4228; x_wconf 86' lang='grc'><em>4)</em></span> <span class='ocrx_word' id='word_1_321' title='bbox 836 4159 1054 4229; x_wconf 74' lang='lat' dir='ltr'><em>distinguendum</em></span> <span class='ocrx_word' id='word_1_322' title='bbox 1083 4157 1198 4212; x_wconf 80' lang='lat' dir='ltr'><em>Ficker&#39;s</em></span> <span class='ocrx_word' id='word_1_323' title='bbox 1218 4155 1268 4211; x_wconf 89' lang='lat' dir='ltr'><em>ab·</em></span> 
     </span>
    </p>
   </div>
   <div class='ocr_carea' id='block_1_4' title="bbox 134 4229 1266 4307">
    <p class='ocr_par' dir='ltr' id='par_1_5' title="bbox 134 4229 1266 4307">
     <span class='ocr_line' id='line_1_41' title="bbox 134 4229 1266 4307; baseline 0.002 -20"><span class='ocrx_word' id='word_1_324' title='bbox 134 4231 241 4288; x_wconf 74' lang='lat' dir='ltr'><em>scirtii</em></span> <span class='ocrx_word' id='word_1_325' title='bbox 278 4236 309 4304; x_wconf 80' lang='lat'><em>5)</em></span> <span class='ocrx_word' id='word_1_326' title='bbox 328 4232 518 4307; x_wconf 74' lang='lat' dir='ltr'><em>otensahtager</em></span> <span class='ocrx_word' id='word_1_327' title='bbox 536 4235 738 4298; x_wconf 71' lang='lat' dir='ltr'><em>Sasu-Gesch.</em></span> <span class='ocrx_word' id='word_1_328' title='bbox 758 4233 788 4292; x_wconf 87' lang='lat' dir='ltr'><em>U.</em></span> <span class='ocrx_word' id='word_1_329' title='bbox 806 4232 834 4290; x_wconf 87' lang='lat' dir='ltr'><em>B.</em></span> <span class='ocrx_word' id='word_1_330' title='bbox 852 4230 915 4290; x_wconf 81' lang='lat' dir='ltr'><em>udo.</em></span> <span class='ocrx_word' id='word_1_331' title='bbox 943 4231 973 4292; x_wconf 78' lang='lat' dir='ltr'><em>si</em></span> <span class='ocrx_word' id='word_1_332' title='bbox 993 4235 1066 4288; x_wconf 81' lang='lat' dir='ltr'><em>unu</em></span> <span class='ocrx_word' id='word_1_333' title='bbox 1084 4229 1208 4288; x_wconf 74' lang='lat' dir='ltr'><em>‹at-usitat</em></span> <span class='ocrx_word' id='word_1_334' title='bbox 1224 4229 1266 4289; x_wconf 83' lang='lat' dir='ltr'><em>ht.</em></span> 
     </span>
    </p>
   </div>
   <div class='ocr_carea' id='block_1_5' title="bbox 0 0 1515 4820">
    <p class='ocr_par' dir='ltr' id='par_1_6' title="bbox 0 0 1515 4820">
     <span class='ocr_line' id='line_1_42' title="bbox 0 0 1515 4820; baseline 0 0"><span class='ocrx_word' id='word_1_335' title='bbox 0 0 1515 4820; x_wconf 95' lang='lat' dir='ltr'><em> </em></span> 
     </span>
    </p>
   </div>
  </div>
 </body>
</html>
