<?xml version="1.0" encoding="UTF-8"?>
<!DOCTYPE html PUBLIC "-//W3C//DTD XHTML 1.0 Transitional//EN"
    "http://www.w3.org/TR/xhtml1/DTD/xhtml1-transitional.dtd">
<html xmlns="http://www.w3.org/1999/xhtml" xml:lang="en" lang="en">
 <head>
  <title>
</title>
<meta http-equiv="Content-Type" content="text/html;charset=utf-8" />
  <meta name='ocr-system' content='tesseract 3.04.00' />
  <meta name='ocr-capabilities' content='ocr_page ocr_carea ocr_par ocr_line ocrx_word'/>
</head>
<body>
  <div class='ocr_page' id='page_1' title='image "./fontesrerumgerm01hubegoog_0545.png"; bbox 0 0 3014 4822; ppageno 0'>
   <div class='ocr_carea' id='block_1_1' title="bbox 279 245 1007 320">
    <p class='ocr_par' dir='ltr' id='par_1_1' title="bbox 279 245 1007 320">
     <span class='ocr_line' id='line_1_1' title="bbox 279 245 1007 320; baseline 0.003 -14"><span class='ocrx_word' id='word_1_1' title='bbox 279 247 351 320; x_wconf 76' lang='grc'><strong>470</strong></span> <span class='ocrx_word' id='word_1_2' title='bbox 682 247 812 306; x_wconf 74' lang='lat' dir='ltr'><strong>tutinus</strong></span> <span class='ocrx_word' id='word_1_3' title='bbox 832 245 1007 308; x_wconf 72' lang='lat' dir='ltr'><strong>cotonttu</strong></span> 
     </span>
    </p>
   </div>
   <div class='ocr_carea' id='block_1_2' title="bbox 278 423 1412 614">
    <p class='ocr_par' dir='ltr' id='par_1_2' title="bbox 278 423 1412 614">
     <span class='ocr_line' id='line_1_2' title="bbox 281 423 1412 526; baseline 0.006 -31"><span class='ocrx_word' id='word_1_4' title='bbox 281 427 468 496; x_wconf 86' lang='lat' dir='ltr'><strong>masticatis.</strong></span> <span class='ocrx_word' id='word_1_5' title='bbox 504 423 596 515; x_wconf 85' lang='lat' dir='ltr'><strong>Ergo</strong></span> <span class='ocrx_word' id='word_1_6' title='bbox 615 435 646 496; x_wconf 86' lang='lat' dir='ltr'><strong>te</strong></span> <span class='ocrx_word' id='word_1_7' title='bbox 663 427 695 496; x_wconf 90' lang='lat' dir='ltr'><strong>in</strong></span> <span class='ocrx_word' id='word_1_8' title='bbox 714 445 794 498; x_wconf 89' lang='lat' dir='ltr'><strong>esse</strong></span> <span class='ocrx_word' id='word_1_9' title='bbox 818 435 997 500; x_wconf 82' lang='lat' dir='ltr'><strong>conservet</strong></span> <span class='ocrx_word' id='word_1_10' title='bbox 1022 430 1075 526; x_wconf 89' lang='lat' dir='ltr'><strong>qni</strong></span> <span class='ocrx_word' id='word_1_11' title='bbox 1099 429 1171 500; x_wconf 87' lang='lat' dir='ltr'><strong>sine</strong></span> <span class='ocrx_word' id='word_1_12' title='bbox 1195 425 1261 500; x_wconf 88' lang='lat' dir='ltr'><strong>tino</strong></span> <span class='ocrx_word' id='word_1_13' title='bbox 1280 429 1365 501; x_wconf 84' lang='lat' dir='ltr'><strong>vivit</strong></span> <span class='ocrx_word' id='word_1_14' title='bbox 1380 438 1412 502; x_wconf 88' lang='lat' dir='ltr'><strong>ot</strong></span> 
     </span>
     <span class='ocr_line' id='line_1_3' title="bbox 278 521 553 614; baseline 0.029 -22"><span class='ocrx_word' id='word_1_15' title='bbox 278 531 407 614; x_wconf 81' lang='lat' dir='ltr'><strong>regnat.</strong></span> <span class='ocrx_word' id='word_1_16' title='bbox 433 521 553 600; x_wconf 80' lang='lat' dir='ltr'><strong>Arnen.</strong></span> 
     </span>
    </p>
   </div>
   <div class='ocr_carea' id='block_1_3' title="bbox 278 940 1413 1136">
    <p class='ocr_par' dir='ltr' id='par_1_3' title="bbox 278 940 1413 1136">
     <span class='ocr_line' id='line_1_4' title="bbox 278 940 1413 1019; baseline 0.003 -4"><span class='ocrx_word' id='word_1_17' title='bbox 278 940 492 1017; x_wconf 82' lang='lat' dir='ltr'>&#39;ANNALES</span> <span class='ocrx_word' id='word_1_18' title='bbox 518 941 793 1016; x_wconf 78' lang='lat' dir='ltr'><strong>Monnstuntt</strong></span> <span class='ocrx_word' id='word_1_19' title='bbox 816 942 977 1018; x_wconf 82' lang='lat' dir='ltr'><strong>SANCTI</strong></span> <span class='ocrx_word' id='word_1_20' title='bbox 1003 941 1315 1019; x_wconf 80' lang='lat' dir='ltr'><strong>PANTALEONIS</strong></span> <span class='ocrx_word' id='word_1_21' title='bbox 1330 945 1413 1018; x_wconf 80' lang='grc'>-00-</span> 
     </span>
     <span class='ocr_line' id='line_1_5' title="bbox 610 1057 1078 1136; baseline 0.011 -5"><span class='ocrx_word' id='word_1_22' title='bbox 610 1057 783 1134; x_wconf 84' lang='lat' dir='ltr'><strong>LONIAE.</strong></span> <span class='ocrx_word' id='word_1_23' title='bbox 825 1058 1078 1136; x_wconf 75' lang='lat' dir='ltr'><strong>tato-1249.</strong></span> 
     </span>
    </p>
   </div>
   <div class='ocr_carea' id='block_1_4' title="bbox 197 1265 1415 1399">
    <p class='ocr_par' dir='ltr' id='par_1_4' title="bbox 197 1265 1415 1399">
     <span class='ocr_line' id='line_1_6' title="bbox 197 1265 1415 1399; baseline 0.008 -31"><span class='ocrx_word' id='word_1_24' title='bbox 197 1265 282 1368; x_wconf 26' lang='lat' dir='ltr'><strong>taus*</strong></span> <span class='ocrx_word' id='word_1_25' title='bbox 329 1303 503 1376; x_wconf 84' lang='lat' dir='ltr'><strong>Paridem</strong></span> <span class='ocrx_word' id='word_1_26' title='bbox 528 1314 657 1397; x_wconf 88' lang='lat' dir='ltr'><strong>tempus</strong></span> <span class='ocrx_word' id='word_1_27' title='bbox 674 1303 839 1378; x_wconf 82' lang='lat' dir='ltr'><strong>iohannes</strong></span> <span class='ocrx_word' id='word_1_28' title='bbox 861 1303 1053 1377; x_wconf 88' lang='lat' dir='ltr'><strong>Leodiensis</strong></span> <span class='ocrx_word' id='word_1_29' title='bbox 1078 1308 1254 1399; x_wconf 88' lang='lat' dir='ltr'><strong>episcopus</strong></span> <span class='ocrx_word' id='word_1_30' title='bbox 1280 1309 1415 1378; x_wconf 90' lang='lat' dir='ltr'><strong>moritur</strong></span> 
     </span>
    </p>
   </div>
   <div class='ocr_carea' id='block_1_5' title="bbox 151 1401 1497 4140">
    <p class='ocr_par' dir='ltr' id='par_1_5' title="bbox 279 1401 1417 2084">
     <span class='ocr_line' id='line_1_7' title="bbox 284 1401 1415 1498; baseline 0.004 -25"><span class='ocrx_word' id='word_1_31' title='bbox 284 1405 363 1496; x_wconf 88' lang='lat' dir='ltr'><strong>[mai</strong></span> <span class='ocrx_word' id='word_1_32' title='bbox 383 1401 421 1492; x_wconf 84' lang='grc'><strong>1]</strong></span> <span class='ocrx_word' id='word_1_33' title='bbox 444 1413 476 1473; x_wconf 89' lang='lat' dir='ltr'><strong>et</strong></span> <span class='ocrx_word' id='word_1_34' title='bbox 493 1423 570 1496; x_wconf 90' lang='lat' dir='ltr'><strong>pars</strong></span> <span class='ocrx_word' id='word_1_35' title='bbox 588 1405 819 1475; x_wconf 81' lang='lat' dir='ltr'><strong>canonicorum</strong></span> <span class='ocrx_word' id='word_1_36' title='bbox 836 1405 1037 1498; x_wconf 76' lang='lat' dir='ltr'>prepositum</span> <span class='ocrx_word' id='word_1_37' title='bbox 1048 1401 1243 1497; x_wconf 82' lang='lat' dir='ltr'><strong>Aquensem</strong></span> <span class='ocrx_word' id='word_1_38' title='bbox 1261 1403 1415 1476; x_wconf 88' lang='lat' dir='ltr'><strong>Ottonem</strong></span> 
     </span>
     <span class='ocr_line' id='line_1_8' title="bbox 281 1499 1416 1594; baseline 0.002 -22"><span class='ocrx_word' id='word_1_39' title='bbox 281 1501 419 1591; x_wconf 67' lang='lat' dir='ltr'><strong>eligunt,</strong></span> <span class='ocrx_word' id='word_1_40' title='bbox 439 1500 499 1571; x_wconf 90' lang='lat' dir='ltr'><strong>alia</strong></span> <span class='ocrx_word' id='word_1_41' title='bbox 514 1521 598 1572; x_wconf 90' lang='lat' dir='ltr'><strong>vero</strong></span> <span class='ocrx_word' id='word_1_42' title='bbox 615 1523 692 1594; x_wconf 91' lang='lat' dir='ltr'><strong>pars</strong></span> <span class='ocrx_word' id='word_1_43' title='bbox 704 1499 918 1571; x_wconf 88' lang='lat' dir='ltr'><strong>Wilhelmum</strong></span> <span class='ocrx_word' id='word_1_44' title='bbox 936 1501 1112 1594; x_wconf 72' lang='lat' dir='ltr'><strong>postulant</strong></span> <span class='ocrx_word' id='word_1_45' title='bbox 1132 1502 1184 1594; x_wconf 84' lang='lat' dir='ltr'><strong>qui</strong></span> <span class='ocrx_word' id='word_1_46' title='bbox 1202 1503 1416 1574; x_wconf 81' lang='lat' dir='ltr'><strong>consimiliter</strong></span> 
     </span>
     <span class='ocr_line' id='line_1_9' title="bbox 281 1597 1415 1692; baseline 0 -22"><span class='ocrx_word' id='word_1_47' title='bbox 281 1607 351 1670; x_wconf 88' lang='lat' dir='ltr'><strong>erat</strong></span> <span class='ocrx_word' id='word_1_48' title='bbox 369 1597 494 1670; x_wconf 88' lang='lat' dir='ltr'><strong>clectus</strong></span> <span class='ocrx_word' id='word_1_49' title='bbox 513 1597 655 1669; x_wconf 83' lang='lat' dir='ltr'><strong>ecclesie</strong></span> <span class='ocrx_word' id='word_1_50' title='bbox 666 1597 869 1670; x_wconf 77' lang='lat' dir='ltr'><strong>Valentine.2</strong></span> <span class='ocrx_word' id='word_1_51' title='bbox 895 1597 1007 1692; x_wconf 89' lang='lat' dir='ltr'><strong>Itaque</strong></span> <span class='ocrx_word' id='word_1_52' title='bbox 1021 1597 1192 1669; x_wconf 77' lang='lat' dir='ltr'><strong>Comedus</strong></span> <span class='ocrx_word' id='word_1_53' title='bbox 1205 1597 1415 1670; x_wconf 83' lang='lat' dir='ltr'><strong>Coloniensis</strong></span> 
     </span>
     <span class='ocr_line' id='line_1_10' title="bbox 282 1693 1415 1790; baseline -0.001 -22"><span class='ocrx_word' id='word_1_54' title='bbox 282 1707 315 1768; x_wconf 88' lang='lat' dir='ltr'><strong>et</strong></span> <span class='ocrx_word' id='word_1_55' title='bbox 331 1693 404 1768; x_wconf 93' lang='lat' dir='ltr'><strong>Otto</strong></span> <span class='ocrx_word' id='word_1_56' title='bbox 421 1695 612 1767; x_wconf 89' lang='lat' dir='ltr'><strong>Leodiensis</strong></span> <span class='ocrx_word' id='word_1_57' title='bbox 637 1695 732 1766; x_wconf 87' lang='lat' dir='ltr'><strong>electi</strong></span> <span class='ocrx_word' id='word_1_58' title='bbox 756 1706 846 1767; x_wconf 83' lang='lat' dir='ltr'><strong>trans</strong></span> <span class='ocrx_word' id='word_1_59' title='bbox 871 1697 962 1790; x_wconf 83' lang='lat' dir='ltr'><strong>alpes</strong></span> <span class='ocrx_word' id='word_1_60' title='bbox 988 1695 1109 1766; x_wconf 87' lang='lat' dir='ltr'><strong>adeunt</strong></span> <span class='ocrx_word' id='word_1_61' title='bbox 1132 1705 1238 1766; x_wconf 85' lang='lat' dir='ltr'><strong>castro</strong></span> <span class='ocrx_word' id='word_1_62' title='bbox 1258 1694 1415 1767; x_wconf 85' lang='lat' dir='ltr'><strong>Friderici</strong></span> 
     </span>
     <span class='ocr_line' id='line_1_11' title="bbox 282 1793 1416 1888; baseline -0.001 -22"><span class='ocrx_word' id='word_1_63' title='bbox 282 1796 486 1888; x_wconf 83' lang='lat' dir='ltr'><strong>imperatoris</strong></span> <span class='ocrx_word' id='word_1_64' title='bbox 503 1793 649 1864; x_wconf 82' lang='lat' dir='ltr'>Brixiam</span> <span class='ocrx_word' id='word_1_65' title='bbox 673 1796 838 1865; x_wconf 83' lang='lat' dir='ltr'><strong>civitatem</strong></span> <span class='ocrx_word' id='word_1_66' title='bbox 856 1793 1035 1866; x_wconf 87' lang='lat' dir='ltr'><strong>obsidentis</strong></span> <span class='ocrx_word' id='word_1_67' title='bbox 1061 1796 1146 1864; x_wconf 87' lang='lat' dir='ltr'><strong>cirea</strong></span> <span class='ocrx_word' id='word_1_68' title='bbox 1171 1793 1291 1864; x_wconf 81' lang='lat' dir='ltr'><strong>festum</strong></span> <span class='ocrx_word' id='word_1_69' title='bbox 1311 1797 1416 1866; x_wconf 85' lang='lat' dir='ltr'><strong>saneti</strong></span> 
     </span>
     <span class='ocr_line' id='line_1_12' title="bbox 279 1889 1416 1986; baseline 0 -23"><span class='ocrx_word' id='word_1_70' title='bbox 279 1889 434 1964; x_wconf 82' lang='lat' dir='ltr'><strong>Iohannis</strong></span> <span class='ocrx_word' id='word_1_71' title='bbox 457 1889 613 1985; x_wconf 80' lang='lat' dir='ltr'><strong>baptiste²</strong></span> <span class='ocrx_word' id='word_1_72' title='bbox 632 1901 664 1962; x_wconf 90' lang='lat' dir='ltr'><strong>et</strong></span> <span class='ocrx_word' id='word_1_73' title='bbox 686 1895 828 1986; x_wconf 73' lang='lat' dir='ltr'><strong>receptis</strong></span> <span class='ocrx_word' id='word_1_74' title='bbox 857 1891 896 1962; x_wconf 87' lang='lat' dir='ltr'><strong>ab</strong></span> <span class='ocrx_word' id='word_1_75' title='bbox 916 1913 957 1962; x_wconf 88' lang='lat' dir='ltr'><strong>eo</strong></span> <span class='ocrx_word' id='word_1_76' title='bbox 979 1890 1149 1983; x_wconf 81' lang='lat' dir='ltr'><strong>regalibus</strong></span> <span class='ocrx_word' id='word_1_77' title='bbox 1173 1889 1299 1986; x_wconf 82' lang='lat' dir='ltr'><strong>absque</strong></span> <span class='ocrx_word' id='word_1_78' title='bbox 1325 1913 1416 1963; x_wconf 86' lang='lat' dir='ltr'><strong>mora</strong></span> 
     </span>
     <span class='ocr_line' id='line_1_13' title="bbox 282 1987 1417 2084; baseline -0.001 -24"><span class='ocrx_word' id='word_1_79' title='bbox 282 1987 323 2060; x_wconf 89' lang='lat' dir='ltr'><strong>ad</strong></span> <span class='ocrx_word' id='word_1_80' title='bbox 340 1991 469 2084; x_wconf 89' lang='lat' dir='ltr'><strong>propria</strong></span> <span class='ocrx_word' id='word_1_81' title='bbox 487 1999 707 2061; x_wconf 88' lang='lat' dir='ltr'><strong>revertuntur.</strong></span> <span class='ocrx_word' id='word_1_82' title='bbox 734 1987 915 2083; x_wconf 88' lang='lat' dir='ltr'><strong>Imperator</strong></span> <span class='ocrx_word' id='word_1_83' title='bbox 927 1997 1035 2058; x_wconf 87' lang='lat' dir='ltr'><strong>autern</strong></span> <span class='ocrx_word' id='word_1_84' title='bbox 1047 2009 1107 2082; x_wconf 91' lang='lat' dir='ltr'><strong>per</strong></span> <span class='ocrx_word' id='word_1_85' title='bbox 1118 1997 1257 2058; x_wconf 81' lang='lat' dir='ltr'><strong>estatem</strong></span> <span class='ocrx_word' id='word_1_86' title='bbox 1269 1987 1417 2060; x_wconf 83' lang='lat' dir='ltr'><strong>Brixiam</strong></span> 
     </span>
    </p>

    <p class='ocr_par' dir='ltr' id='par_1_6' title="bbox 151 2083 1497 2766">
     <span class='ocr_line' id='line_1_14' title="bbox 151 2083 1416 2182; baseline 0 -24"><span class='ocrx_word' id='word_1_87' title='bbox 151 2173 153 2179; x_wconf 68' lang='lat'>,</span> <span class='ocrx_word' id='word_1_88' title='bbox 281 2083 451 2175; x_wconf 57' lang='lat' dir='ltr'><strong>obsidens„</strong></span> <span class='ocrx_word' id='word_1_89' title='bbox 474 2090 581 2157; x_wconf 90' lang='lat' dir='ltr'><strong>inacte</strong></span> <span class='ocrx_word' id='word_1_90' title='bbox 605 2084 645 2158; x_wconf 89' lang='lat' dir='ltr'><strong>ab</strong></span> <span class='ocrx_word' id='word_1_91' title='bbox 661 2085 831 2159; x_wconf 84' lang='lat' dir='ltr'><strong>obsidione</strong></span> <span class='ocrx_word' id='word_1_92' title='bbox 853 2085 979 2158; x_wconf 89' lang='lat' dir='ltr'><strong>recedit</strong></span> <span class='ocrx_word' id='word_1_93' title='bbox 999 2087 1094 2177; x_wconf 84' lang='lat' dir='ltr'><strong>[oct]</strong></span> <span class='ocrx_word' id='word_1_94' title='bbox 1115 2095 1147 2156; x_wconf 88' lang='lat' dir='ltr'><strong>et</strong></span> <span class='ocrx_word' id='word_1_95' title='bbox 1164 2085 1250 2182; x_wconf 93' lang='lat' dir='ltr'><strong>apnd</strong></span> <span class='ocrx_word' id='word_1_96' title='bbox 1269 2085 1416 2158; x_wconf 85' lang='lat' dir='ltr'><strong>Cremo-</strong></span> 
     </span>
     <span class='ocr_line' id='line_1_15' title="bbox 275 2181 1497 2278; baseline -0.004 -17"><span class='ocrx_word' id='word_1_97' title='bbox 275 2207 358 2262; x_wconf 85' lang='lat' dir='ltr'><strong>nam</strong></span> <span class='ocrx_word' id='word_1_98' title='bbox 377 2194 409 2254; x_wconf 92' lang='lat' dir='ltr'><strong>et</strong></span> <span class='ocrx_word' id='word_1_99' title='bbox 425 2185 458 2254; x_wconf 90' lang='lat' dir='ltr'><strong>in</strong></span> <span class='ocrx_word' id='word_1_100' title='bbox 475 2185 592 2256; x_wconf 90' lang='lat' dir='ltr'><strong>vicinis</strong></span> <span class='ocrx_word' id='word_1_101' title='bbox 609 2183 690 2256; x_wconf 88' lang='lat' dir='ltr'><strong>locis</strong></span> <span class='ocrx_word' id='word_1_102' title='bbox 708 2183 851 2278; x_wconf 72' lang='lat' dir='ltr'><strong>hyemat.</strong></span> <span class='ocrx_word' id='word_1_103' title='bbox 880 2185 967 2278; x_wconf 83' lang='lat' dir='ltr'><strong>Papa</strong></span> <span class='ocrx_word' id='word_1_104' title='bbox 987 2184 1028 2255; x_wconf 86' lang='lat' dir='ltr'><strong>ed</strong></span> <span class='ocrx_word' id='word_1_105' title='bbox 1046 2186 1276 2278; x_wconf 79' lang='lat' dir='ltr'><strong>imperatorem</strong></span> <span class='ocrx_word' id='word_1_106' title='bbox 1294 2185 1416 2256; x_wconf 89' lang='lat' dir='ltr'><strong>multos</strong></span> <span class='ocrx_word' id='word_1_107' title='bbox 1496 2181 1497 2198; x_wconf 60' lang='lat'>³</span> 
     </span>
     <span class='ocr_line' id='line_1_16' title="bbox 283 2281 1417 2377; baseline 0 -23"><span class='ocrx_word' id='word_1_108' title='bbox 283 2286 455 2377; x_wconf 89' lang='lat' dir='ltr'><strong>episcopos</strong></span> <span class='ocrx_word' id='word_1_109' title='bbox 474 2281 582 2373; x_wconf 82' lang='lat' dir='ltr'><strong>dirigit</strong></span> <span class='ocrx_word' id='word_1_110' title='bbox 599 2285 790 2370; x_wconf 56' lang='lat' dir='ltr'><strong>monitoresq</strong></span> <span class='ocrx_word' id='word_1_111' title='bbox 807 2293 843 2352; x_wconf 90' lang='lat' dir='ltr'><strong>ut</strong></span> <span class='ocrx_word' id='word_1_112' title='bbox 860 2281 899 2352; x_wconf 88' lang='lat' dir='ltr'><strong>ab</strong></span> <span class='ocrx_word' id='word_1_113' title='bbox 918 2285 1042 2352; x_wconf 88' lang='lat' dir='ltr'><strong>iniuriis</strong></span> <span class='ocrx_word' id='word_1_114' title='bbox 1059 2282 1275 2353; x_wconf 87' lang='lat' dir='ltr'><strong>eeclesiarum</strong></span> <span class='ocrx_word' id='word_1_115' title='bbox 1287 2293 1323 2353; x_wconf 92' lang='lat' dir='ltr'><strong>et</strong></span> <span class='ocrx_word' id='word_1_116' title='bbox 1339 2305 1417 2354; x_wconf 85' lang='lat' dir='ltr'><strong>nra-</strong></span> 
     </span>
     <span class='ocr_line' id='line_1_17' title="bbox 275 2377 1417 2474; baseline -0.002 -23"><span class='ocrx_word' id='word_1_117' title='bbox 275 2383 371 2458; x_wconf 69' lang='lat' dir='ltr'><strong>nime</strong></span> <span class='ocrx_word' id='word_1_118' title='bbox 397 2379 547 2452; x_wconf 87' lang='lat' dir='ltr'><strong>Romane</strong></span> <span class='ocrx_word' id='word_1_119' title='bbox 576 2379 718 2451; x_wconf 87' lang='lat' dir='ltr'><strong>ecclesie</strong></span> <span class='ocrx_word' id='word_1_120' title='bbox 747 2379 891 2452; x_wconf 86' lang='lat' dir='ltr'><strong>desistat.</strong></span> <span class='ocrx_word' id='word_1_121' title='bbox 927 2378 1109 2473; x_wconf 83' lang='lat' dir='ltr'><strong>Imperator</strong></span> <span class='ocrx_word' id='word_1_122' title='bbox 1135 2401 1220 2451; x_wconf 87' lang='lat' dir='ltr'><strong>vcro</strong></span> <span class='ocrx_word' id='word_1_123' title='bbox 1246 2383 1329 2474; x_wconf 88' lang='lat' dir='ltr'><strong>petit</strong></span> <span class='ocrx_word' id='word_1_124' title='bbox 1356 2377 1417 2452; x_wconf 90' lang='lat' dir='ltr'><strong>sibi</strong></span> 
     </span>
     <span class='ocr_line' id='line_1_18' title="bbox 282 2476 1416 2573; baseline -0.002 -23"><span class='ocrx_word' id='word_1_125' title='bbox 282 2478 420 2572; x_wconf 84' lang='lat' dir='ltr'><strong>exprimi</strong></span> <span class='ocrx_word' id='word_1_126' title='bbox 443 2480 577 2549; x_wconf 88' lang='lat' dir='ltr'><strong>iniurias</strong></span> <span class='ocrx_word' id='word_1_127' title='bbox 602 2477 823 2569; x_wconf 76' lang='lat' dir='ltr'><strong>singillatim³3</strong></span> <span class='ocrx_word' id='word_1_128' title='bbox 848 2488 881 2548; x_wconf 91' lang='lat' dir='ltr'><strong>et</strong></span> <span class='ocrx_word' id='word_1_129' title='bbox 899 2477 938 2548; x_wconf 90' lang='lat' dir='ltr'><strong>ad</strong></span> <span class='ocrx_word' id='word_1_130' title='bbox 958 2499 1016 2547; x_wconf 86' lang='lat' dir='ltr'><strong>aas</strong></span> <span class='ocrx_word' id='word_1_131' title='bbox 1040 2476 1242 2548; x_wconf 89' lang='lat' dir='ltr'><strong>obiectiones</strong></span> <span class='ocrx_word' id='word_1_132' title='bbox 1265 2499 1416 2573; x_wconf 90' lang='lat' dir='ltr'><strong>respon-</strong></span> 
     </span>
     <span class='ocr_line' id='line_1_19' title="bbox 282 2573 1415 2670; baseline -0.002 -24"><span class='ocrx_word' id='word_1_133' title='bbox 282 2575 365 2653; x_wconf 89' lang='lat' dir='ltr'><strong>dens</strong></span> <span class='ocrx_word' id='word_1_134' title='bbox 382 2577 618 2670; x_wconf 88' lang='lat' dir='ltr'><strong>responsiones</strong></span> <span class='ocrx_word' id='word_1_135' title='bbox 631 2598 709 2648; x_wconf 87' lang='lat' dir='ltr'><strong>snas</strong></span> <span class='ocrx_word' id='word_1_136' title='bbox 722 2599 794 2647; x_wconf 89' lang='lat' dir='ltr'><strong>curn</strong></span> <span class='ocrx_word' id='word_1_137' title='bbox 806 2574 1041 2647; x_wconf 87' lang='lat' dir='ltr'><strong>obiectionibus</strong></span> <span class='ocrx_word' id='word_1_138' title='bbox 1058 2576 1135 2646; x_wconf 85' lang='lat' dir='ltr'><strong>feeit</strong></span> <span class='ocrx_word' id='word_1_139' title='bbox 1152 2573 1334 2662; x_wconf 81' lang='lat' dir='ltr'><strong>conscribi3</strong></span> <span class='ocrx_word' id='word_1_140' title='bbox 1351 2597 1415 2670; x_wconf 83' lang='lat' dir='ltr'><strong>qna</strong></span> 
     </span>
     <span class='ocr_line' id='line_1_20' title="bbox 281 2671 1309 2766; baseline -0.003 -21"><span class='ocrx_word' id='word_1_141' title='bbox 281 2673 374 2745; x_wconf 85' lang='lat' dir='ltr'><strong>litere</strong></span> <span class='ocrx_word' id='word_1_142' title='bbox 392 2683 507 2766; x_wconf 90' lang='lat' dir='ltr'><strong>postea</strong></span> <span class='ocrx_word' id='word_1_143' title='bbox 525 2695 587 2766; x_wconf 90' lang='lat' dir='ltr'><strong>per</strong></span> <span class='ocrx_word' id='word_1_144' title='bbox 602 2671 816 2763; x_wconf 75' lang='lat' dir='ltr'><strong>iireutoniam</strong></span> <span class='ocrx_word' id='word_1_145' title='bbox 835 2683 910 2744; x_wconf 92' lang='lat' dir='ltr'><strong>sunt</strong></span> <span class='ocrx_word' id='word_1_146' title='bbox 926 2676 1121 2744; x_wconf 87' lang='lat' dir='ltr'><strong>transmisse</strong></span> <span class='ocrx_word' id='word_1_147' title='bbox 1139 2683 1170 2743; x_wconf 89' lang='lat' dir='ltr'><strong>et</strong></span> <span class='ocrx_word' id='word_1_148' title='bbox 1188 2673 1309 2743; x_wconf 85' lang='lat' dir='ltr'><strong>audite.</strong></span> 
     </span>
    </p>

    <p class='ocr_par' dir='ltr' id='par_1_7' title="bbox 154 2768 1496 4140">
     <span class='ocr_line' id='line_1_21' title="bbox 154 2768 1415 2864; baseline 0.01 -34"><span class='ocrx_word' id='word_1_149' title='bbox 154 2815 159 2824; x_wconf 95' lang='lat'><em>.</em></span> <span class='ocrx_word' id='word_1_150' title='bbox 198 2773 276 2846; x_wconf 76' lang='lat'><strong>12³9¹</strong></span> <span class='ocrx_word' id='word_1_151' title='bbox 333 2771 433 2844; x_wconf 84' lang='lat' dir='ltr'><strong>Anno</strong></span> <span class='ocrx_word' id='word_1_152' title='bbox 447 2770 566 2842; x_wconf 88' lang='lat' dir='ltr'><strong>domini</strong></span> <span class='ocrx_word' id='word_1_153' title='bbox 580 2771 872 2862; x_wconf 80' lang='lat' dir='ltr'><strong>m.oc.xxx‚viii[i.]</strong></span> <span class='ocrx_word' id='word_1_154' title='bbox 885 2773 1062 2864; x_wconf 88' lang='lat' dir='ltr'><strong>imperator</strong></span> <span class='ocrx_word' id='word_1_155' title='bbox 1072 2768 1258 2842; x_wconf 87' lang='lat' dir='ltr'><strong>Fridcricus</strong></span> <span class='ocrx_word' id='word_1_156' title='bbox 1271 2773 1304 2842; x_wconf 89' lang='lat' dir='ltr'><strong>in</strong></span> <span class='ocrx_word' id='word_1_157' title='bbox 1315 2774 1415 2843; x_wconf 90' lang='lat' dir='ltr'><strong>ramis</strong></span> 
     </span>
     <span class='ocr_line' id='line_1_22' title="bbox 282 2867 1496 2966; baseline 0.001 -26"><span class='ocrx_word' id='word_1_158' title='bbox 282 2869 463 2966; x_wconf 86' lang='lat' dir='ltr'><strong>palmarum</strong></span> <span class='ocrx_word' id='word_1_159' title='bbox 489 2868 595 2957; x_wconf 84' lang='lat' dir='ltr'><strong>[nrttrz</strong></span> <span class='ocrx_word' id='word_1_160' title='bbox 613 2868 677 2959; x_wconf 82' lang='lat'><strong>20]</strong></span> <span class='ocrx_word' id='word_1_161' title='bbox 702 2871 1039 2940; x_wconf 78' lang='lat' dir='ltr'><strong>excommunicatura</strong></span> <span class='ocrx_word' id='word_1_162' title='bbox 1064 2867 1195 2939; x_wconf 87' lang='lat' dir='ltr'><strong>domino</strong></span> <span class='ocrx_word' id='word_1_163' title='bbox 1218 2890 1305 2963; x_wconf 83' lang='lat' dir='ltr'><strong>papo</strong></span> <span class='ocrx_word' id='word_1_164' title='bbox 1323 2867 1415 2941; x_wconf 84' lang='lat' dir='ltr'><strong>Gra·</strong></span> <span class='ocrx_word' id='word_1_165' title='bbox 1495 2891 1496 2940; x_wconf 73' lang='lat' dir='ltr'><strong>t</strong></span> 
     </span>
     <span class='ocr_line' id='line_1_23' title="bbox 282 2964 1415 3060; baseline 0.002 -22"><span class='ocrx_word' id='word_1_166' title='bbox 282 2969 377 3060; x_wconf 86' lang='lat' dir='ltr'><strong>gorio</strong></span> <span class='ocrx_word' id='word_1_167' title='bbox 394 2976 526 3060; x_wconf 88' lang='lat' dir='ltr'><strong>propter</strong></span> <span class='ocrx_word' id='word_1_168' title='bbox 544 2965 661 3038; x_wconf 85' lang='lat' dir='ltr'><strong>multas</strong></span> <span class='ocrx_word' id='word_1_169' title='bbox 680 2976 712 3037; x_wconf 92' lang='lat' dir='ltr'><strong>et</strong></span> <span class='ocrx_word' id='word_1_170' title='bbox 728 2967 857 3038; x_wconf 83' lang='lat' dir='ltr'><strong>validas</strong></span> <span class='ocrx_word' id='word_1_171' title='bbox 882 2989 1014 3054; x_wconf 62' lang='lat' dir='ltr'><strong>carneas„</strong></span> <span class='ocrx_word' id='word_1_172' title='bbox 1038 2985 1103 3037; x_wconf 90' lang='lat' dir='ltr'><strong>non</strong></span> <span class='ocrx_word' id='word_1_173' title='bbox 1127 2964 1280 3038; x_wconf 87' lang='lat' dir='ltr'><strong>obstante</strong></span> <span class='ocrx_word' id='word_1_174' title='bbox 1304 2987 1415 3040; x_wconf 83' lang='lat' dir='ltr'><strong>exon-</strong></span> 
     </span>
     <span class='ocr_line' id='line_1_24' title="bbox 283 3063 1416 3158; baseline -0.002 -21"><span class='ocrx_word' id='word_1_175' title='bbox 283 3067 409 3137; x_wconf 89' lang='lat' dir='ltr'><strong>sationa</strong></span> <span class='ocrx_word' id='word_1_176' title='bbox 426 3065 483 3135; x_wconf 87' lang='lat' dir='ltr'><strong>vel</strong></span> <span class='ocrx_word' id='word_1_177' title='bbox 501 3067 718 3158; x_wconf 89' lang='lat' dir='ltr'><strong>responsione</strong></span> <span class='ocrx_word' id='word_1_178' title='bbox 735 3087 796 3158; x_wconf 93' lang='lat' dir='ltr'><strong>per</strong></span> <span class='ocrx_word' id='word_1_179' title='bbox 813 3067 1042 3158; x_wconf 87' lang='lat' dir='ltr'><strong>imperatorem</strong></span> <span class='ocrx_word' id='word_1_180' title='bbox 1060 3064 1158 3151; x_wconf 69' lang='lat' dir='ltr'><strong>tacu,</strong></span> <span class='ocrx_word' id='word_1_181' title='bbox 1180 3074 1217 3136; x_wconf 90' lang='lat' dir='ltr'><strong>ut</strong></span> <span class='ocrx_word' id='word_1_182' title='bbox 1233 3063 1416 3158; x_wconf 84' lang='lat' dir='ltr'><strong>predictum</strong></span> 
     </span>
     <span class='ocr_line' id='line_1_25' title="bbox 272 3160 1417 3256; baseline -0.003 -20"><span class='ocrx_word' id='word_1_183' title='bbox 272 3173 341 3236; x_wconf 86' lang='lat' dir='ltr'><strong>est.</strong></span> <span class='ocrx_word' id='word_1_184' title='bbox 379 3160 490 3256; x_wconf 90' lang='lat' dir='ltr'><strong>ltaque</strong></span> <span class='ocrx_word' id='word_1_185' title='bbox 514 3184 598 3256; x_wconf 87' lang='lat' dir='ltr'><strong>papa</strong></span> <span class='ocrx_word' id='word_1_186' title='bbox 623 3161 735 3234; x_wconf 80' lang='lat' dir='ltr'><strong>literas</strong></span> <span class='ocrx_word' id='word_1_187' title='bbox 760 3163 1105 3234; x_wconf 85' lang='lat' dir='ltr'><strong>excommunicationis</strong></span> <span class='ocrx_word' id='word_1_188' title='bbox 1124 3161 1163 3230; x_wconf 87' lang='lat' dir='ltr'><strong>ad</strong></span> <span class='ocrx_word' id='word_1_189' title='bbox 1182 3182 1301 3234; x_wconf 90' lang='lat' dir='ltr'><strong>omncs</strong></span> <span class='ocrx_word' id='word_1_190' title='bbox 1325 3165 1417 3234; x_wconf 89' lang='lat' dir='ltr'><strong>mittit</strong></span> 
     </span>
     <span class='ocr_line' id='line_1_26' title="bbox 270 3257 1443 3356; baseline -0.007 -24"><span class='ocrx_word' id='word_1_191' title='bbox 270 3263 478 3356; x_wconf 88' lang='lat' dir='ltr'><strong>provincias.</strong></span> <span class='ocrx_word' id='word_1_192' title='bbox 505 3257 600 3331; x_wconf 80' lang='lat' dir='ltr'><strong>Mittit</strong></span> <span class='ocrx_word' id='word_1_193' title='bbox 616 3261 713 3330; x_wconf 82' lang='lat' dir='ltr'><strong>etiarn</strong></span> <span class='ocrx_word' id='word_1_194' title='bbox 731 3263 764 3330; x_wconf 92' lang='lat' dir='ltr'><strong>in</strong></span> <span class='ocrx_word' id='word_1_195' title='bbox 776 3259 913 3330; x_wconf 86' lang='lat' dir='ltr'><strong>Galliam</strong></span> <span class='ocrx_word' id='word_1_196' title='bbox 930 3261 1077 3350; x_wconf 78' lang='lat' dir='ltr'><strong>legatum</strong></span> <span class='ocrx_word' id='word_1_197' title='bbox 1088 3258 1321 3332; x_wconf 89' lang='lat' dir='ltr'><strong>Prenestinnm</strong></span> <span class='ocrx_word' id='word_1_198' title='bbox 1339 3263 1415 3354; x_wconf 87' lang='lat' dir='ltr'><strong>epi·</strong></span> <span class='ocrx_word' id='word_1_199' title='bbox 1439 3319 1443 3324; x_wconf 89' lang='lat'>.</span> 
     </span>
     <span class='ocr_line' id='line_1_27' title="bbox 282 3355 1495 3452; baseline -0.003 -23"><span class='ocrx_word' id='word_1_200' title='bbox 282 3379 430 3452; x_wconf 52' lang='lat' dir='ltr'><strong>scopumq</strong></span> <span class='ocrx_word' id='word_1_201' title='bbox 454 3361 507 3452; x_wconf 90' lang='lat' dir='ltr'><strong>qui</strong></span> <span class='ocrx_word' id='word_1_202' title='bbox 524 3367 612 3428; x_wconf 89' lang='lat' dir='ltr'><strong>metu</strong></span> <span class='ocrx_word' id='word_1_203' title='bbox 629 3359 834 3451; x_wconf 86' lang='lat' dir='ltr'><strong>imperatoris</strong></span> <span class='ocrx_word' id='word_1_204' title='bbox 852 3367 973 3428; x_wconf 87' lang='lat' dir='ltr'><strong>mutato</strong></span> <span class='ocrx_word' id='word_1_205' title='bbox 988 3355 1098 3427; x_wconf 86' lang='lat' dir='ltr'><strong>habitu</strong></span> <span class='ocrx_word' id='word_1_206' title='bbox 1113 3378 1257 3448; x_wconf 81' lang='lat' dir='ltr'><strong>regnum</strong></span> <span class='ocrx_word' id='word_1_207' title='bbox 1275 3357 1304 3427; x_wconf 88' lang='lat' dir='ltr'>F</span> <span class='ocrx_word' id='word_1_208' title='bbox 1303 3360 1416 3429; x_wconf 88' lang='lat' dir='ltr'><strong>rancia</strong></span> <span class='ocrx_word' id='word_1_209' title='bbox 1494 3379 1495 3426; x_wconf 78' lang='grc'>;</span> 
     </span>
     <span class='ocr_line' id='line_1_28' title="bbox 273 3455 1416 3550; baseline -0.001 -24"><span class='ocrx_word' id='word_1_210' title='bbox 273 3459 470 3548; x_wconf 65' lang='grc' dir='ltr'><strong>Ιῑηςτθεευε,</strong></span> <span class='ocrx_word' id='word_1_211' title='bbox 487 3459 637 3549; x_wconf 91' lang='lat' dir='ltr'><strong>proponit</strong></span> <span class='ocrx_word' id='word_1_212' title='bbox 647 3455 688 3524; x_wconf 87' lang='lat' dir='ltr'><strong>nd</strong></span> <span class='ocrx_word' id='word_1_213' title='bbox 706 3455 893 3526; x_wconf 89' lang='lat' dir='ltr'><strong>mandatum</strong></span> <span class='ocrx_word' id='word_1_214' title='bbox 910 3475 1008 3550; x_wconf 59' lang='lat' dir='ltr'><strong>pape</strong></span> <span class='ocrx_word' id='word_1_215' title='bbox 1025 3455 1210 3526; x_wconf 86' lang='lat' dir='ltr'><strong>Romanurn</strong></span> <span class='ocrx_word' id='word_1_216' title='bbox 1227 3457 1416 3548; x_wconf 75' lang='lat' dir='ltr'><strong>imperium,</strong></span> 
     </span>
     <span class='ocr_line' id='line_1_29' title="bbox 271 3549 1495 3648; baseline -0.003 -22"><span class='ocrx_word' id='word_1_217' title='bbox 271 3550 367 3648; x_wconf 79' lang='lat' dir='ltr'><strong>‚quod</strong></span> <span class='ocrx_word' id='word_1_218' title='bbox 391 3550 558 3624; x_wconf 88' lang='lat' dir='ltr'><strong>dicabatur</strong></span> <span class='ocrx_word' id='word_1_219' title='bbox 574 3575 711 3642; x_wconf 36' lang='lat' dir='ltr'><strong>vacaret</strong></span> <span class='ocrx_word' id='word_1_220' title='bbox 737 3577 756 3623; x_wconf 86' lang='lat' dir='ltr'><strong>a</strong></span> <span class='ocrx_word' id='word_1_221' title='bbox 774 3551 948 3624; x_wconf 86' lang='lat' dir='ltr'><strong>Germanis</strong></span> <span class='ocrx_word' id='word_1_222' title='bbox 973 3551 1153 3623; x_wconf 83' lang='lat' dir='ltr'><strong>transferre</strong></span> <span class='ocrx_word' id='word_1_223' title='bbox 1170 3555 1203 3621; x_wconf 89' lang='lat' dir='ltr'><strong>in</strong></span> <span class='ocrx_word' id='word_1_224' title='bbox 1222 3551 1351 3642; x_wconf 62' lang='lat' dir='ltr'><strong>Gallos,</strong></span> <span class='ocrx_word' id='word_1_225' title='bbox 1372 3549 1416 3622; x_wconf 89' lang='lat' dir='ltr'><strong>ad</strong></span> <span class='ocrx_word' id='word_1_226' title='bbox 1494 3561 1495 3605; x_wconf 70' lang='lat' dir='ltr'><strong>i</strong></span> 
     </span>
     <span class='ocr_line' id='line_1_30' title="bbox 270 3649 1416 3744; baseline -0.003 -20"><span class='ocrx_word' id='word_1_227' title='bbox 270 3649 344 3724; x_wconf 73' lang='lat' dir='ltr'><strong>‚hoo</strong></span> <span class='ocrx_word' id='word_1_228' title='bbox 360 3649 583 3744; x_wconf 87' lang='lat' dir='ltr'><strong>recipiendum</strong></span> <span class='ocrx_word' id='word_1_229' title='bbox 602 3649 803 3722; x_wconf 87' lang='lat' dir='ltr'><strong>sollicitando</strong></span> <span class='ocrx_word' id='word_1_230' title='bbox 821 3649 1161 3741; x_wconf 84' lang='lat' dir='ltr'><strong>regemFrancorum.</strong></span> <span class='ocrx_word' id='word_1_231' title='bbox 1188 3649 1287 3742; x_wconf 86' lang='lat' dir='ltr'><strong>Rege</strong></span> <span class='ocrx_word' id='word_1_232' title='bbox 1305 3661 1416 3721; x_wconf 86' lang='lat' dir='ltr'><strong>autern</strong></span> 
     </span>
     <span class='ocr_line' id='line_1_31' title="bbox 281 3745 1416 3842; baseline -0.001 -22"><span class='ocrx_word' id='word_1_233' title='bbox 281 3745 482 3820; x_wconf 87' lang='lat' dir='ltr'><strong>Francorum</strong></span> <span class='ocrx_word' id='word_1_234' title='bbox 500 3747 563 3820; x_wconf 90' lang='lat' dir='ltr'><strong>hoe</strong></span> <span class='ocrx_word' id='word_1_235' title='bbox 579 3758 768 3838; x_wconf 46' lang='lat' dir='ltr'><strong>recusantea</strong></span> <span class='ocrx_word' id='word_1_236' title='bbox 791 3749 922 3840; x_wconf 77' lang='lat' dir='ltr'><strong>legatos</strong></span> <span class='ocrx_word' id='word_1_237' title='bbox 941 3747 1087 3818; x_wconf 84' lang='lat' dir='ltr'><strong>similiter</strong></span> <span class='ocrx_word' id='word_1_238' title='bbox 1104 3747 1290 3818; x_wconf 84' lang='lat' dir='ltr'><strong>sollicitauit</strong></span> <span class='ocrx_word' id='word_1_239' title='bbox 1307 3769 1416 3842; x_wconf 86' lang='lat' dir='ltr'><strong>quos-</strong></span> 
     </span>
     <span class='ocr_line' id='line_1_32' title="bbox 282 3843 1416 3940; baseline -0.002 -24"><span class='ocrx_word' id='word_1_240' title='bbox 282 3843 356 3918; x_wconf 90' lang='lat' dir='ltr'><strong>dam</strong></span> <span class='ocrx_word' id='word_1_241' title='bbox 374 3847 456 3917; x_wconf 86' lang='lat' dir='ltr'><strong>alios</strong></span> <span class='ocrx_word' id='word_1_242' title='bbox 474 3868 576 3937; x_wconf 87' lang='lat' dir='ltr'><strong>reges</strong></span> <span class='ocrx_word' id='word_1_243' title='bbox 590 3856 624 3916; x_wconf 87' lang='lat' dir='ltr'><strong>et</strong></span> <span class='ocrx_word' id='word_1_244' title='bbox 640 3850 816 3940; x_wconf 64' lang='lat' dir='ltr'><strong>principes„</strong></span> <span class='ocrx_word' id='word_1_245' title='bbox 835 3849 887 3940; x_wconf 89' lang='lat' dir='ltr'><strong>qni</strong></span> <span class='ocrx_word' id='word_1_246' title='bbox 899 3866 1015 3918; x_wconf 88' lang='lat' dir='ltr'><strong>omnes</strong></span> <span class='ocrx_word' id='word_1_247' title='bbox 1034 3846 1170 3916; x_wconf 89' lang='lat' dir='ltr'><strong>consilio</strong></span> <span class='ocrx_word' id='word_1_248' title='bbox 1189 3867 1263 3916; x_wconf 87' lang='lat' dir='ltr'><strong>cunr</strong></span> <span class='ocrx_word' id='word_1_249' title='bbox 1281 3843 1416 3915; x_wconf 87' lang='lat' dir='ltr'><strong>delibo·-</strong></span> 
     </span>
     <span class='ocr_line' id='line_1_33' title="bbox 279 3940 1415 4038; baseline 0 -24"><span class='ocrx_word' id='word_1_250' title='bbox 279 3947 407 4014; x_wconf 88' lang='lat' dir='ltr'><strong>ratione</strong></span> <span class='ocrx_word' id='word_1_251' title='bbox 424 3940 532 4014; x_wconf 92' lang='lat' dir='ltr'><strong>habito</strong></span> <span class='ocrx_word' id='word_1_252' title='bbox 543 3966 603 4038; x_wconf 87' lang='lat' dir='ltr'><strong>pre</strong></span> <span class='ocrx_word' id='word_1_253' title='bbox 621 3947 888 4037; x_wconf 86' lang='lat' dir='ltr'><strong>magnanimitate</strong></span> <span class='ocrx_word' id='word_1_254' title='bbox 905 3945 1111 4038; x_wconf 89' lang='lat' dir='ltr'><strong>imperatoris</strong></span> <span class='ocrx_word' id='word_1_255' title='bbox 1128 3942 1191 4013; x_wconf 91' lang='lat' dir='ltr'><strong>hoc</strong></span> <span class='ocrx_word' id='word_1_256' title='bbox 1208 3953 1415 4016; x_wconf 88' lang='lat' dir='ltr'><strong>recusarunt.</strong></span> 
     </span>
     <span class='ocr_line' id='line_1_34' title="bbox 281 4039 1494 4140; baseline -0.002 -28"><span class='ocrx_word' id='word_1_257' title='bbox 281 4041 370 4112; x_wconf 87' lang='lat' dir='ltr'><strong>Ante</strong></span> <span class='ocrx_word' id='word_1_258' title='bbox 393 4039 457 4113; x_wconf 89' lang='lat' dir='ltr'><strong>hoe</strong></span> <span class='ocrx_word' id='word_1_259' title='bbox 478 4051 606 4136; x_wconf 86' lang='lat' dir='ltr'><strong>tempus</strong></span> <span class='ocrx_word' id='word_1_260' title='bbox 630 4045 765 4113; x_wconf 88' lang='lat' dir='ltr'><strong>miserat</strong></span> <span class='ocrx_word' id='word_1_261' title='bbox 788 4065 872 4136; x_wconf 87' lang='lat' dir='ltr'><strong>papo</strong></span> <span class='ocrx_word' id='word_1_262' title='bbox 890 4063 933 4112; x_wconf 88' lang='lat' dir='ltr'><strong>nr.</strong></span> <span class='ocrx_word' id='word_1_263' title='bbox 952 4039 1104 4112; x_wconf 89' lang='lat' dir='ltr'><strong>Ottonem</strong></span> <span class='ocrx_word' id='word_1_264' title='bbox 1122 4039 1308 4133; x_wconf 72' lang='lat' dir='ltr'><strong>dyaconem</strong></span> <span class='ocrx_word' id='word_1_265' title='bbox 1331 4063 1416 4111; x_wconf 87' lang='lat' dir='ltr'><strong>car-</strong></span> <span class='ocrx_word' id='word_1_266' title='bbox 1493 4113 1494 4140; x_wconf 35' lang='lat'>3</span> 
     </span>
    </p>
   </div>
   <div class='ocr_carea' id='block_1_6' title="bbox 283 4197 1415 4342">
    <p class='ocr_par' dir='ltr' id='par_1_8' title="bbox 283 4197 1415 4342">
     <span class='ocr_line' id='line_1_35' title="bbox 316 4197 1415 4282; baseline 0.005 -29"><span class='ocrx_word' id='word_1_267' title='bbox 316 4197 365 4280; x_wconf 85' lang='grc' dir='ltr'><strong>Ι1)</strong></span> <span class='ocrx_word' id='word_1_268' title='bbox 384 4197 507 4280; x_wconf 77' lang='lat' dir='ltr'><strong>Vatenep.</strong></span> <span class='ocrx_word' id='word_1_269' title='bbox 544 4199 575 4266; x_wconf 80' lang='lat'><strong>2)</strong></span> <span class='ocrx_word' id='word_1_270' title='bbox 595 4204 650 4282; x_wconf 74' lang='lat' dir='ltr'><strong>erat</strong></span> <span class='ocrx_word' id='word_1_271' title='bbox 672 4197 707 4282; x_wconf 75' lang='lat' dir='ltr'><strong>inp</strong></span> <span class='ocrx_word' id='word_1_272' title='bbox 731 4198 791 4268; x_wconf 81' lang='lat' dir='ltr'><strong>iuti3</strong></span> <span class='ocrx_word' id='word_1_273' title='bbox 814 4198 849 4253; x_wconf 90' lang='lat' dir='ltr'><strong>im</strong></span> <span class='ocrx_word' id='word_1_274' title='bbox 876 4204 973 4270; x_wconf 77' lang='lat' dir='ltr'><strong>august</strong></span> <span class='ocrx_word' id='word_1_275' title='bbox 998 4197 1175 4280; x_wconf 71' lang='lat' dir='ltr'><strong>nicomed,</strong></span> <span class='ocrx_word' id='word_1_276' title='bbox 1199 4199 1340 4281; x_wconf 66' lang='lat' dir='ltr'><strong>crudiritcr</strong></span> <span class='ocrx_word' id='word_1_277' title='bbox 1360 4217 1415 4258; x_wconf 78' lang='lat' dir='ltr'><strong>run</strong></span> 
     </span>
     <span class='ocr_line' id='line_1_36' title="bbox 283 4267 1270 4342; baseline 0.003 -18"><span class='ocrx_word' id='word_1_278' title='bbox 283 4267 360 4338; x_wconf 75' lang='lat' dir='ltr'><strong>Gelu,</strong></span> <span class='ocrx_word' id='word_1_279' title='bbox 378 4283 464 4340; x_wconf 72' lang='lat' dir='ltr'><strong>tange</strong></span> <span class='ocrx_word' id='word_1_280' title='bbox 483 4285 509 4324; x_wconf 83' lang='lat' dir='ltr'><strong>tn</strong></span> <span class='ocrx_word' id='word_1_281' title='bbox 529 4269 584 4325; x_wconf 82' lang='lat' dir='ltr'><strong>urir-</strong></span> <span class='ocrx_word' id='word_1_282' title='bbox 606 4269 753 4326; x_wconf 80' lang='lat' dir='ltr'><strong>Friedrrehs</strong></span> <span class='ocrx_word' id='word_1_283' title='bbox 772 4270 856 4342; x_wconf 76' lang='lat' dir='ltr'><strong>Regg.</strong></span> <span class='ocrx_word' id='word_1_284' title='bbox 877 4287 902 4328; x_wconf 90' lang='lat' dir='ltr'><strong>n.</strong></span> <span class='ocrx_word' id='word_1_285' title='bbox 921 4269 982 4329; x_wconf 75' lang='lat'><strong>949:</strong></span> <span class='ocrx_word' id='word_1_286' title='bbox 1019 4269 1050 4340; x_wconf 86' lang='grc'><strong>3)</strong></span> <span class='ocrx_word' id='word_1_287' title='bbox 1069 4269 1108 4326; x_wconf 70' lang='lat' dir='ltr'><strong>hd.</strong></span> <span class='ocrx_word' id='word_1_288' title='bbox 1129 4267 1270 4340; x_wconf 58' lang='lat' dir='ltr'><strong>signatum.</strong></span> 
     </span>
    </p>
   </div>
   <div class='ocr_carea' id='block_1_7' title="bbox 0 0 1515 4822">
    <p class='ocr_par' dir='ltr' id='par_1_9' title="bbox 0 0 1515 4822">
     <span class='ocr_line' id='line_1_37' title="bbox 0 0 1515 4822; baseline 0 0"><span class='ocrx_word' id='word_1_289' title='bbox 0 0 1515 4822; x_wconf 95' lang='lat' dir='ltr'><strong> </strong></span> 
     </span>
    </p>
   </div>
  </div>
 </body>
</html>
