2900 4820
312 233 530 294 cotttttttlnno
549 234 715 291 llATllllAE
734 231 1074 292 nuuwssttssuttoultsm.
1182 234 1256 308 297

127 409 170 484 de
186 409 416 504 Wirtenberg,
440 412 494 505 qui
517 409 697 500 succubuit,
721 420 755 481 et
772 432 817 482 ex
840 420 934 504 parte
958 412 1029 482 eius
1055 411 1156 481 occisi
1180 417 1256 481 sunt
1271 416 1340 473 1377

126 513 263 582 comites
281 507 474 582 7717777777
491 518 572 598 tres
590 507 874 582 scilicetdominus
886 504 1255 599 deSobwartuenberg,

126 607 277 679 dominus
295 606 337 678 de
354 605 454 678 Zolre
472 616 504 677 et
520 606 670 680 dominus
694 605 737 676 de
754 605 955 697 Tuwingenq
979 603 1117 678 nobiles.
1154 603 1255 677 Filius

125 715 237 776 autem
253 704 389 799 predicti
412 701 534 775 domini
551 703 592 774 de
610 701 827 795 Wirtenberg
844 725 904 797 per
924 703 1037 794 lugam
1055 705 1165 775 evasit
1181 725 1254 773 cum

124 803 198 876 aliis
216 800 485 896 quampluribus.
512 799 611 874 Facta
623 799 771 876 suntbec
781 800 867 896 apud
878 800 1031 896 oppidum
1042 801 1255 891 Rutelingem

124 900 230 996 pridie
246 900 319 974 idus
337 903 411 970 maii
433 902 513 990 [mai
532 899 606 990 14].

172 999 275 1070 Anno
299 997 384 1070 dom.
404 997 654 1070 mecclxxmiii.
672 995 749 1070 obiit
767 996 905 1070 Carolus
929 1005 1063 1092 quurtm
1080 997 1255 1069 Romano-
1270 1009 1341 1068 1377

123 1119 198 1168 rum
222 1100 399 1190 imperator
422 1106 456 1169 77
477 1117 540 1168 rer
562 1095 733 1186 Bobenia,
760 1099 793 1167 in
818 1095 930 1188 vigilia
957 1092 1093 1166 Andree
1117 1093 1255 1187 apostoli

126 1199 222 1286 [nov.
241 1193 318 1285 29].

122 1516 184 1590 DE
206 1515 441 1608 Paeonum,
466 1516 645 1592 ORlGlNE
668 1519 726 1590 ΕΤ
748 1516 900 1592 Gustus
923 1515 1173 1592 BERTHOLDI
1195 1515 1256 1588 Dll

277 1631 514 1708 BUCHECKE
530 1632 725 1706 EPISCOPI
742 1632 1106 1706 ARGEN'llNENSlS.

606 1795 770 1806 —u———n

157 1863 227 1950 ”Ex
253 1898 318 1972 quo
333 1879 492 1972 superius
517 1899 628 1952 senno
645 1881 808 1974 precessit
824 1878 867 1949 de
884 1875 1062 1949 Bertholdo
1080 1876 1122 1948 de
1138 1876 1255 1949 Bucb-

120 1975 221 2064 ecke,
246 1977 401 2069 episcopo
419 1974 671 2067 argentinensi„
695 1977 737 2047 de
762 1978 923 2071 progenie
948 1977 1050 2142 ipsius
1074 1984 1107 2046 77
1126 1977 1255 2066 origine

120 2083 156 2144 77
172 2071 216 2143 de
234 2075 340 2164 gestis
358 2075 430 2143 eius
448 2083 545 2167 atque
563 2085 745 2169 temporum
764 2077 866 2168 ipsius
893 2077 958 2146 scri
981 2094 1038 2143 ere
1056 2072 1189 2144 intendo
1208 2077 1256 2146 sio

119 2173 185 2242 inci
209 2170 317 2241 iendo.

171 2193 348 2342 ldeimieus
373 2289 485 2341 eomes
504 2267 545 2339 de
562 2268 752 2358 Bucheckea
776 2269 983 2360 lantgravius
1001 2269 1033 2338 in
1050 2267 1255 2359 Burguudeu

119 2391 168 2439 ex
185 2365 252 2436 fibo
271 2367 396 2437 comitis
413 2363 646 2458 deStrosberg
663 2369 805 2458 coniuge
823 2364 954 2438 suebos
972 2366 1032 2436 reli
1080 2369 1101 2436 't
1115 2365 1255 2439 liberos:

119 2461 337 2560 speciabilem
353 2461 543 2556 Hugonem
568 2467 720 2536 comitem
737 2467 770 2536 in
786 2462 975 2552 arelecta
994 2473 1027 2534 et
1072 2461 1255 2535 ertholdum

119 2560 423 2636 commendatorem
457 2561 693 2655 provincialem
726 2561 948 2649 Alamannieq
983 2560 1106 2632 ordinis
1141 2571 1256 2632 sancte

118 2659 229 2731 blarie
252 2657 542 2750 Theutonioorum,
566 2661 620 2754 qui
644 2661 778 2753 sapiens
802 2657 902 2732 valde
926 2667 959 2728 et
981 2661 1085 2748 7777177,
1109 2660 1256 2730 inomni

120 2755 300 2828 Germania
312 2759 345 2826 in
356 2755 487 2848 vulgari
505 2777 661 2830 sermone
672 2755 884 2850 eloquenoior
901 2753 1081 2846 dicebatur,
1098 2754 1256 2827 Mathiam

119 2853 296 2943 ustodem
311 2857 502 2926 monasterii
519 2851 760 2945 dorbacense,
779 2853 942 2925 dominam
959 2857 992 2924 in
1003 2853 1160 2945 lllingen„
1178 2854 1256 2926 olim

120 2955 323 3024 comitissam
341 2953 373 3021 in
391 2948 544 3044 Fn'burgp
567 2949 679 3024 liberis
697 2961 878 3041 carentem„
904 2949 1067 3023 dominam
1085 2955 1118 3022 in
1136 2951 1256 3044 Syga-

119 3071 238 3137 nowe,
257 3045 421 3120 dominam
431 3051 464 3120 777
474 3047 678 3141 blitnsingen
692 3059 724 3120 et
734 3047 934 3121 abbatissam
944 3051 978 3118 in
989 3047 1254 3138 Frowenburna

118 3169 186 3241 que
203 3146 335 3218 taudem
354 3167 399 3218 ex
423 3145 601 3219 humilitate
618 3145 754 3218 abbacie
776 3147 975 3218 renuncians
992 3149 1025 3216 in
1043 3149 1114 3239 ipso
1132 3167 1254 3217 mona-

119 3246 223 3318 sterio
241 3246 344 3315 vitam
361 3242 454 3316 duxit
469 3248 622 3339 quietam.

170 3340 272 3434 Hugo
297 3351 406 3412 autern
423 3343 455 3412 in
474 3345 573 3414 armis
595 3343 689 3416 miles
708 3351 876 3432 7177777777,
900 3338 986 3436 quod
1004 3343 1037 3412 in
1054 3339 1253 3414 exercitibus

118 3437 250 3512 Alberti
269 3442 361 3530 regis
377 3439 615 3528 Romanorum,
640 3442 732 3512 cuius
751 3449 785 3511 et
801 3441 1069 3532 consanguineus
1088 3442 1203 3528 exunt
1222 3443 1254 3510 in

117 3535 279 3608 Bobemia
298 3546 332 3607 et
347 3539 380 3606 in
398 3534 568 3610 obsidione
585 3538 725 3628 Pinguia
743 3547 776 3608 et
793 3535 867 3609 alibi
885 3559 959 3609 oum
986 3539 1253 3628 magnanimitate

118 3632 276 3721 ostendit
305 3656 380 3704 cum
403 3633 559 3706 lleinrico
586 3639 783 3729 imperatore
811 3645 887 3706 nato
911 3633 953 3705 de
973 3631 1198 3725 biitzelnburg
1220 3638 1253 3704 in

116 3731 245 3802 ltaliam
262 3730 490 3824 proficiscens,
515 3735 548 3804 iu
565 3733 651 3805 illius
670 3733 916 3824 gloriosissimis
935 3730 1202 3825 expedicionibus
1220 3741 1254 3801 et

118 3831 358 3901 strenuissimis
385 3827 523 3920 actibus7
552 3829 668 3925 quibus
695 3835 788 3926 quasi
812 3828 962 3902 omnibus
986 3828 1141 3916 interluit,
1169 3827 1252 3899 adeo

118 3927 249 3998 virilem
268 3948 307 3998 sa
325 3925 478 4016 ostendit,
505 3927 591 4022 quod
608 3927 695 3999 idem
713 3933 890 4023 imperator
907 3927 948 3998 de
965 3926 1071 3997 Roma
1088 3924 1252 3998 recedens

116 4027 225 4116 ipsum
244 4027 449 4118 capitaneum
469 4037 501 4096 et
518 4023 608 4098 urbis
627 4037 815 4098 senatorem
833 4026 969 4118 reliquit.
997 4021 1060 4094 llio
1076 4021 1175 4114 Ilugo
1193 4045 1253 4116 per

116 4121 300 4194 cotidianos
319 4125 412 4216 quasi
429 4123 597 4197 oonllictus
611 4124 751 4196 Romam
764 4126 858 4218 quasi
876 4133 973 4194 totam
991 4119 1137 4211 obtinuit,
1156 4143 1253 4215 quam

116 4221 190 4313 ipse
207 4241 306 4294 cesar
322 4217 445 4294 hebere
463 4225 618 4318 nequivit.
647 4221 762 4298 Cesari
781 4231 890 4294 autem
901 4223 933 4294 in
945 4217 1114 4296 obsidione
1132 4217 1252 4294 diutina
