3014 4822
252 219 326 292 412
646 212 992 274 mancaepammus.

254 388 366 482 gebat,
383 385 534 460 omnibus
552 389 585 458 iu
601 389 725 481 campie
743 385 957 461 clamantibus
974 409 1062 460 voce
1077 407 1215 478 magua:
1234 388 1381 477 „Roue-
1489 389 1490 456 l

252 508 329 558 ecre
343 486 560 574 deessem
586 483 714 556 Eodem
732 483 785 556 dte
802 507 865 556 rex
881 481 1014 578 perenm
1028 487 1206 558 inceium
1227 483 1270 556 ab
1285 489 1383 579 oppi-

252 584 360 673 danis
384 585 438 676 qui
456 581 563 658 eidem
580 581 836 676 responderunt„
859 592 983 672 ternpus
1000 586 1277 670 proclamatione
1297 587 1385 672 sopp
1489 619 1490 634 2

251 685 403 752 videlicet
415 700 475 752 see
489 681 712 752 deddoneudec
728 689 761 752 et
774 689 840 750 tres
855 683 925 752 dies
938 700 1008 750 eoo
1021 683 1215 768 cespitasse.
1241 678 1386 753 Eooutra

251 781 415 873 principes
433 775 495 850 sub
510 781 695 848 iuramento
717 776 857 849 dualiter
878 780 1194 871 pronunciaverunt:
1223 780 1306 848 cem
1326 798 1388 850 ree

252 879 412 946 omoiore
424 884 522 964 perte
533 878 773 945 eteetttseiloeo
785 879 870 965 iere,
883 877 1125 964 prioitepiooet
1138 879 1389 948 mmeetiues

252 983 383 1063 ersten,
404 977 548 1061 aliquem
559 976 804 1060 precedentium
819 993 931 1063 repom
948 976 1014 1044 ote
1029 981 1152 1061 tenpore
1167 977 1388 1063 complevisse,

252 1091 324 1142 eom
347 1071 464 1141 dedere
487 1073 663 1142 intromitti.
700 1067 860 1164 Oppidani
884 1079 1012 1163 septem
1028 1068 1143 1142 dicbus
1161 1069 1388 1142 deliberantes

253 1173 302 1240 sic
313 1188 391 1240 esse
403 1167 568 1240 certificati
579 1178 773 1239 annuerunt.
793 1167 858 1238 Die
868 1167 1101 1262 purificationis
1111 1165 1241 1238 Mariae
1252 1167 1337 1260 [leb.
1345 1169 1385 1258 21
1489 1175 1490 1204 ¹

251 1266 425 1360 pedestres
450 1267 588 1358 tuguriis
611 1267 757 1337 incensis
779 1287 798 1335 a
823 1267 947 1358 campis
971 1263 1188 1336 Franckiirrdt
1208 1263 1388 1338 discesse-

251 1375 335 1434 runt.
372 1361 475 1433 Sexto
499 1359 652 1433 lebruarii
676 1361 801 1433 electus
819 1371 872 1434 est
888 1383 983 1433 more
1006 1361 1100 1435 solito
1125 1364 1339 1435 intromissus
1355 1371 1389 1433 ct

252 1459 415 1532 exaltatus
433 1457 578 1553 pluribus
595 1457 746 1530 militibus
764 1467 840 1530 oum
856 1469 983 1553 portem
1000 1458 1169 1532 stantibus.

255 1611 345 1682 Ordo
370 1631 435 1700 ouo
454 1611 634 1682 decideres
649 1611 869 1682 Romanorum
893 1629 954 1680 ree
975 1614 1093 1682 electos
1114 1619 1163 1682 est
1183 1613 1388 1684 introductus

350 1719 383 1781 et
396 1712 578 1780 multoties:

303 1843 423 1916 Clerus
446 1863 538 1913 more
562 1845 709 1916 stationis
734 1842 901 1934 generalis
926 1840 967 1912 ad
992 1851 1118 1935 portem
1142 1839 1251 1936 oppidi
1274 1841 1387 1914 obviet

253 1943 372 2030 electoq
400 1943 454 2034 qui
482 1961 566 2034 equo
594 1940 717 2013 sedens
740 1941 866 2014 vexillo
890 1940 1050 2032 imperiali
1076 1937 1300 2031 praecedente
1323 1963 1386 2013 se-
1489 1999 1490 2036 3

254 2049 380 2134 qucum.
406 2037 495 2108 Ante
514 2041 737 2109 coemiterium
754 2036 796 2108 de
814 2059 899 2132 equo
917 2034 1108 2124 descendat,
1126 2057 1225 2130 quem
1242 2039 1295 2106 cui
1312 2059 1385 2110 sors
1489 2043 1490 2048 ’

253 2135 380 2207 dederit
402 2133 566 2207 obtinebit.
604 2133 858 2229 Compulsentur
883 2155 1001 2206 onmes
1027 2155 1220 2228 campanae,
1247 2139 1384 2225 organis

254 2243 414 2323 centetum
430 2229 643 2304 luminaribus
662 2235 805 2304 incensis
816 2235 850 2301 in
861 2253 989 2304 summo
1001 2231 1105 2317 elteri
1122 2231 1264 2324 primum
1280 2251 1384 2304 oscu-

254 2331 339 2404 letur
362 2338 458 2424 caput
482 2334 585 2402 sancti
601 2327 843 2401 Bartholomaei
861 2339 895 2400 et
918 2328 1000 2400 sede
1016 2332 1049 2399 in
1064 2326 1172 2398 medio
1195 2330 1302 2420 posita
1320 2327 1385 2398 de-

254 2439 377 2518 corate
402 2423 648 2520 archiepiscopo
665 2425 859 2518 Moguntino
883 2449 901 2496 a
926 2425 1063 2514 dextris,
1088 2423 1279 2496 Coloniensi
1294 2449 1316 2496 a
1333 2429 1388 2498 si·-

253 2529 363 2598 uistris
381 2531 497 2595 ornatu
522 2527 717 2616 competenti
742 2520 936 2612 astantibus
962 2523 1068 2593 electo
1085 2519 1235 2594 manibus
1259 2524 1386 2615 plicatis

255 2620 393 2692 sedente
421 2619 686 2714 archiepiscopus
710 2619 924 2711 Moguntiuns
953 2641 992 2692 se
1017 2627 1203 2712 prosternet
1228 2615 1388 2692 dicando:

254 2721 459 2790 Adiutoriom
474 2727 619 2789 eosdem
634 2722 669 2788 io
685 2721 814 2788 comice
831 2719 963 2787 domioi.
989 2716 1107 2788 Clarus
1119 2725 1154 2786 et
1170 2719 1272 2786 ceteri
1288 2719 1388 2788 elco-

256 2826 345 2886 tores
356 2815 573 2908 respondent:
595 2816 660 2904 (lui
674 2815 1069 2899 fecitcoelumetterrom.
1098 2809 1225 2884 Chorus
1242 2815 1389 2906 proterat
1489 2877 1490 2888 ,

254 2909 415 3005 psalmos:
447 2913 621 2983 maudiut
633 2917 783 2983 dominus
798 2915 833 2982 io
846 2911 984 2981 medetei
1018 2911 1106 2980 Deus
1121 2911 1282 2980 iudicium
1299 2921 1388 2982 dmm
1489 2965 1490 3004 3

253 3013 326 3098 repe·
346 3009 412 3079 de!
439 3009 629 3082 alternatim.
673 3007 798 3098 Quibus
818 3008 958 3101 expletis
977 3006 1243 3100 archiepiscopus
1273 3017 1387 3080 cenat:
1489 3017 1490 3072 4

253 3107 355 3196 ilprie
372 3106 523 3197 eleyson!
548 3109 672 3178 Christe
689 3106 840 3195 eleyson!
864 3107 965 3194 Kprie
980 3105 1129 3194 etepsool
1156 3105 1253 3175 Peter
1268 3113 1388 3178 noste.

254 3205 424 3275 Etneoos.
450 3203 661 3276 Versiculus:
679 3205 818 3274 Domine
827 3205 952 3273 sulcem
962 3201 1021 3285 sec
1034 3218 1151 3290 repom.
1178 3202 1387 3296 Responsio:

254 3303 299 3372 Et
312 3305 436 3372 cecedi
450 3321 510 3372 eos
524 3305 560 3370 to
575 3305 629 3372 die
645 3321 711 3388 peu
728 3305 915 3370 invocemus
931 3301 982 3369 tet
1016 3297 1105 3370 Mitte
1121 3303 1153 3369 ei
1168 3303 1332 3370 almitiem
1347 3303 1390 3370 de

254 3397 389 3468 coneto!
414 3397 471 3468 lt:
490 3399 582 3468 little
592 3399 682 3488 Spore
697 3405 786 3468 teere
801 3397 894 3468 mem!
918 3397 1149 3468 interimeris
1161 3393 1390 3480 sortitedtttist

254 3493 311 3564 R.:
330 3497 356 3563 d
373 3494 462 3580 facie
479 3499 611 3565 inimici.
630 3497 767 3566 Domine
784 3497 1104 3565 cecedioretioeem
1118 3495 1247 3563 mom!
1272 3492 1394 3565 Rem
1489 3567 1490 3600 p

255 3593 382 3662 clamor
404 3613 493 3662 meus
515 3594 752 3664 odteoeee'otl
789 3591 948 3662 limuiom
968 3591 1153 3660 codicem!
1185 3591 1244 3661 R.:
1270 3601 1390 3662 etcum
1489 3611 1490 3682 fi

254 3691 465 3780 spiritumet
500 3690 656 3760 Oremecl
686 3691 866 3761 Proetcode
881 3687 1392 3771 domioesomolotuodeetrcer

255 3793 317 3857 eie.
342 3785 441 3858 ltem:
462 3787 672 3877 Omnipotens
685 3791 877 3877 sempitcmc
895 3789 1121 3858 deiciendos
1135 3793 1311 3858 monceio.
1325 3801 1394 3875 per

256 3887 429 3980 domicum.
471 3883 600 3962 Deinde
628 3908 726 3958 muca
753 3905 855 3981 super
880 3903 956 3956 emm
982 3881 1068 3956 fucta
1099 3905 1183 3976 aquia
1207 3881 1391 3972 benedicta

257 3972 431 4075 aspersum
448 3983 566 4074 erigut,
591 3994 625 4054 et
641 4002 758 4055 maurus
776 4004 850 4054 cum
874 3983 947 4053 aliis
970 3979 1166 4054 electoribus
1190 3977 1393 4075 apponendo

258 4099 358 4192 supcp
381 4081 636 4191 ultorepouent
651 4081 840 4192 crocitando,
864 4103 903 4150 oc
924 4080 964 4149 Te
982 4083 1078 4149 deum
1100 4081 1275 4150 loedcmec
1297 4081 1393 4150 into-

310 4208 562 4277 1)s.:inuoduei
650 4223 676 4266 ,’
711 4233 721 4261 u
