2900 4820
441 267 964 328 mmunsuunwmaunemsrs.
1193 273 1265 348 265

138 463 271 516 murore
289 467 336 518 ex
352 443 548 518 ahiscisione
565 441 665 518 bursa
680 454 713 516 et
729 445 886 517 credente
901 445 1034 542 populo,
1053 444 1139 542 quod
1155 457 1352 520 remantem

138 554 233 616 esset
249 555 362 614 eontm
378 543 515 616 ludens:
538 565 620 614 eece
636 547 743 616 omnis
761 544 900 639 populus
917 547 1009 615 irruit
1024 547 1057 615 in
1075 543 1208 634 ludens,
1234 555 1268 618 et

138 644 257 714 occisis
275 642 384 714 multis
396 639 587 713 Chrishanis
604 663 748 735 pereas,
766 641 919 715 videntes
930 664 969 715 se
980 663 1045 714 non
1062 663 1164 737 posse
1176 663 1266 715 eva-

138 737 232 828 dere,
251 735 504 812 combusserunt
520 739 635 811 domos
654 761 732 812 suas
750 749 784 810 et
801 761 839 812 se
856 743 946 834 ipsos
964 759 1039 811 cum
1054 739 1180 813 rebust¹

135 892 188 978 lle
204 861 329 964 iiidicta
349 891 500 976 amatote
521 895 605 964 mar
623 910 734 982 repeat
750 893 867 982 dualia
884 899 916 962 at
929 893 1071 964 Francia
1087 894 1123 962 ia
1138 895 1192 964 die
1207 891 1267 964 la-

237 987 358 1069 ltaaais
377 988 522 1078 baptiste.

188 1119 273 1192 Gom
291 1129 402 1191 autem
418 1119 556 1193 indictus
573 1121 691 1194 haeret
707 1119 828 1192 dudum
846 1119 1013 1196 condictus
1025 1118 1066 1190 ad
1077 1118 1164 1194 diem
1181 1119 1268 1194 beati

136 1218 292 1292 Iohannis
319 1215 457 1312 baptiste
484 1217 619 1312 predicti
642 1221 718 1290 amri
745 1217 989 1313 quadragesimi
1006 1221 1083 1290 noni
1103 1221 1183 1309 [iun.
1200 1219 1265 1310 24]

138 1320 226 1390 inter
241 1315 381 1386 Franeie
399 1325 432 1386 et
447 1316 572 1408 Anglie
589 1337 705 1407 reges,
722 1326 810 1388 mnu
827 1315 887 1386 luit
902 1320 1071 1412 utriusque
1087 1321 1184 1408 regni
1201 1339 1268 1411 pe-

137 1416 301 1503 stilencia,
326 1412 412 1507 quod
430 1417 490 1486 vix
511 1415 612 1486 tercia
635 1435 712 1508 pars
736 1413 902 1486 hominum
920 1413 1035 1486 dicitur
1054 1417 1267 1486 remansisse.

135 1513 276 1606 Propter
299 1533 363 1606 qrre
386 1511 554 1584 candianus
578 1521 631 1583 est
656 1521 863 1606 prorogatus.
896 1511 1082 1606 &mosque
1103 1509 1269 1601 manans

138 1612 193 1704 qui
209 1619 365 1681 recusata
382 1607 446 1680 lilia
457 1609 574 1700 Angli
593 1631 688 1703 qnam
705 1607 877 1680 ducmrum
888 1631 928 1683 se
940 1612 1148 1703 promiserat„
1165 1630 1269 1681 rece-

140 1707 226 1780 dens
244 1705 336 1778 duas
353 1703 536 1778 Brahaneie
553 1705 652 1778 filiam
670 1706 773 1796 duxit
795 1717 828 1778 et
844 1705 940 1778 ambo
956 1706 1085 1780 Franco
1102 1707 1269 1797 laverunt,

137 1825 303 1878 reversus
320 1801 507 1876 hlnndriam
523 1806 556 1874 in
573 1804 683 1898 populi
700 1803 852 1876 levorem
868 1805 983 1896 Angla
1001 1803 1136 1880 adhesit.

139 1958 187 2030 lle
205 1957 374 2048 principia
389 1957 581 2046 pestilencia
603 1963 636 2026 et
651 1935 891 2045 stapellacian'is
912 1959 947 2027 ia
967 1957 1175 2028 Alamannia.

184 2083 367 2178 Incipiente
384 2094 494 2156 aulem
510 2084 665 2178 paulatim
682 2085 873 2179 pestilencia
890 2086 1145 2176 inhiamannim
1162 2109 1269 2182 cepe-

134 2193 213 2256 runt
223 2205 263 2256 se
274 2182 384 2276 populi
400 2182 586 2274 flagellare,
603 2191 813 2255 nauseantes
824 2204 884 2276 per
900 2192 1031 2256 terrem
1053 2181 1095 2254 Et
1105 2194 1271 2259 venerunt

137 2284 341 2375 septingenti
364 2278 407 2350 de
429 2279 569 2352 Swevia
592 2280 830 2371 Argentinam²
853 2280 998 2374 predicto
1022 2303 1108 2352 anno
1131 2281 1211 2354 xlix.
1235 2285 1269 2354 iu

137 2377 250 2452 medio
266 2379 357 2467 iunii,
373 2374 533 2450 hahentes
551 2380 637 2449 inter
647 2399 685 2452 se
703 2400 803 2453 unum
821 2377 1031 2474 principalem
1044 2377 1169 2450 etduos
1187 2379 1269 2452 alios

138 2476 331 2568 magistros,
356 2497 493 2570 morum
516 2474 677 2548 mandatis
701 2479 810 2548 omnia
833 2473 1001 2570 parebant.
1033 2473 1166 2546 Etcum
1189 2473 1269 2547 hora

138 2577 246 2668 primo
263 2572 395 2645 Renum
412 2576 620 2663 mansissent,
644 2583 837 2646 accurrente
853 2573 975 2667 populo
991 2572 1142 2644 fecerunt
1158 2575 1271 2644 chen-

136 2672 223 2744 lum³
241 2669 343 2742 latum
360 2669 472 2760 valde,
489 2673 525 2740 in
541 2673 633 2742 maius
650 2669 759 2758 madio
777 2694 815 2743 se
833 2681 1009 2762 exuentem
1028 2670 1184 2764 depositis
1201 2693 1271 2742 ve-

138 2767 244 2843 stibus
263 2777 297 2839 et
313 2767 558 2858 calceamentis7
582 2765 742 2840 hahentes
760 2767 943 2840 immodum
965 2766 1064 2839 brace
1082 2771 1271 2842 camisiasa

136 2867 267 2940 tencre
284 2864 326 2936 ad
343 2865 427 2940 talos
448 2875 635 2958 protensam
661 2869 866 2938 mandarunt
900 2865 1059 2960 Unusque
1076 2875 1151 2960 poet
1173 2866 1272 2938 alium

137 2968 171 3036 in
190 2963 363 3041 merdosa
375 2965 408 3034 in
421 2961 553 3036 modum
571 2962 719 3038 crucifixi
736 2967 924 3058 prostrauit,
942 2961 1138 3058 quilibetque
1157 2985 1271 3036 eorum

137 3083 242 3156 snper
258 3057 422 3154 quoslibet
438 3070 648 3134 transeuntes
665 3059 819 3155 passibus
831 3072 864 3134 et
878 3063 997 3134 leniter
1013 3071 1193 3155 prostratos
1204 3062 1272 3132 da-

192 3208 223 3277 1)
242 3207 269 3264 in
289 3208 320 3263 Α.
341 3208 412 3278 lolgt
430 3207 515 3264 noch:
540 3207 613 3264 ludei
639 3209 722 3264 eciam
748 3209 865 3265 omnium
890 3209 1022 3264 civitatum
1048 3207 1222 3280 imperialium
1247 3214 1273 3264 et

138 3279 254 3336 aliorum
274 3278 405 3350 locorum,
424 3280 483 3350 quia
498 3281 633 3352 qnondam
646 3279 804 3338 Lndewicus
823 3280 946 3353 princeps
965 3279 1031 3352 ipsis
1051 3279 1113 3334 dum
1125 3278 1193 3334 vixit
1210 3285 1273 3336 tan-

137 3369 217 3424 quam
240 3349 326 3406 servis
352 3349 408 3406 suis
433 3351 498 3408 salis
524 3352 612 3408 iuerat
637 3351 792 3408 favorabilis
812 3383 844 3392 -
865 3369 898 3408 ex
918 3368 971 3423 quo
991 3351 1017 3406 in
1036 3357 1138 3408 tantum
1156 3352 1272 3424 populus

138 3423 221 3478 lsrael
242 3419 335 3490 crevit,
359 3421 430 3492 quod
451 3421 484 3475 de
503 3439 553 3478 suo
574 3421 672 3478 auxilio
693 3422 719 3477 in
739 3423 811 3478 brevi
831 3439 926 3479 omues
946 3421 1119 3478 Christicolas
1139 3421 1272 3478 dehebant

138 3493 275 3574 occidisse
289 3519 321 3533 -
335 3497 441 3562 clergo
462 3498 522 3547 ante
542 3493 736 3549 cremationem
750 3500 776 3548 et
794 3493 913 3578 ipsorum
928 3493 1151 3578 interclusionem
1164 3500 1271 3548 mortuo

136 3563 719 3718 mansuetudinemrasta
734 3565 875 3693 tantm
892 3564 1272 3718 luttemarssen

138 3706 282 3760 fractarum
307 3705 357 3773 [et]
382 3721 441 3760 cum
466 3704 597 3778 laprdrhus
624 3723 704 3777 super
723 3707 870 3780 sepulchris
897 3708 1048 3764 constitutus
1074 3712 1271 3776 cymrterrorum

121 3791 251 3852 ,snorum
270 3781 297 3830 et
315 3776 442 3831 thesauro
465 3784 572 3849 reperto
599 3783 686 3834 turres
707 3795 792 3834 novos
812 3780 838 3834 in
858 3780 914 3834 suis
941 3777 1090 3833 civilatibus
1109 3781 1272 3830 construxe-

137 3853 201 3902 runt
220 3863 252 3902 ac
271 3863 330 3902 enm
355 3845 488 3919 lapidibus
514 3864 604 3904 muros
630 3848 783 3905 reiecerunt
801 3857 828 3905 et
852 3851 994 3905 thesauros
1019 3853 1141 3919 repertos
1160 3846 1187 3901 in
1206 3861 1272 3900 usus

138 3917 286 3989 reipublice
312 3925 506 3974 converterunt.
534 3919 591 3974 lieu
610 3921 707 3976 letalem
727 3927 784 3976 sata
803 3921 896 3976 suchta
915 3920 957 3974 ich
977 3918 1059 3974 durch
1086 3916 1273 3986 einsehaltuug

137 4005 193 4114 tt:
211 3986 898 4130 hili?lihtnlhtlhhhnd''sithih
916 3987 1272 4128 hthldtththtdt

141 4129 245 4201 Spiram
264 4130 306 4199 rh,
326 4128 450 4201 dagegen
470 4132 557 4187 haheo
576 4133 690 4188 Closner
709 4078 762 4188 ngnd
781 4081 974 4204 Kdirigshoven
993 4129 1061 4186 awai
1079 4129 1209 4198 hundam,
1229 4127 1272 4184 die

132 4200 207 4282 nath
226 4199 389 4329 {paphum
412 4202 545 4260 hommem
582 4203 614 4274 3)
632 4203 759 4260 circulum
777 4204 804 4260 in
831 4204 934 4262 civiate
952 4201 1028 4279 Spina
1048 4206 1110 4257 anta
1133 4205 1273 4260 nonaste-

141 4289 207 4328 rrum
245 4288 259 4327 a
316 4313 324 4330 .
787 4302 789 4314 ·
892 4300 895 4311 ·
