2904 4822
252 193 303 268 88
368 137 372 148 Ι
553 191 728 250 tiltltttttctts
748 192 793 249 DE
812 191 1076 250 DIESSENHOVEN.

171 373 239 433 1353
251 387 315 438 rex
330 387 415 437 vero
425 363 573 458 Ungarie
591 363 688 437 filiam
706 362 798 437 dnois
809 363 989 456 deBolien,
1006 375 1040 437 et
1056 361 1151 436 ambe
1169 363 1212 437 de
1222 366 1379 440 Polonia¹.

251 461 294 534 m
303 465 462 535 miserunt
470 466 621 554 reginmn
631 463 921 554 Ungarieincuria
932 464 1091 557 Ungarie.
1165 462 1210 535 Et
1218 463 1381 559 predictis

251 562 375 634 mensis
399 561 458 632 luit
484 569 573 632 tante
601 563 785 634 serenitatis
810 571 843 631 et
869 562 1000 653 caloris,
1028 561 1112 656 quod
1139 559 1292 633 homines
1318 583 1382 632 non

251 666 402 754 poterant
417 679 513 731 arare
531 668 564 730 et
580 657 667 731 nulla
685 657 829 751 grando²
845 657 905 732 tn
926 681 988 754 per
1009 669 1111 731 totum
1127 681 1280 732 mensem
1297 661 1381 730 iunii.

251 827 301 902 Do
318 830 529 899 coronatione
545 829 783 899 ooortsllorott
798 831 833 897 in
849 831 1007 919 rapinam,
1024 837 1058 900 ot
1072 832 1112 900 do
1128 830 1258 918 nopotis
1264 829 1385 901 Altero·
1438 843 1439 858 ³

349 927 441 996 duob
457 927 617 1014 Borooro'o,
635 935 669 995 et
682 928 822 1013 qoooom
838 929 918 996 olto.

300 1058 381 1130 ltem
398 1077 515 1129 mense
532 1057 600 1128 iulii
617 1060 693 1128 anni
709 1057 777 1148 liii„
794 1061 959 1149 vigesima
977 1067 1090 1152 quarta
1101 1057 1154 1128 die
1164 1062 1291 1130 mensis
1303 1081 1384 1153 pre·
1438 1089 1439 1096 ¹

252 1155 338 1246 dicti,
361 1177 424 1226 rex
441 1152 582 1227 llarolns
598 1154 822 1226 Romanorum
840 1166 874 1225 et
888 1153 1046 1228 Bobemie
1062 1177 1125 1227 rex
1140 1159 1293 1248 reginam
1311 1156 1386 1227 lecit
1438 1185 1439 1188 ¹

250 1255 400 1326 coronari
424 1251 533 1342 Frage
555 1274 616 1346 per
643 1250 922 1346 archiepiscopum
947 1252 1163 1345 Pnagensem.
1201 1253 1244 1322 Et
1266 1251 1385 1324 ibidem
1438 1263 1439 1346 ζ

250 1348 408 1422 Albertus
433 1346 501 1420 dux
522 1349 677 1420 Bawen'e
695 1347 787 1420 duxit
809 1373 849 1419 ao
872 1351 1007 1443 nupcias
1025 1347 1207 1422 celebravit
1229 1373 1306 1420 cum
1324 1349 1385 1420 filia

250 1445 342 1520 ducis
359 1445 522 1536 Polonie³q
540 1449 593 1542 qui
609 1445 668 1518 fuit
690 1449 781 1538 regis
799 1445 909 1517 Karoli
927 1445 1151 1520 consobrinus.
1251 1445 1295 1516 Et
1311 1446 1385 1517 inde
1438 1509 1439 1522 ,

250 1543 469 1642 progrediens
492 1545 586 1614 venit
613 1546 647 1613 in
669 1541 881 1634 Nurenberg,
909 1546 1066 1638 incipiens
1090 1542 1132 1614 ibi
1155 1543 1232 1616 lecit
1258 1542 1387 1614 nobiles
1438 1545 1439 1640 ζ

250 1651 284 1718 et
300 1643 512 1713 civitatenses
536 1661 597 1735 per
613 1661 754 1734 regnum
771 1639 970 1714 Alemannis
986 1663 1103 1738 paoem
1126 1663 1187 1738 per
1209 1645 1386 1733 trigeninnn

250 1760 369 1813 lutare.
1438 1751 1439 1776 ¹

250 1906 301 1981 De
317 1909 458 1978 odoonto
473 1907 592 1977 Korolo'
607 1909 828 1976 Romanorum
843 1909 932 1996 rapte
951 1909 987 1976 tn
1006 1903 1196 1978 wmtootto
1212 1917 1245 1979 ot
1259 1913 1301 1980 olo
1318 1914 1389 1980 otr-

350 2007 451 2074 toosts
467 2008 569 2092 ipsios
585 2012 618 2074 ot
632 2008 754 2075 ooootts
770 2007 897 2075 oottbtts
913 2007 1006 2074 circo
1022 2008 1189 2094 reliquias.

298 2153 382 2228 ltem
398 2173 515 2226 menso
532 2151 729 2248 septembris
753 2157 831 2225 anni
853 2155 906 2226 liii.
925 2153 1067 2227 llarolus
1084 2156 1310 2228 Romanorum
1328 2179 1390 2228 rex

251 2254 392 2324 venitin
410 2249 631 2324 Constantiam
648 2254 729 2323 xvii.
748 2251 812 2323 kal.
831 2251 971 2324 octobris
991 2255 1091 2347 [sept.
1104 2253 1167 2344 15]
1187 2276 1261 2324 cum
1279 2254 1389 2326 multis

250 2345 460 2445 principibus
478 2346 634 2420 videlieet
649 2347 792 2420 Rndollo
809 2347 892 2420 duce
910 2351 1045 2421 Austrie
1056 2349 1223 2422 Kerinthie
1241 2360 1275 2422 et
1292 2351 1389 2424 Stirie
1438 2403 1439 2424 r

250 2447 385 2519 filiastro
404 2467 477 2535 suo,
495 2444 972 2518 etAlberto⁴dnceBawa1ie
990 2449 1042 2542 qui
1060 2445 1227 2518 dicebatur
1243 2446 1389 2519 marcbio
1438 2447 1439 2538 ξ

249 2540 581 2632 Brandenburgensis
604 2546 730 2614 ratione
752 2547 996 2636 permutationis
1014 2545 1099 2615 lacte
1117 2567 1190 2615 cum
1207 2545 1310 2615 fratre
1329 2567 1388 2616 suo
1438 2559 1439 2610 t

250 2641 486 2738 primogenito3
508 2642 586 2710 item
609 2640 678 2712 dux
699 2638 855 2711 liawarie
879 2639 964 2712 filios
988 2639 1079 2714 ducis
1102 2641 1258 2713 Bawarie
1275 2641 1387 2714 Adulb

250 2739 396 2826 nomine7
419 2739 497 2807 item
513 2733 677 2809 lohannes
695 2737 797 2808 irater
812 2741 904 2830 regis
922 2735 1034 2809 llaroli
1058 2760 1169 2809 comes
1186 2741 1218 2808 in
1236 2737 1388 2810 Ltitzen-
1438 2739 1439 2828 ξ

250 2831 348 2924 burg3
365 2837 442 2904 item
461 2833 525 2904 dno
542 2832 645 2906 duces
656 2834 855 2924 dePolonia,
870 2837 950 2906 item
960 2833 1224 2930 archiepiscopus
1236 2835 1388 2928 Magon·

250 2933 337 3002 tinus
355 2927 550 3019 Gerlachns„
577 2934 654 3002 item
680 2933 854 3025 episeopus
872 2929 1133 3026 Herbipolensisa
1156 2935 1235 3004 item
1260 2934 1387 3005 electus
1438 2933 1439 3018 3

251 3025 457 3099 Tridentinus
483 3028 628 3098 etmulti
652 3031 788 3099 comites
813 3038 846 3099 et
868 3026 1005 3102 nobiles.
1029 3029 1072 3100 Et
1086 3039 1240 3124 receptus
1259 3030 1319 3102 fut
1337 3029 1389 3102 die

250 3123 394 3218 predicta
414 3124 639 3218 sollempniter
655 3148 673 3194 a
692 3125 781 3196 clero
799 3134 832 3195 et
854 3126 986 3220 populo7
1015 3129 1088 3222 quia
1105 3149 1272 3220 nunqnam
1288 3138 1387 3198 antea

250 3222 327 3293 illuc
349 3230 502 3310 venerat,
531 3224 681 3314 mamas
704 3231 844 3294 octavus
868 3243 972 3294 annus
996 3233 1088 3294 esset
1115 3244 1177 3295 sue
1204 3223 1387 3296 electionis.
1438 3229 1439 3248 ¹

251 3318 325 3388 Viii.
338 3317 522 3388 antemkal.
535 3316 675 3389 octobris
688 3317 860 3412 [sept24]
880 3323 939 3390 ivit
956 3319 997 3389 ad
1015 3330 1162 3391 sanctum
1170 3318 1300 3391 Gallum
1313 3345 1388 3392 enm
1438 3355 1439 3362 κ

252 3417 534 3507 supranominatis
545 3412 751 3508 principibus.
768 3416 812 3486 Et
828 3419 968 3488 crastina
979 3416 1055 3488 lecit
1072 3420 1199 3510 aperire
1210 3416 1386 3509 sarcofaga
1438 3447 1439 3504 3

251 3513 326 3580 sive
344 3511 494 3604 sepulcra
513 3521 700 3583 sanctorum
709 3513 938 3584 confessorum
949 3511 1032 3583 Galli
1051 3524 1084 3583 et
1097 3511 1240 3584 Othmari
1259 3525 1293 3584 et
1311 3515 1388 3584 inde

249 3610 375 3702 recepit
397 3611 501 3702 capita
520 3630 645 3697 eorum,
674 3611 842 3702 utriusque
866 3612 1022 3680 maiorem
1039 3620 1164 3704 partem
1189 3613 1303 3703 capitis
1323 3609 1387 3682 ab·
1438 3653 1439 3690 2

252 3706 339 3776 stulit
350 3715 383 3774 et
394 3727 506 3775 secum
518 3703 659 3776 abduxit.
678 3705 788 3776 Antea
801 3715 922 3794 autem„
940 3706 1095 3777 videlieet
1110 3709 1143 3776 in
1155 3707 1268 3798 vigilia
1282 3711 1385 3779 sancti
1438 3715 1439 3746 ³

250 3799 372 3872 Matbei
396 3801 533 3894 apostoli
555 3810 589 3871 et
606 3804 826 3894 ewangeliste
847 3807 945 3896 [sept.
964 3802 1044 3893 201,
1067 3803 1199 3873 liberunt
1221 3807 1254 3873 in
1273 3804 1385 3896 Angla

250 3901 372 3970 maiori.
384 3897 427 3968 Et
435 3896 478 3968 ibi
489 3897 565 3986 lecit
576 3901 704 3992 aperire
712 3899 920 3990 sarcofagum
928 3898 1385 3992 sanctitlarciewangetisra
1438 3931 1439 3966 l

288 4025 316 4094 1)
336 4027 380 4082 die
400 4027 478 4081 brant
498 4026 545 4081 des
567 4027 666 4096 ln'inigs
688 4026 801 4098 bndnig
820 4045 873 4084 von
895 4029 1002 4100 Ungarn
1024 4045 1081 4083 wer
1100 4029 1251 4098 Elisabeth,
1282 4032 1386 4085 tocbter
1438 4007 1439 4094 3

252 4096 299 4151 des
320 4097 387 4151 bons
409 4097 525 4168 Stephon
544 4111 597 4152 non
618 4097 734 4153 Bosnien
749 4099 795 4154 mit
808 4099 942 4155 Elisabetb
956 4116 1008 4155 von
1023 4099 1155 4169 Gujamen.
1181 4099 1212 4167 2)
1279 4100 1332 4156 oda
1347 4101 1384 4157 bs.

252 4167 282 4240 3)
297 4168 470 4238 margaretha,
484 4168 587 4228 toebter
602 4167 648 4222 des
662 4169 779 4242 bernogs
792 4169 906 4244 Ludwig
919 4187 971 4226 von
984 4169 1110 4242 biegnitz.
1137 4171 1170 4238 t)
1183 4169 1221 4226 lm
1257 4171 1352 4228 nico?
