3010 4822
460 269 634 334 bubulcus
652 269 908 334 anaooaaausts.
1175 275 1247 356 543
1497 293 1498 354 l

118 441 309 521 cansam
326 449 358 520 lu
376 468 438 522 suo
446 449 567 548 palatio
577 453 706 527 occisus
723 473 785 548 per
794 451 952 548 quosdam
963 451 1094 546 mittes,
1113 463 1147 526 et
1157 453 1247 527 mul·
1263 466 1332 524 taso

116 547 158 618 tis
175 545 370 620 volneribus
387 548 571 624 confossus.
1497 549 1498 598 l

166 641 248 714 ltem
276 641 394 717 eodem
421 667 538 719 meuse
565 645 780 724 Berehtoldos
815 648 857 719 de
887 647 1041 740 Hagelen
1069 651 1245 722 canonicos

116 739 334 833 Eistetensis‚
358 753 392 814 et
418 747 603 839 prepositus
631 747 710 818 novi
735 745 864 840 collegii
887 746 1093 842 spalensis,
1117 749 1248 820 noviter

116 838 223 911 lactus
241 837 399 912 sacerdos
417 844 500 913 etin
526 841 759 937 temporalibus
784 843 899 936 dives,
922 839 1000 915 obiit
1022 845 1171 938 pmxiuro
1195 840 1248 914 die

117 945 194 1007 ante
212 941 467 1012 conversionem
484 939 575 1012 Pauli
593 941 730 1036 apostoli
755 939 832 1036 [ian.
850 941 927 1033 241.
978 943 1040 1030 Qui
1064 942 1247 1036 sollempne

116 1031 260 1106 condidit
267 1043 511 1129 testamentum,
525 1047 558 1109 et
568 1040 600 1109 in
609 1037 781 1133 sollempni
791 1037 1109 1136 eleemosynatore
1118 1049 1247 1134 spentaq

115 1131 248 1300 tulerant
264 1129 433 1206 distribute
455 1137 571 1227 viginti
598 1134 680 1207 libre
709 1134 897 1227 bullenses,
925 1145 958 1207 et
984 1137 1124 1232 quinque
1151 1133 1248 1208 modii

115 1250 167 1300 srr
228 1251 266 1302 rs.

164 1251 293 1398 {gldem
309 1348 396 1400 anno
413 1339 446 1400 et
463 1327 506 1400 de
523 1351 640 1402 mense
667 1329 843 1426 septembri
872 1333 972 1427 [sept.
998 1329 1062 1422 19]
1090 1351 1247 1425 magnum

115 1433 150 1495 et
166 1435 337 1496 muentum
361 1423 483 1498 bellum
507 1437 559 1500 est
582 1431 666 1498 inter
687 1425 866 1502 Iohannem
891 1451 1008 1522 regem
1032 1427 1190 1519 Francis,
1214 1439 1249 1502 et

112 1519 217 1593 filium
234 1519 393 1595 Edwardi
408 1527 501 1616 regis
519 1525 643 1617 Anglie
662 1527 753 1596 iuxta
770 1526 1007 1617 Aurelianum
1029 1529 1061 1598 in
1081 1548 1144 1622 quo
1162 1549 1247 1620 cap-

114 1627 168 1690 tus
188 1629 240 1692 est
256 1619 422 1716 predictus
445 1617 609 1695 lohannes
633 1643 695 1695 rex
718 1619 857 1696 Francia
881 1635 914 1695 et
937 1621 1022 1698 lilius
1045 1645 1145 1714 suus,
1172 1643 1247 1694 cum

113 1719 277 1788 tamenin
295 1729 399 1810 gente
418 1721 511 1815 quasi
527 1719 684 1792 inlinitum
703 1720 883 1794 excederet
907 1723 1087 1816 principem
1110 1720 1244 1814 Anglie.

164 1811 248 1885 ltem
266 1815 384 1887 eodem
402 1837 518 1891 meuse
535 1819 617 1888 etin
635 1815 688 1888 die
714 1815 801 1890 beati
825 1817 912 1890 Luce
937 1819 1146 1912 evangeliste
1167 1821 1244 1909 [oct.

113 1907 181 2000 18]
201 1915 234 1983 in
251 1911 304 1982 die
322 1923 356 1985 et
371 1923 468 1986 nocte
485 1915 597 2009 plures
614 1923 826 1988 terremotus
843 1916 920 1988 lacti
937 1925 1014 1989 sunt
1036 1925 1102 1988 tam
1120 1937 1246 2009 graves

113 2017 150 2079 et
164 2006 338 2102 notabiles,
356 2011 471 2108 quales
488 2032 630 2106 unquam
647 2015 711 2086 visi
729 2023 805 2087 sunt
820 2017 853 2085 in
864 2012 1052 2104 Alamannia,
1069 2035 1115 2086 ox
1131 2011 1246 2108 quibam

112 2107 234 2180 civitas
246 2104 440 2184 Baslliensis
456 2120 489 2181 ct
500 2109 642 2184 ecclesia
655 2109 850 2184 cathedralis
862 2109 982 2182 ibidem
995 2109 1160 2185 subverse
1171 2122 1247 2184 suut

111 2201 281 2295 funditus,
305 2216 339 2278 et
361 2209 447 2280 circa
471 2209 636 2282 civitatem
661 2209 760 2279 multa
788 2217 894 2280 castra
913 2211 1195 2299 circumiacentim
1213 2217 1247 2279 ct

110 2301 292 2394 collegium
311 2305 508 2378 secularium
520 2308 750 2377 canonicorum
763 2303 862 2378 valde
875 2304 1245 2399 sollempnepetmona-

110 2402 251 2472 sterium
268 2397 472 2494 Valdegrani
490 2401 639 2475 eiusdem
650 2402 806 2493 diocesis,
823 2399 878 2472 ubi
895 2411 1024 2475 montes
1042 2401 1097 2473 alti
1109 2411 1142 2472 et
1153 2403 1244 2496 alpes

108 2493 154 2566 ad
182 2499 389 2571 seinvicem
418 2500 669 2591 transtrderaut,
700 2521 745 2572 ex
772 2497 888 2594 quibus
912 2508 1001 2571 terre
1023 2497 1163 2572 motibus
1181 2497 1245 2570 dno

108 2593 212 2666 millia
230 2593 397 2668 bominum
413 2600 590 2692 perierunt.
614 2595 697 2669 ltem
722 2593 838 2668 eodem
862 2615 949 2668 anno
974 2599 1114 2688 insurgit
1136 2599 1245 2692 pesti-

108 2691 213 2764 lentia
228 2713 350 2785 magna
368 2692 534 2768 bominum
552 2704 587 2766 ut
605 2717 704 2789 supra
722 2715 783 2791 per
799 2703 898 2766 totam
915 2693 1134 2766 Alamaniam.

159 2787 244 2862 ltem
268 2787 386 2863 eodem
409 2813 496 2866 anno
520 2791 619 2864 etde
648 2815 764 2866 mense
789 2789 963 2864 novembri
986 2790 1068 2862 feria
1097 2791 1245 2865 secunda

106 2898 187 2983 post
203 2887 323 2962 festum
338 2885 423 2961 beati
434 2888 564 2962 Martini
582 2887 1131 2979 confessoris[n0v.14]d0ninos
1147 2887 1245 2962 llar—

106 2983 256 3080 qnardus
283 2989 458 3082 episcopus
482 2985 707 3080 Angustensis
733 3009 831 3082 supra
855 2988 1017 3080 scriptus,
1042 3007 1139 3081 quem
1155 2985 1243 3058 idem

105 3086 289 3177 imperator
307 3083 385 3156 lecit
401 3085 560 3158 vicarium
578 3087 704 3180 imperii
727 3088 761 3156 in
784 3081 895 3175 ltalia„
921 3085 974 3178 qui
997 3082 1039 3154 ob
1062 3082 1242 3156 debitorum

105 3179 255 3253 ecclesie
272 3201 333 3254 sue
350 3181 496 3276 predicte
512 3183 750 3254 relevationem
768 3179 930 3252 recedens
958 3178 1000 3249 de
1025 3181 1157 3253 civitate
1180 3181 1240 3253 Pi-

105 3299 194 3352 saua
212 3281 390 3352 associavit
406 3302 445 3355 se
463 3277 655 3375 quibusdam
672 3281 818 3368 armatis,
839 3280 897 3372 qui
915 3297 954 3351 se
970 3280 1156 3348 redemtam
1175 3301 1241 3374 ap-

104 3371 289 3470 pellabant,
308 3387 343 3448 et
359 3377 528 3473 Apuliam
545 3377 696 3449 Tusciam
716 3385 749 3447 et
764 3374 889 3447 ltaliam
907 3395 947 3446 ao
963 3375 1043 3447 alias
1055 3377 1242 3469 provincias

103 3469 230 3544 ibidem
247 3473 425 3566 incendiis,
442 3475 564 3569 rapinis
593 3483 627 3545 et
647 3472 813 3544 bominum
836 3469 1054 3546 occisionibus
1078 3471 1241 3546 devasta*

104 3567 201 3660 bant,
219 3591 283 3642 una
308 3595 382 3644 cum
401 3569 585 3646 huiusmodi
602 3573 757 3644 societate
773 3572 833 3643 ivit
856 3591 953 3641 mann
979 3579 1102 3641 armata
1129 3581 1241 3641 canna

104 3665 262 3740 dominos
280 3663 547 3743 Mediolanenses
565 3671 815 3836 suprascriptos.
848 3666 890 3739 Et
906 3677 1020 3762 captus
1039 3677 1090 3740 est
1106 3664 1238 3738 inbelle

104 3761 152 3835 ab
169 3764 298 3839 eisdem
315 3765 466 3858 dominis,
484 3763 705 3838 Mediolanum
744 3775 852 3856 uatus,
870 3773 994 3836 etcum
1013 3780 1054 3835 eo
1072 3765 1241 3860 quirrgenti

104 3866 237 3935 armati.

158 3957 242 4030 ltem
261 3957 378 4032 eodem
396 3981 482 4034 anno
500 3969 665 4034 otmense
683 3958 848 4033 decembri
874 3961 1074 4057 prescriptos
1091 3960 1241 4056 impera·

103 4063 174 4150 tur,
205 4067 342 4134 vocatus
368 4081 430 4156 per
458 4057 607 4132 dominos
637 4069 671 4130 et
703 4061 853 4133 civitates
879 4059 975 4152 regni
1002 4055 1141 4130 Francis
1168 4065 1243 4154 post

101 4151 232 4228 bellum
251 4159 460 4250 premissum,
484 4159 630 4230 venitin
658 4159 822 4230 civitatem
852 4154 1048 4228 lleteusem.
1098 4151 1145 4226 lbi
1171 4157 1241 4227 iura

103 4255 236 4350 imperii
254 4264 288 4324 et
305 4253 420 4330 claves
438 4257 577 4328 civitatis
595 4251 635 4326 ab
654 4253 768 4330 incolis
785 4257 965 4351 requisivit.
998 4251 1040 4326 Et
1056 4275 1116 4354 per
1132 4251 1243 4327 domi-
