3014 4822
515 241 646 301 tiones
664 239 840 298 eotouma.
1031 242 1068 308 ο
1169 243 1243 317 tot

111 426 301 490 aeneorum
325 415 435 490 Albini
458 419 612 510 martyris
637 428 670 490 et
691 416 856 490 Bruuouis
878 412 1115 510 arehiopisoopi
1139 413 1244 489 Colo-

111 517 236 588 niensis
254 515 409 588 tumulata
427 524 461 584 et
475 514 616 586 reclusa.
663 553 667 560 ·

158 612 351 686 Secundum
369 621 421 684 est
436 615 469 684 in
488 610 572 683 boeti
588 613 719 684 llortini
736 615 867 684 nomine
885 621 1107 686 eoustruotum
1121 611 1244 686 ordinis

111 713 216 782 saneti
232 710 430 800 Benedicat
455 714 569 804 inquo
588 721 664 784 sunt
685 711 785 781 multe
810 711 1000 804 solempnes
1018 710 1154 804 reliquie
1171 713 1244 783 soi-

109 809 188 878 lioet
208 807 254 878 de
276 809 397 902 populo
420 818 533 881 sande
551 807 670 898 llario,
698 811 802 880 sancti
818 807 991 880 Laureneii
1013 830 1087 878 oum
1113 828 1178 900 quo
1201 807 1245 878 do

110 903 261 976 eratltera
278 909 378 996 igneo
389 905 448 977 luit
461 905 642 997 depositus,
659 905 792 976 maxilla
803 927 924 978 carneo
935 927 1008 976 oum
1022 903 1123 976 barbo
1140 907 1244 978 saneti

110 1001 252 1074 Andree
269 1004 419 1097 apostoliq
437 1010 537 1076 testa2
556 1008 659 1076 sarred
674 1001 908 1090 Bartholomat
927 1001 1047 1094 digitus
1065 1005 1169 1075 serrati
1184 1001 1245 1074 lo·

109 1098 230 1172 hannis
242 1099 382 1194 baptiste
392 1123 466 1172 oum
480 1123 544 1194 quo
555 1103 750 1174 monstravit
762 1099 925 1172 Christum
937 1099 1102 1172 dominum
1113 1100 1244 1178 dieeust

23 1244 26 1253 ·
109 1197 198 1268 Idaea
215 1219 322 1288 ugnus
336 1202 462 1270 daieto.
474 1209 571 1291 eaput
588 1199 899 1270 sanotePetrooello
916 1219 991 1268 eum
1009 1197 1153 1292 pluribus
1172 1197 1243 1270 aliis

111 1291 153 1364 ibi
170 1300 360 1368 monstratis
372 1307 404 1367 et
414 1299 567 1368 ostensis.
594 1297 784 1389 Requieseit
801 1299 904 1368 eoiam
916 1299 949 1366 in
967 1295 1084 1367 eedem
1101 1296 1244 1369 ecelesia

111 1411 233 1486 eorpus
250 1392 336 1464 beati
353 1393 470 1487 Eliplrii
487 1397 521 1464 in
537 1393 647 1466 tumba
665 1415 765 1466 aurea
783 1397 944 1487 proeiosa.

160 1490 313 1562 Tereium
338 1503 389 1564 est
413 1492 548 1564 fratrum
576 1495 679 1565 senoti
701 1489 856 1562 Iohannis
878 1489 1138 1564 lerosolomitani
1164 1492 1244 1585 pul·-

109 1585 225 1659 olrrum
238 1599 410 1660 etsumme
422 1591 601 1679 elevatum,
619 1595 652 1662 in
664 1610 726 1684 quo
738 1589 874 1682 plurima
886 1585 1245 1662 hahentursanotorum

110 1694 145 1755 et
162 1696 351 1758 sanctarum
374 1709 510 1781 eorpora
535 1688 700 1759 tumulata.
737 1685 931 1780 specialiter
954 1707 1073 1780 eorpus
1097 1688 1244 1779 gloriose

111 1785 252 1874 virginis
280 1784 422 1856 Cordule
450 1785 598 1857 similiter
625 1796 658 1857 et
681 1784 879 1857 Constonoie
906 1787 1098 1876 reginarum
1124 1783 1245 1856 ibidem

109 1884 290 1974 requiescit
306 1887 339 1954 in
356 1905 448 1977 paee.
1298 1969 1303 1980 ,

159 1978 319 2065 Quartum
337 1991 388 2052 est
405 1983 548 2054 ecelesia
565 1979 661 2053 beate
678 1980 833 2052 Katerine
861 1980 1009 2074 pulchra
1037 1986 1070 2054 in
1088 2005 1150 2078 qua
1169 1993 1245 2056 sunt

109 2075 231 2149 frenes
251 2079 346 2150 beate
362 2077 468 2149 llario
485 2079 760 2151 Theutonieorum
776 2081 809 2148 in
826 2079 1029 2152 multitudine
1048 2085 1193 2175 eopiosa,
1211 2085 1245 2152 iu

109 2195 173 2267 qua
204 2180 309 2248 eciam
337 2175 437 2246 multo
465 2178 600 2271 reliquie
628 2177 817 2269 solempnes
845 2173 887 2244 de
915 2189 1027 2248 saneta
1056 2201 1174 2267 cruos,
1202 2177 1245 2250 do

109 2273 227 2364 spinea
253 2295 375 2347 oorona
401 2284 435 2344 et
451 2295 525 2345 oum
549 2275 620 2346 aliis
644 2272 822 2346 honoratur
838 2283 871 2342 et
896 2275 927 2343 iu
953 2279 1063 2346 aureis
1087 2273 1245 2347 clenodiis

109 2383 339 2444 oonsorvatur.

159 2467 314 2553 omnum
331 2470 466 2542 aarum
484 2469 698 2561 Regularium
720 2473 952 2544 monasterium
968 2491 1093 2542 novum
1111 2479 1145 2541 et
1161 2491 1245 2564 spe-

110 2565 205 2636 ciose
223 2566 462 2640 subelevatum.

160 2661 302 2736 Sextum
313 2675 367 2739 est
382 2665 517 2737 fratrum
536 2671 639 2740 sancti
650 2667 806 2740 Anthonii
824 2668 1057 2738 monasterium
1074 2663 1244 2760 pulohrum

110 2769 146 2829 et
162 2767 361 2854 speciosum.

160 2857 343 2953 Septimum
362 2872 413 2934 est
429 2860 710 2934 Carthasiensium
728 2885 885 2954 magnum
903 2876 936 2935 et
954 2867 1142 2960 speciosum
1159 2883 1243 2956 por-

109 2959 204 3027 souis
222 2956 444 3032 devotissimis
462 2959 607 3054 pluribus
625 2960 815 3032 decoratum
832 2971 866 3032 et
883 2961 1103 3034 inhabitatum.

110 3149 129 3219 d
161 3051 323 3127 Octavum
356 3079 441 3128 vero
477 3068 529 3130 est
565 3057 806 3130 Crueilerorum
843 3063 1116 3134 monasteriorum
1146 3058 1245 3132 vute

132 3161 278 3224 evotum.

159 3247 291 3321 Nouum
309 3251 444 3323 fratrum
461 3252 625 3324 Minorem
650 3253 805 3347 templum
823 3254 921 3327 valde
946 3265 1185 3349 sumptuosum,
1209 3257 1242 3328 in

109 3367 174 3440 quo
193 3348 330 3440 reliquie
347 3353 499 3442 preciose
510 3354 542 3420 in
560 3373 680 3441 magna
700 3351 901 3424 multitudine
912 3355 945 3423 in
956 3352 1113 3426 clenodiis
1132 3355 1240 3424 aureis

110 3452 144 3514 et
160 3447 321 3536 preciosis
340 3450 545 3518 continentur
561 3456 595 3517 et
611 3457 843 3540 monstrantur„
867 3454 952 3522 inter
974 3474 1056 3544 quas
1081 3472 1165 3522 uuus
1182 3453 1240 3522 in-

109 3551 208 3632 teger
230 3564 324 3636 puor„
352 3567 447 3638 quem
465 3543 618 3616 Herodes
642 3567 700 3638 pro
719 3545 847 3618 Christo
868 3548 995 3635 occidit,
1019 3549 1164 3639 gloriose
1182 3557 1241 3618 tu·

107 3637 260 3710 molatur.
286 3640 369 3712 Sunt
386 3646 490 3713 eciam
508 3645 541 3712 in
558 3641 676 3713 eodem
693 3648 891 3716 monasterio
909 3645 994 3716 beati
1011 3644 1126 3739 Ypoliti
1143 3655 1240 3737 eaput

109 3735 292 3825 gloriosum
314 3759 353 3810 ae
378 3737 546 3810 beatorum
570 3738 715 3810 Barbare
744 3753 776 3812 et
797 3742 896 3812 Luoie
922 3752 955 3812 et
972 3740 1106 3834 Agathe
1134 3743 1238 3832 oapita

76 3845 87 3858 ·
109 3837 316 3906 sanctssima
335 3839 367 3906 tn
385 3859 465 3908 auro
483 3836 653 3932 splendide
669 3838 846 3910 recondita.

156 3927 329 4002 Decimum
355 3944 407 4004 est
429 3934 563 4005 fratrum
580 3934 822 4007 Predieetorum
845 3935 980 4049 mirifice
998 3935 1188 4009 fabricatum
1208 3945 1242 4006 et

108 4027 255 4123 pluribus
272 4029 417 4125 reliquiis
434 4042 469 4102 et
485 4031 637 4104 iratribus
655 4032 854 4105 decoratum.
939 4067 942 4076 ·

158 4125 377 4200 Undecimum
393 4132 529 4224 insuper
546 4135 779 4203 monasterium
801 4141 853 4203 est
870 4131 1005 4204 domum
1022 4131 1119 4204 beate
1137 4130 1244 4205 llario

163 4249 193 4321 l)
213 4250 376 4306 nominat-um
398 4251 468 4320 lolgt
487 4253 556 4308 nooh
577 4253 603 4309 in
622 4255 653 4308 Α.
689 4253 720 4320 2)
740 4253 802 4310 W.:
823 4260 906 4312 oosta.

974 4370 1031 4426 30*
