3010 4822
281 242 357 336 '530
628 251 1071 317 nemarcosennnommsts.

198 444 269 501 1346
283 431 425 528 sepeliri.
442 430 530 602 {infit
546 441 656 504 antem
673 435 817 505 maxime
834 453 896 530 per
912 433 1113 524 sagittarios,
1131 447 1270 524 quornm
1286 427 1410 523 mpbam

279 551 335 602 ma
385 553 436 602 am
477 555 495 602 a
519 533 574 602 uit.

331 553 458 700 {giem
476 650 563 700 anno
580 637 614 700 et
630 626 672 699 de
689 647 806 699 mense
822 625 978 717 ootobm's,
1002 649 1047 699 ex
1070 623 1312 697 machinatione
1333 644 1411 720 pre-

281 725 356 798 dioti
370 729 462 819 regis
480 725 618 798 bbanoie
638 735 673 796 ut
696 723 875 815 dicebatur,
898 745 960 796 rex
977 723 1088 796 Sootie
1112 743 1185 795 oum
1209 744 1333 814 magna
1351 745 1412 818 po-

281 827 381 897 tentia
399 826 530 896 intravit
553 843 695 916 regnum
712 821 849 914 Angdie,
867 821 986 894 volens
1004 823 1111 916 ipsum
1129 820 1323 910 devastare„
1385 823 1412 891 ia

281 919 446 1018 predictus
464 943 526 993 rex
545 921 670 1012 Angbe
695 941 819 992 moram
841 921 938 992 traxit
959 929 1034 1013 post
1059 920 1271 990 oommissum
1293 843 1412 990 bfflm

281 1021 360 1091 eitra
378 1039 471 1094 mare
487 1015 709 1110 Angbioanum
725 1028 818 1091 extra
835 1031 990 1110 regnum
1007 1037 1149 1088 movens
1167 1035 1328 1105 guerram
1344 1037 1413 1089 enm

281 1116 440 1188 adiutorio
449 1113 729 1208 Flammingoram
740 1117 815 1206 regi
825 1111 1039 1203 Francorum
1058 1123 1091 1184 et
1106 1109 1234 1186 obsedit
1249 1115 1413 1186 civitatem

280 1211 481 1284 Fbanoorum
499 1211 617 1285 diotam
633 1211 760 1308 Kaleys
777 1215 810 1282 in
827 1210 934 1282 littore
952 1213 1052 1285 maris
1069 1215 1175 1284 sitam.
1201 1209 1271 1281 Sed
1287 1209 1413 1282 nobiles

280 1319 315 1382 et
330 1309 483 1405 populus,
502 1313 555 1405 qui
572 1317 802 1382 remanserant
818 1311 850 1380 in
866 1307 1004 1400 Anglia,
1022 1331 1096 1379 oum
1114 1308 1251 1380 oonsilio
1270 1309 1413 1402 episeopi

278 1405 520 1480 bundoniensis
548 1407 703 1500 aggressi
732 1412 808 1479 sunt
834 1403 956 1477 bellum
983 1427 1057 1478 onm
1086 1405 1202 1477 eodem
1230 1425 1340 1496 rege,
1366 1407 1413 1500 qni

277 1513 395 1600 'eaptus
419 1513 472 1576 est
500 1505 578 1596 [oet
600 1503 677 1596 17].
713 1501 755 1575 Et
779 1511 877 1574 totam
901 1503 990 1574 illam
1013 1502 1139 1574 turbam
1166 1501 1360 1574 oeciderunt
1385 1511 1416 1572 et

277 1609 447 1701 'ceperant
478 1599 555 1698 lpse
571 1621 656 1675 vero
673 1623 735 1674 rex
751 1600 877 1692 Anglie
901 1619 975 1671 enm
999 1603 1141 1694 potentia
1166 1609 1199 1670 et
1222 1601 1414 1672 strenuitate

275 1701 401 1790 ‘magna
417 1697 545 1772 obsedit
559 1698 738 1795 predictam
751 1699 917 1770 civitatem
930 1717 1053 1769 novem
1066 1696 1235 1772 mensibus
1247 1697 1306 1769 vel
1318 1699 1414 1784 orrea

280 1805 314 1867 et
331 1794 461 1868 tandem
479 1794 623 1870 obtinuit.

326 1891 454 1964 Eodem
481 1912 567 1966 anno
592 1893 636 1965 de
659 1913 776 1968 mense
798 1889 972 1966 novembri
1000 1895 1241 1989 suprascriptus
1272 1889 1415 1966 Karoins

277 1989 406 2066 eleetos
430 1993 464 2061 in
486 2011 604 2084 regem
629 1989 853 2063 Romanorum
877 2000 1052 2070 noronatns
1077 1999 1130 2064 est
1150 1995 1254 2086 prima
1280 2011 1414 2077 oorona

278 2090 313 2159 in
329 2088 447 2182 oppido
462 2087 631 2162 Bonnensi
645 2087 852 2161 (boloniensis
870 2084 1025 2178 diooesis
1043 2091 1117 2183 qnia
1135 2091 1252 2161 civitas
1268 2087 1415 2184 Aquen-

279 2186 327 2258 sis
348 2207 423 2256 enm
447 2187 661 2258 intromittere
678 2186 798 2274 noluit,
821 2188 856 2255 in
878 2183 932 2255 die
955 2183 1054 2256 beate
1071 2184 1267 2274 catharine,
1291 2186 1348 2258 ela
1373 2187 1414 2258 sis

278 2283 343 2354 iam
361 2282 594 2376 trigintatribus
619 2285 714 2356 annis
738 2307 756 2354 a
781 2293 929 2376 tempore
953 2284 1171 2356 coronationis
1188 2281 1329 2378 predicti
1347 2207 1415 2354 dn·
1487 2349 1488 2352 ,

278 2378 412 2470 dewiei
436 2389 470 2452 et
487 2379 571 2453 faeta
591 2379 651 2453 fnit
667 2378 784 2453 eodem
803 2379 881 2452 die.¹
912 2377 973 2454 Est
996 2389 1105 2453 autem
1127 2379 1222 2454 buius
1246 2383 1414 2453 ooronatio

279 2477 364 2550 faeta
381 2497 443 2572 per
459 2480 698 2573 suprascriptos
715 2490 784 2550 tres
802 2475 1067 2574 arehiepiseopos
1084 2487 1118 2551 et
1135 2478 1315 2569 electores,
1334 2499 1415 2573 pre-

277 2583 376 2649 sente
399 2575 556 2670 episcopo
580 2574 774 2666 Leodiensi,
797 2578 870 2672 ipso
893 2594 977 2648 vero
994 2573 1173 2650 Ludewioo
1196 2595 1327 2648 moram
1345 2585 1415 2647 tra·

276 2670 379 2744 bema
396 2671 668 2746 inibankeniurt.
694 2671 775 2747 Eius
788 2671 1207 2768 oolleteralisidargaretba
1218 2677 1414 2772 presan-ipra.

277 2783 354 2842 oum
378 2771 530 2843 venisset
553 2770 595 2843 de
617 2769 791 2843 Hellandia
818 2781 853 2844 et
881 2766 1058 2843 dominium
1084 2771 1194 2845 fratris
1222 2781 1415 2846 oonseonta.
1486 2773 1487 2782 ’

277 2866 401 2940 ratiotis
417 2865 536 2940 ibidem
552 2865 679 2942 duobus
692 2867 766 2942 iliis
779 2869 863 2960 suis,
876 2865 918 2938 ad
928 2865 1156 2962 bodanicum,
1173 2865 1272 2941 ambo
1284 2869 1415 2942 reversi

278 2973 355 3037 sunt
371 2967 404 3036 in
420 2963 618 3038 Bawariam.

195 3064 265 3126 1347
327 3061 428 3135 Anno
455 3060 576 3135 domini
599 3061 816 3138 moremini.
841 3063 883 3136 de
906 3085 1023 3140 mense
1046 3065 1213 3153 ianuario„
1238 3067 1414 3139 associatis

278 3156 340 3236 sibi
357 3181 454 3256 quam
477 3159 622 3254 pluribus
643 3157 823 3254 nabibus,
847 3159 989 3237 Karolus
1013 3163 1129 3236 transit
1143 3159 1369 3235 Franooniam
1386 3171 1416 3233 et

278 3277 440 3330 reversus
457 3267 509 3330 est
525 3261 558 3330 in
575 3257 775 3331 Bohemiam.
809 3259 888 3336 Post
908 3257 972 3333 heo
995 3257 1037 3331 de
1060 3281 1176 3334 mense
1200 3261 1297 3354 aprili
1320 3265 1415 3333 intrat

279 3353 393 3450 alpes,
419 3355 584 3427 civitatem
608 3355 848 3450 indemnem,
873 3368 906 3430 et
929 3379 1003 3430 oum
1026 3353 1184 3429 adiutorio
1208 3355 1415 3431 dominomm
1485 3397 1486 3429 ;

277 3448 384 3543 italie,
402 3449 557 3526 videlicet
566 3452 811 3526 veronensium
829 3463 862 3527 et
879 3451 1188 3546 mediolanensium,
1207 3466 1350 3529 eonatns
1368 3463 1416 3525 est

278 3567 479 3644 reeuperare
496 3555 681 3624 comitatum
698 3549 848 3646 b'ywbs,
872 3551 958 3648 quod
981 3559 1125 3625 easbnm
1148 3548 1280 3624 obsedit
1300 3551 1415 3626 diebus

278 3643 447 3742 aliquibus.
484 3645 553 3720 Sed
569 3645 768 3722 Ludewious
787 3647 949 3742 oobigens
970 3658 1106 3741 gentem
1126 3657 1160 3721 et
1176 3647 1299 3724 volens
1325 3651 1415 3722 resi-

278 3751 368 3816 stere
393 3744 466 3836 sibi,
483 3745 616 3820 intravit
638 3743 790 3818 etiamal
835 3769 865 3838 s,
888 3757 922 3820 et
945 3766 1019 3818 onm
1046 3743 1240 3820 confusione
1263 3747 1413 3820 reoessrt
1484 3755 1485 3784 ¹

277 3837 379 3914 mirus
397 3853 505 3914 antem
524 3863 604 3918 suus
622 3842 766 3915 marchio
822 3841 1108 3936 andenbnrgensis
1125 3854 1237 3916 manet
1251 3843 1289 3916 im
1307 3846 1414 3918 oomi-

276 3943 354 4011 tatu.
385 3937 428 4010 Et
451 3939 623 4013 destruunt
648 3949 770 4012 terram
796 3963 857 4036 per
882 3961 1038 4036 guerram
1065 3943 1269 4034 cotidianam,
1294 3943 1327 4013 in
1351 3961 1413 4036 qne

277 4044 392 4130 eaptus
414 4047 466 4112 est
490 4039 664 4134 episeopus
688 4037 858 4113 Comensis
882 4061 955 4112 enm
981 4037 1089 4112 moltis
1113 4041 1267 4132 amantis,
1291 4041 1346 4134 qni
1371 4035 1413 4106 de

279 4142 373 4228 parto
389 4137 497 4228 rogis²
514 4136 656 4210 inerunt

315 4255 344 4328 1)
358 4255 416 4314 Kar!
425 4260 517 4318 warde
528 4259 600 4318 nicht
611 4275 651 4318 am
663 4259 833 4320 tosondern
846 4253 936 4318 ameb.
945 4253 1137 4332 nongebrbnt.
1154 4255 1306 4332 Dntmbieb
1314 4255 1411 4316 mmo
