<?xml version="1.0" encoding="UTF-8"?>
<!DOCTYPE html PUBLIC "-//W3C//DTD XHTML 1.0 Transitional//EN"
    "http://www.w3.org/TR/xhtml1/DTD/xhtml1-transitional.dtd">
<html xmlns="http://www.w3.org/1999/xhtml" xml:lang="en" lang="en">
 <head>
  <title>
</title>
<meta http-equiv="Content-Type" content="text/html;charset=utf-8" />
  <meta name='ocr-system' content='tesseract 3.04.00' />
  <meta name='ocr-capabilities' content='ocr_page ocr_carea ocr_par ocr_line ocrx_word'/>
</head>
<body>
  <div class='ocr_page' id='page_1' title='image "./fontesrerumgerm01hubegoog_0256.png"; bbox 0 0 2882 4818; ppageno 0'>
   <div class='ocr_carea' id='block_1_1' title="bbox 335 256 1159 334">
    <p class='ocr_par' dir='ltr' id='par_1_1' title="bbox 335 256 1159 334">
     <span class='ocr_line' id='line_1_1' title="bbox 335 256 1159 334; baseline 0.005 -17"><span class='ocrx_word' id='word_1_1' title='bbox 335 259 503 320; x_wconf 70' lang='lat' dir='ltr'><strong>namnids</strong></span> <span class='ocrx_word' id='word_1_2' title='bbox 522 257 860 320; x_wconf 77' lang='lat' dir='ltr'><strong>NUEWENBURGENSlS.</strong></span> <span class='ocrx_word' id='word_1_3' title='bbox 1088 256 1159 334; x_wconf 77' lang='lat'><strong>179</strong></span> 
     </span>
    </p>
   </div>
   <div class='ocr_carea' id='block_1_2' title="bbox 53 431 1165 4139">
    <p class='ocr_par' dir='ltr' id='par_1_2' title="bbox 56 431 1163 1796">
     <span class='ocr_line' id='line_1_2' title="bbox 61 431 1161 526; baseline 0 -24"><span class='ocrx_word' id='word_1_4' title='bbox 61 454 120 502; x_wconf 83' lang='lat' dir='ltr'><strong>mn</strong></span> <span class='ocrx_word' id='word_1_5' title='bbox 133 453 217 506; x_wconf 74' lang='lat' dir='ltr'><strong>rnen</strong></span> <span class='ocrx_word' id='word_1_6' title='bbox 234 435 416 508; x_wconf 64' lang='lat' dir='ltr'><strong>mutar</strong></span> <span class='ocrx_word' id='word_1_7' title='bbox 432 455 541 526; x_wconf 73' lang='lat' dir='ltr'><strong>renem</strong></span> <span class='ocrx_word' id='word_1_8' title='bbox 557 455 633 508; x_wconf 77' lang='lat' dir='ltr'><strong>reto</strong></span> <span class='ocrx_word' id='word_1_9' title='bbox 649 439 714 508; x_wconf 81' lang='lat' dir='ltr'><strong>lese</strong></span> <span class='ocrx_word' id='word_1_10' title='bbox 730 437 909 506; x_wconf 73' lang='lat' dir='ltr'><strong>notamur</strong></span> <span class='ocrx_word' id='word_1_11' title='bbox 930 433 1051 518; x_wconf 69' lang='lat' dir='ltr'><strong>suaset.</strong></span> <span class='ocrx_word' id='word_1_12' title='bbox 1093 431 1161 504; x_wconf 87' lang='lat' dir='ltr'><strong>Sed</strong></span> 
     </span>
     <span class='ocr_line' id='line_1_3' title="bbox 63 532 1161 628; baseline 0 -28"><span class='ocrx_word' id='word_1_13' title='bbox 63 554 96 600; x_wconf 83' lang='lat' dir='ltr'><strong>en</strong></span> <span class='ocrx_word' id='word_1_14' title='bbox 109 553 163 624; x_wconf 91' lang='lat' dir='ltr'><strong>quo</strong></span> <span class='ocrx_word' id='word_1_15' title='bbox 179 535 239 626; x_wconf 83' lang='lat' dir='ltr'><strong>ipsi</strong></span> <span class='ocrx_word' id='word_1_16' title='bbox 256 537 426 608; x_wconf 76' lang='lat' dir='ltr'><strong>occisores</strong></span> <span class='ocrx_word' id='word_1_17' title='bbox 443 533 574 606; x_wconf 89' lang='lat' dir='ltr'><strong>inerunt</strong></span> <span class='ocrx_word' id='word_1_18' title='bbox 591 555 651 628; x_wconf 86' lang='lat' dir='ltr'><strong>per</strong></span> <span class='ocrx_word' id='word_1_19' title='bbox 668 535 869 606; x_wconf 73' lang='lat' dir='ltr'><strong>sentenciam</strong></span> <span class='ocrx_word' id='word_1_20' title='bbox 886 532 1029 603; x_wconf 90' lang='lat' dir='ltr'><strong>Heinriei</strong></span> <span class='ocrx_word' id='word_1_21' title='bbox 1050 533 1161 624; x_wconf 89' lang='lat' dir='ltr'><strong>impe-</strong></span> 
     </span>
     <span class='ocr_line' id='line_1_4' title="bbox 60 630 1163 726; baseline 0.001 -27"><span class='ocrx_word' id='word_1_22' title='bbox 60 632 152 700; x_wconf 84' lang='lat' dir='ltr'><strong>ratoris</strong></span> <span class='ocrx_word' id='word_1_23' title='bbox 164 630 339 726; x_wconf 59' lang='lat' dir='ltr'><strong>dampnati„</strong></span> <span class='ocrx_word' id='word_1_24' title='bbox 357 635 595 704; x_wconf 86' lang='lat' dir='ltr'><strong>sentenciamm</strong></span> <span class='ocrx_word' id='word_1_25' title='bbox 612 631 685 704; x_wconf 84' lang='lat' dir='ltr'><strong>luit:</strong></span> <span class='ocrx_word' id='word_1_26' title='bbox 703 633 795 704; x_wconf 79' lang='lat' dir='ltr'><strong>auu</strong></span> <span class='ocrx_word' id='word_1_27' title='bbox 812 633 883 700; x_wconf 86' lang='lat' dir='ltr'><strong>alto</strong></span> <span class='ocrx_word' id='word_1_28' title='bbox 899 632 1064 702; x_wconf 76' lang='lat' dir='ltr'><strong><em>sentencia</em></strong></span> <span class='ocrx_word' id='word_1_29' title='bbox 1080 649 1163 718; x_wconf 76' lang='lat' dir='ltr'><strong>opus</strong></span> 
     </span>
     <span class='ocr_line' id='line_1_5' title="bbox 60 725 1161 822; baseline 0.004 -28"><span class='ocrx_word' id='word_1_30' title='bbox 60 745 119 796; x_wconf 77' lang='lat' dir='ltr'><strong>rue.</strong></span> <span class='ocrx_word' id='word_1_31' title='bbox 161 728 282 822; x_wconf 88' lang='lat' dir='ltr'><strong>Sicque</strong></span> <span class='ocrx_word' id='word_1_32' title='bbox 305 731 427 821; x_wconf 90' lang='lat' dir='ltr'><strong>ligatus</strong></span> <span class='ocrx_word' id='word_1_33' title='bbox 451 729 493 800; x_wconf 91' lang='lat' dir='ltr'><strong>ad</strong></span> <span class='ocrx_word' id='word_1_34' title='bbox 516 730 654 802; x_wconf 84' lang='lat' dir='ltr'><strong>oeurdam</strong></span> <span class='ocrx_word' id='word_1_35' title='bbox 678 731 752 822; x_wconf 90' lang='lat' dir='ltr'><strong>equi</strong></span> <span class='ocrx_word' id='word_1_36' title='bbox 776 738 965 822; x_wconf 89' lang='lat' dir='ltr'><strong>tractusque</strong></span> <span class='ocrx_word' id='word_1_37' title='bbox 989 725 1030 798; x_wconf 92' lang='lat' dir='ltr'><strong>ad</strong></span> <span class='ocrx_word' id='word_1_38' title='bbox 1052 728 1161 799; x_wconf 90' lang='lat' dir='ltr'><strong>locum</strong></span> 
     </span>
     <span class='ocr_line' id='line_1_6' title="bbox 60 825 1160 922; baseline 0.002 -30"><span class='ocrx_word' id='word_1_39' title='bbox 60 825 193 917; x_wconf 62' lang='lat' dir='ltr'><strong>supplicii,</strong></span> <span class='ocrx_word' id='word_1_40' title='bbox 216 826 328 898; x_wconf 82' lang='lat' dir='ltr'><strong>fractis</strong></span> <span class='ocrx_word' id='word_1_41' title='bbox 349 827 449 900; x_wconf 90' lang='lat' dir='ltr'><strong>dorso</strong></span> <span class='ocrx_word' id='word_1_42' title='bbox 466 839 501 899; x_wconf 86' lang='lat' dir='ltr'><strong>et</strong></span> <span class='ocrx_word' id='word_1_43' title='bbox 520 825 689 916; x_wconf 67' lang='lat' dir='ltr'><strong>membris,</strong></span> <span class='ocrx_word' id='word_1_44' title='bbox 713 827 821 898; x_wconf 84' lang='lat' dir='ltr'><strong>llexus</strong></span> <span class='ocrx_word' id='word_1_45' title='bbox 846 836 897 898; x_wconf 91' lang='lat' dir='ltr'><strong>est</strong></span> <span class='ocrx_word' id='word_1_46' title='bbox 920 847 1021 922; x_wconf 87' lang='lat' dir='ltr'><strong>super</strong></span> <span class='ocrx_word' id='word_1_47' title='bbox 1045 833 1160 896; x_wconf 91' lang='lat' dir='ltr'><strong>rotem.</strong></span> 
     </span>
     <span class='ocr_line' id='line_1_7' title="bbox 59 919 1161 1013; baseline 0.002 -24"><span class='ocrx_word' id='word_1_48' title='bbox 59 919 138 994; x_wconf 88' lang='lat' dir='ltr'><strong>Cuius</strong></span> <span class='ocrx_word' id='word_1_49' title='bbox 155 945 236 996; x_wconf 73' lang='lat' dir='ltr'><strong>uuor</strong></span> <span class='ocrx_word' id='word_1_50' title='bbox 254 924 296 995; x_wconf 89' lang='lat' dir='ltr'><strong>de</strong></span> <span class='ocrx_word' id='word_1_51' title='bbox 314 925 425 998; x_wconf 88' lang='lat' dir='ltr'><strong>Palma</strong></span> <span class='ocrx_word' id='word_1_52' title='bbox 443 935 540 997; x_wconf 87' lang='lat' dir='ltr'><strong>nocte</strong></span> <span class='ocrx_word' id='word_1_53' title='bbox 557 928 712 1013; x_wconf 64' lang='lat' dir='ltr'><strong>veniens,</strong></span> <span class='ocrx_word' id='word_1_54' title='bbox 736 922 796 996; x_wconf 87' lang='lat' dir='ltr'><strong>sub</strong></span> <span class='ocrx_word' id='word_1_55' title='bbox 814 933 885 996; x_wconf 89' lang='lat' dir='ltr'><strong>rota</strong></span> <span class='ocrx_word' id='word_1_56' title='bbox 903 933 1003 996; x_wconf 87' lang='lat' dir='ltr'><strong>stratu</strong></span> <span class='ocrx_word' id='word_1_57' title='bbox 1020 925 1054 994; x_wconf 97' lang='lat' dir='ltr'><strong>in</strong></span> <span class='ocrx_word' id='word_1_58' title='bbox 1074 931 1161 992; x_wconf 90' lang='lat' dir='ltr'><strong>terra</strong></span> 
     </span>
     <span class='ocr_line' id='line_1_8' title="bbox 59 1018 1162 1116; baseline 0 -28"><span class='ocrx_word' id='word_1_59' title='bbox 59 1018 222 1094; x_wconf 91' lang='lat' dir='ltr'><strong>admodum</strong></span> <span class='ocrx_word' id='word_1_60' title='bbox 240 1021 401 1111; x_wconf 64' lang='lat' dir='ltr'><strong>suctim„</strong></span> <span class='ocrx_word' id='word_1_61' title='bbox 421 1025 454 1094; x_wconf 94' lang='lat' dir='ltr'><strong>in</strong></span> <span class='ocrx_word' id='word_1_62' title='bbox 471 1024 626 1094; x_wconf 89' lang='lat' dir='ltr'><strong>oracione</strong></span> <span class='ocrx_word' id='word_1_63' title='bbox 644 1025 832 1116; x_wconf 77' lang='lat' dir='ltr'><strong>permansit.</strong></span> <span class='ocrx_word' id='word_1_64' title='bbox 875 1019 934 1092; x_wconf 89' lang='lat' dir='ltr'><strong>lllc</strong></span> <span class='ocrx_word' id='word_1_65' title='bbox 952 1041 1037 1093; x_wconf 88' lang='lat' dir='ltr'><strong>vero</strong></span> <span class='ocrx_word' id='word_1_66' title='bbox 1053 1023 1162 1091; x_wconf 89' lang='lat' dir='ltr'><strong>inter-</strong></span> 
     </span>
     <span class='ocr_line' id='line_1_9' title="bbox 58 1117 1161 1212; baseline 0.002 -28"><span class='ocrx_word' id='word_1_67' title='bbox 58 1129 184 1206; x_wconf 83' lang='lat' dir='ltr'><strong>rogatus:</strong></span> <span class='ocrx_word' id='word_1_68' title='bbox 200 1123 231 1190; x_wconf 81' lang='lat' dir='ltr'><strong>si</strong></span> <span class='ocrx_word' id='word_1_69' title='bbox 246 1139 342 1190; x_wconf 82' lang='lat' dir='ltr'><strong>suam</strong></span> <span class='ocrx_word' id='word_1_70' title='bbox 358 1124 453 1192; x_wconf 79' lang='lat' dir='ltr'><strong>mitet</strong></span> <span class='ocrx_word' id='word_1_71' title='bbox 467 1139 604 1194; x_wconf 66' lang='lat' dir='ltr'><strong>acorem</strong></span> <span class='ocrx_word' id='word_1_72' title='bbox 620 1121 759 1192; x_wconf 76' lang='lat' dir='ltr'><strong>adesse?</strong></span> <span class='ocrx_word' id='word_1_73' title='bbox 779 1117 964 1212; x_wconf 87' lang='lat' dir='ltr'><strong>respondit:</strong></span> <span class='ocrx_word' id='word_1_74' title='bbox 982 1121 1072 1206; x_wconf 82' lang='lat' dir='ltr'><strong>quod</strong></span> <span class='ocrx_word' id='word_1_75' title='bbox 1087 1137 1161 1206; x_wconf 73' lang='lat' dir='ltr'><strong>aare,</strong></span> 
     </span>
     <span class='ocr_line' id='line_1_10' title="bbox 57 1219 1162 1306; baseline 0.002 -24"><span class='ocrx_word' id='word_1_76' title='bbox 57 1219 118 1300; x_wconf 82' lang='lat' dir='ltr'><strong>qnia</strong></span> <span class='ocrx_word' id='word_1_77' title='bbox 128 1221 203 1306; x_wconf 74' lang='lat' dir='ltr'><strong>pori</strong></span> <span class='ocrx_word' id='word_1_78' title='bbox 218 1221 318 1288; x_wconf 85' lang='lat' dir='ltr'><strong>modo</strong></span> <span class='ocrx_word' id='word_1_79' title='bbox 335 1222 370 1288; x_wconf 85' lang='lat' dir='ltr'><strong>ia</strong></span> <span class='ocrx_word' id='word_1_80' title='bbox 386 1222 503 1290; x_wconf 70' lang='lat' dir='ltr'><strong>weris</strong></span> <span class='ocrx_word' id='word_1_81' title='bbox 519 1222 753 1306; x_wconf 81' lang='lat' dir='ltr'><strong>compassione,</strong></span> <span class='ocrx_word' id='word_1_82' title='bbox 780 1221 866 1288; x_wconf 83' lang='lat' dir='ltr'><strong>sicut</strong></span> <span class='ocrx_word' id='word_1_83' title='bbox 880 1221 916 1288; x_wconf 82' lang='lat' dir='ltr'><strong>in</strong></span> <span class='ocrx_word' id='word_1_84' title='bbox 935 1219 1078 1306; x_wconf 81' lang='lat' dir='ltr'><strong>propria</strong></span> <span class='ocrx_word' id='word_1_85' title='bbox 1091 1235 1162 1303; x_wconf 82' lang='lat' dir='ltr'><strong>pa-</strong></span> 
     </span>
     <span class='ocr_line' id='line_1_11' title="bbox 57 1308 1162 1402; baseline 0.006 -25"><span class='ocrx_word' id='word_1_86' title='bbox 57 1320 160 1384; x_wconf 81' lang='lat' dir='ltr'><strong>teretur.</strong></span> <span class='ocrx_word' id='word_1_87' title='bbox 199 1316 274 1402; x_wconf 83' lang='lat' dir='ltr'><strong>Que</strong></span> <span class='ocrx_word' id='word_1_88' title='bbox 297 1308 535 1388; x_wconf 83' lang='lat' dir='ltr'><strong>relieta&#39;multis</strong></span> <span class='ocrx_word' id='word_1_89' title='bbox 554 1317 649 1388; x_wconf 89' lang='lat' dir='ltr'><strong>annis</strong></span> <span class='ocrx_word' id='word_1_90' title='bbox 665 1314 798 1386; x_wconf 91' lang='lat' dir='ltr'><strong>Basilee</strong></span> <span class='ocrx_word' id='word_1_91' title='bbox 821 1311 1043 1386; x_wconf 71' lang='lat' dir='ltr'><strong>beatissimam</strong></span> <span class='ocrx_word' id='word_1_92' title='bbox 1061 1315 1162 1384; x_wconf 88' lang='lat' dir='ltr'><strong>vitam</strong></span> 
     </span>
     <span class='ocr_line' id='line_1_12' title="bbox 57 1407 1162 1502; baseline 0.004 -26"><span class='ocrx_word' id='word_1_93' title='bbox 57 1407 135 1481; x_wconf 81' lang='lat' dir='ltr'><strong>danii.</strong></span> <span class='ocrx_word' id='word_1_94' title='bbox 164 1409 330 1500; x_wconf 87' lang='lat' dir='ltr'><strong>lohannes</strong></span> <span class='ocrx_word' id='word_1_95' title='bbox 341 1433 424 1486; x_wconf 88' lang='lat' dir='ltr'><strong>vero</strong></span> <span class='ocrx_word' id='word_1_96' title='bbox 435 1411 515 1502; x_wconf 58' lang='lat' dir='ltr'><strong>dus,</strong></span> <span class='ocrx_word' id='word_1_97' title='bbox 578 1423 607 1484; x_wconf 93' lang='lat' dir='ltr'><strong>st</strong></span> <span class='ocrx_word' id='word_1_98' title='bbox 624 1413 742 1486; x_wconf 86' lang='lat' dir='ltr'><strong>multas</strong></span> <span class='ocrx_word' id='word_1_99' title='bbox 757 1411 1013 1501; x_wconf 69' lang='lat' dir='ltr'><strong>conductores,</strong></span> <span class='ocrx_word' id='word_1_100' title='bbox 1031 1407 1162 1481; x_wconf 88' lang='lat' dir='ltr'><strong>tandem</strong></span> 
     </span>
     <span class='ocr_line' id='line_1_13' title="bbox 57 1505 1163 1605; baseline 0.005 -33"><span class='ocrx_word' id='word_1_101' title='bbox 57 1505 80 1574; x_wconf 91' lang='lat' dir='ltr'><strong>ia</strong></span> <span class='ocrx_word' id='word_1_102' title='bbox 93 1506 185 1580; x_wconf 91' lang='lat' dir='ltr'><strong>iorma</strong></span> <span class='ocrx_word' id='word_1_103' title='bbox 201 1507 364 1602; x_wconf 89' lang='lat' dir='ltr'><strong>begbardi</strong></span> <span class='ocrx_word' id='word_1_104' title='bbox 382 1513 523 1582; x_wconf 91' lang='lat' dir='ltr'><strong>veniens</strong></span> <span class='ocrx_word' id='word_1_105' title='bbox 561 1513 640 1600; x_wconf 70' lang='lat' dir='ltr'><strong>sas,</strong></span> <span class='ocrx_word' id='word_1_106' title='bbox 662 1507 702 1580; x_wconf 89' lang='lat' dir='ltr'><strong>ab</strong></span> <span class='ocrx_word' id='word_1_107' title='bbox 713 1511 910 1605; x_wconf 89' lang='lat' dir='ltr'><strong>imperatore</strong></span> <span class='ocrx_word' id='word_1_108' title='bbox 921 1507 1075 1581; x_wconf 88' lang='lat' dir='ltr'><strong>Heinrioo</strong></span> <span class='ocrx_word' id='word_1_109' title='bbox 1087 1507 1163 1579; x_wconf 92' lang='lat' dir='ltr'><strong>inibi</strong></span> 
     </span>
     <span class='ocr_line' id='line_1_14' title="bbox 57 1606 1161 1702; baseline 0.004 -30"><span class='ocrx_word' id='word_1_110' title='bbox 57 1616 167 1697; x_wconf 76' lang='lat' dir='ltr'><strong>aptus,</strong></span> <span class='ocrx_word' id='word_1_111' title='bbox 193 1617 228 1679; x_wconf 88' lang='lat' dir='ltr'><strong>et</strong></span> <span class='ocrx_word' id='word_1_112' title='bbox 255 1617 330 1701; x_wconf 87' lang='lat' dir='ltr'><strong>post</strong></span> <span class='ocrx_word' id='word_1_113' title='bbox 356 1609 562 1702; x_wconf 90' lang='lat' dir='ltr'><strong>imperatoris</strong></span> <span class='ocrx_word' id='word_1_114' title='bbox 591 1616 727 1679; x_wconf 92' lang='lat' dir='ltr'><strong>mortem</strong></span> <span class='ocrx_word' id='word_1_115' title='bbox 750 1606 896 1702; x_wconf 90' lang='lat' dir='ltr'><strong>pluribus</strong></span> <span class='ocrx_word' id='word_1_116' title='bbox 921 1609 1015 1680; x_wconf 89' lang='lat' dir='ltr'><strong>annis</strong></span> <span class='ocrx_word' id='word_1_117' title='bbox 1040 1616 1161 1696; x_wconf 70' lang='lat' dir='ltr'><strong>tentus,</strong></span> 
     </span>
     <span class='ocr_line' id='line_1_15' title="bbox 56 1699 1030 1796; baseline 0.007 -29"><span class='ocrx_word' id='word_1_118' title='bbox 56 1701 164 1774; x_wconf 88' lang='lat' dir='ltr'><strong>tandem</strong></span> <span class='ocrx_word' id='word_1_119' title='bbox 179 1703 256 1775; x_wconf 93' lang='lat' dir='ltr'><strong>inibi</strong></span> <span class='ocrx_word' id='word_1_120' title='bbox 275 1703 452 1778; x_wconf 88' lang='lat' dir='ltr'><strong>honorilice</strong></span> <span class='ocrx_word' id='word_1_121' title='bbox 470 1715 578 1778; x_wconf 90' lang='lat' dir='ltr'><strong>estse</strong></span> <span class='ocrx_word' id='word_1_122' title='bbox 601 1706 687 1779; x_wconf 81' lang='lat' dir='ltr'><strong>uultus</strong></span> <span class='ocrx_word' id='word_1_123' title='bbox 708 1699 752 1796; x_wconf 67' lang='lat' dir='ltr'><strong>[d</strong></span> <span class='ocrx_word' id='word_1_124' title='bbox 765 1704 859 1778; x_wconf 89' lang='grc'>1315</span> <span class='ocrx_word' id='word_1_125' title='bbox 871 1703 942 1776; x_wconf 90' lang='lat' dir='ltr'><strong>dec.</strong></span> <span class='ocrx_word' id='word_1_126' title='bbox 957 1703 1030 1795; x_wconf 86' lang='grc'>13].</span> 
     </span>
    </p>

    <p class='ocr_par' dir='ltr' id='par_1_3' title="bbox 53 1729 1165 4139">
     <span class='ocr_line' id='line_1_16' title="bbox 101 1729 1159 1894; baseline 0.005 -25"><span class='ocrx_word' id='word_1_127' title='bbox 101 1797 207 1875; x_wconf 89' lang='lat' dir='ltr'><strong>Occiso</strong></span> <span class='ocrx_word' id='word_1_128' title='bbox 226 1813 337 1874; x_wconf 85' lang='lat' dir='ltr'><strong>autem</strong></span> <span class='ocrx_word' id='word_1_129' title='bbox 354 1825 452 1894; x_wconf 68' lang='lat' dir='ltr'><strong>rege,</strong></span> <span class='ocrx_word' id='word_1_130' title='bbox 469 1827 544 1875; x_wconf 89' lang='lat' dir='ltr'><strong>cum</strong></span> <span class='ocrx_word' id='word_1_131' title='bbox 561 1729 691 1876; x_wconf 76' lang='lat' dir='ltr'><strong>obsessi</strong></span> <span class='ocrx_word' id='word_1_132' title='bbox 709 1807 742 1874; x_wconf 93' lang='lat' dir='ltr'><strong>in</strong></span> <span class='ocrx_word' id='word_1_133' title='bbox 760 1801 988 1876; x_wconf 81' lang='lat' dir='ltr'><strong>Furstenstein</strong></span> <span class='ocrx_word' id='word_1_134' title='bbox 1006 1825 1044 1874; x_wconf 90' lang='lat' dir='ltr'><strong>se</strong></span> <span class='ocrx_word' id='word_1_135' title='bbox 1062 1824 1159 1874; x_wconf 89' lang='lat' dir='ltr'><strong>mane</strong></span> 
     </span>
     <span class='ocr_line' id='line_1_17' title="bbox 55 1896 1162 1994; baseline 0.006 -29"><span class='ocrx_word' id='word_1_136' title='bbox 55 1896 215 1971; x_wconf 79' lang='lat' dir='ltr'><strong>misissem</strong></span> <span class='ocrx_word' id='word_1_137' title='bbox 239 1909 353 1994; x_wconf 90' lang='lat' dir='ltr'><strong>captos</strong></span> <span class='ocrx_word' id='word_1_138' title='bbox 377 1899 524 1992; x_wconf 70' lang='lat' dir='ltr'><strong>dedisse,</strong></span> <span class='ocrx_word' id='word_1_139' title='bbox 547 1903 580 1972; x_wconf 95' lang='lat' dir='ltr'><strong>in</strong></span> <span class='ocrx_word' id='word_1_140' title='bbox 598 1901 793 1994; x_wconf 88' lang='lat' dir='ltr'><strong>crepusculo</strong></span> <span class='ocrx_word' id='word_1_141' title='bbox 811 1904 950 1972; x_wconf 88' lang='lat' dir='ltr'><strong>nuncius</strong></span> <span class='ocrx_word' id='word_1_142' title='bbox 968 1903 1111 1974; x_wconf 78' lang='lat' dir='ltr'><strong>veniens</strong></span> <span class='ocrx_word' id='word_1_143' title='bbox 1129 1903 1162 1972; x_wconf 94' lang='lat' dir='ltr'><strong>in</strong></span> 
     </span>
     <span class='ocr_line' id='line_1_18' title="bbox 56 1998 1161 2088; baseline 0.008 -27"><span class='ocrx_word' id='word_1_144' title='bbox 56 1999 191 2068; x_wconf 80' lang='lat' dir='ltr'><strong>uerticem</strong></span> <span class='ocrx_word' id='word_1_145' title='bbox 202 2001 324 2070; x_wconf 90' lang='lat' dir='ltr'><strong>montis</strong></span> <span class='ocrx_word' id='word_1_146' title='bbox 335 1998 504 2070; x_wconf 89' lang='lat' dir='ltr'><strong>clamavit:</strong></span> <span class='ocrx_word' id='word_1_147' title='bbox 523 1999 661 2070; x_wconf 81' lang='lat' dir='ltr'><strong>Domino</strong></span> <span class='ocrx_word' id='word_1_148' title='bbox 672 2003 713 2069; x_wconf 85' lang='lat' dir='ltr'><strong>de</strong></span> <span class='ocrx_word' id='word_1_149' title='bbox 723 1998 876 2088; x_wconf 77' lang='lat' dir='ltr'><strong>ltaperql</strong></span> <span class='ocrx_word' id='word_1_150' title='bbox 890 2001 959 2068; x_wconf 76' lang='lat' dir='ltr'><strong>lies</strong></span> <span class='ocrx_word' id='word_1_151' title='bbox 970 2003 1161 2070; x_wconf 80' lang='lat' dir='ltr'><strong>cetocctsus.</strong></span> 
     </span>
     <span class='ocr_line' id='line_1_19' title="bbox 55 2091 1162 2191; baseline 0.007 -31"><span class='ocrx_word' id='word_1_152' title='bbox 55 2091 110 2176; x_wconf 81' lang='lat' dir='ltr'><strong>Quo</strong></span> <span class='ocrx_word' id='word_1_153' title='bbox 124 2093 227 2167; x_wconf 87' lang='lat' dir='ltr'><strong>audito</strong></span> <span class='ocrx_word' id='word_1_154' title='bbox 246 2099 426 2184; x_wconf 68' lang='lat' dir='ltr'><strong>exercitus,</strong></span> <span class='ocrx_word' id='word_1_155' title='bbox 453 2098 507 2190; x_wconf 93' lang='lat' dir='ltr'><strong>qui</strong></span> <span class='ocrx_word' id='word_1_156' title='bbox 525 2095 617 2168; x_wconf 89' lang='lat' dir='ltr'><strong>etde</strong></span> <span class='ocrx_word' id='word_1_157' title='bbox 635 2092 699 2168; x_wconf 91' lang='lat' dir='ltr'><strong>boc</strong></span> <span class='ocrx_word' id='word_1_158' title='bbox 715 2099 787 2191; x_wconf 90' lang='lat' dir='ltr'><strong>ipso</strong></span> <span class='ocrx_word' id='word_1_159' title='bbox 804 2107 881 2167; x_wconf 87' lang='lat' dir='ltr'><strong>ante</strong></span> <span class='ocrx_word' id='word_1_160' title='bbox 898 2094 1040 2166; x_wconf 91' lang='lat' dir='ltr'><strong>medium</strong></span> <span class='ocrx_word' id='word_1_161' title='bbox 1058 2100 1162 2168; x_wconf 88' lang='lat' dir='ltr'><strong>noctis</strong></span> 
     </span>
     <span class='ocr_line' id='line_1_20' title="bbox 55 2190 1162 2286; baseline 0.007 -30"><span class='ocrx_word' id='word_1_162' title='bbox 55 2193 183 2262; x_wconf 86' lang='lat' dir='ltr'><strong>nuncium</strong></span> <span class='ocrx_word' id='word_1_163' title='bbox 200 2196 378 2286; x_wconf 73' lang='lat' dir='ltr'><strong>reciperet,</strong></span> <span class='ocrx_word' id='word_1_164' title='bbox 403 2195 534 2266; x_wconf 88' lang='lat' dir='ltr'><strong>territus</strong></span> <span class='ocrx_word' id='word_1_165' title='bbox 558 2215 686 2266; x_wconf 89' lang='lat' dir='ltr'><strong>smnmo</strong></span> <span class='ocrx_word' id='word_1_166' title='bbox 710 2215 807 2264; x_wconf 89' lang='lat' dir='ltr'><strong>mane</strong></span> <span class='ocrx_word' id='word_1_167' title='bbox 831 2197 981 2264; x_wconf 82' lang='lat' dir='ltr'><strong>recessit.</strong></span> <span class='ocrx_word' id='word_1_168' title='bbox 1025 2190 1162 2266; x_wconf 86' lang='lat' dir='ltr'><strong>Obsessi</strong></span> 
     </span>
     <span class='ocr_line' id='line_1_21' title="bbox 55 2287 1162 2364; baseline 0.009 -11"><span class='ocrx_word' id='word_1_169' title='bbox 55 2297 142 2358; x_wconf 90' lang='lat' dir='ltr'><strong>autem</strong></span> <span class='ocrx_word' id='word_1_170' title='bbox 171 2294 349 2364; x_wconf 84' lang='lat' dir='ltr'><strong>venientes</strong></span> <span class='ocrx_word' id='word_1_171' title='bbox 381 2289 549 2363; x_wconf 89' lang='lat' dir='ltr'><strong>Basileam</strong></span> <span class='ocrx_word' id='word_1_172' title='bbox 581 2301 695 2363; x_wconf 85' lang='lat' dir='ltr'><strong>contra</strong></span> <span class='ocrx_word' id='word_1_173' title='bbox 720 2289 902 2363; x_wconf 87' lang='lat' dir='ltr'><strong>Monachus</strong></span> <span class='ocrx_word' id='word_1_174' title='bbox 935 2287 1162 2363; x_wconf 89' lang='lat' dir='ltr'><strong>movebantur.</strong></span> 
     </span>
     <span class='ocr_line' id='line_1_22' title="bbox 54 2383 1164 2484; baseline 0.006 -33"><span class='ocrx_word' id='word_1_175' title='bbox 54 2383 95 2453; x_wconf 83' lang='lat' dir='ltr'><strong>dc</strong></span> <span class='ocrx_word' id='word_1_176' title='bbox 108 2385 312 2461; x_wconf 77' lang='lat' dir='ltr'><strong>dissensione</strong></span> <span class='ocrx_word' id='word_1_177' title='bbox 332 2388 416 2460; x_wconf 84' lang='lat' dir='ltr'><strong>lecta</strong></span> <span class='ocrx_word' id='word_1_178' title='bbox 435 2398 468 2459; x_wconf 93' lang='lat' dir='ltr'><strong>et</strong></span> <span class='ocrx_word' id='word_1_179' title='bbox 485 2387 621 2460; x_wconf 87' lang='lat' dir='ltr'><strong>Nicolao</strong></span> <span class='ocrx_word' id='word_1_180' title='bbox 639 2386 681 2459; x_wconf 91' lang='lat' dir='ltr'><strong>ad</strong></span> <span class='ocrx_word' id='word_1_181' title='bbox 697 2386 824 2462; x_wconf 88' lang='lat' dir='ltr'><strong>Pueros</strong></span> <span class='ocrx_word' id='word_1_182' title='bbox 849 2411 909 2484; x_wconf 88' lang='lat' dir='ltr'><strong>per</strong></span> <span class='ocrx_word' id='word_1_183' title='bbox 924 2389 1056 2460; x_wconf 89' lang='lat' dir='ltr'><strong>Petrum</strong></span> <span class='ocrx_word' id='word_1_184' title='bbox 1074 2385 1164 2458; x_wconf 85' lang='lat' dir='ltr'><strong>Sca-</strong></span> 
     </span>
     <span class='ocr_line' id='line_1_23' title="bbox 55 2477 1163 2581; baseline 0.01 -34"><span class='ocrx_word' id='word_1_185' title='bbox 55 2477 109 2552; x_wconf 88' lang='lat' dir='ltr'><strong>laii</strong></span> <span class='ocrx_word' id='word_1_186' title='bbox 125 2485 309 2574; x_wconf 69' lang='lat' dir='ltr'><strong>vulnerato,</strong></span> <span class='ocrx_word' id='word_1_187' title='bbox 333 2510 373 2558; x_wconf 92' lang='lat' dir='ltr'><strong>ac</strong></span> <span class='ocrx_word' id='word_1_188' title='bbox 393 2507 527 2558; x_wconf 89' lang='lat' dir='ltr'><strong>rumore</strong></span> <span class='ocrx_word' id='word_1_189' title='bbox 549 2486 637 2558; x_wconf 89' lang='lat' dir='ltr'><strong>lacto</strong></span> <span class='ocrx_word' id='word_1_190' title='bbox 661 2489 692 2557; x_wconf 94' lang='lat' dir='ltr'><strong>in</strong></span> <span class='ocrx_word' id='word_1_191' title='bbox 718 2486 851 2581; x_wconf 71' lang='lat' dir='ltr'><strong>populo,</strong></span> <span class='ocrx_word' id='word_1_192' title='bbox 876 2483 950 2557; x_wconf 89' lang='lat' dir='ltr'><strong>Otto</strong></span> <span class='ocrx_word' id='word_1_193' title='bbox 974 2487 1163 2580; x_wconf 71' lang='lat' dir='ltr'><strong>episcopus,</strong></span> 
     </span>
     <span class='ocr_line' id='line_1_24' title="bbox 53 2579 1165 2676; baseline 0.004 -27"><span class='ocrx_word' id='word_1_194' title='bbox 53 2579 283 2670; x_wconf 80' lang='lat' dir='ltr'><strong>apprehendens</strong></span> <span class='ocrx_word' id='word_1_195' title='bbox 294 2585 465 2676; x_wconf 87' lang='lat' dir='ltr'><strong>panerium</strong></span> <span class='ocrx_word' id='word_1_196' title='bbox 477 2585 610 2674; x_wconf 60' lang='lat' dir='ltr'><strong>civium7</strong></span> <span class='ocrx_word' id='word_1_197' title='bbox 625 2586 747 2655; x_wconf 88' lang='lat' dir='ltr'><strong>curiam</strong></span> <span class='ocrx_word' id='word_1_198' title='bbox 758 2581 994 2655; x_wconf 86' lang='lat' dir='ltr'><strong>Monachornm</strong></span> <span class='ocrx_word' id='word_1_199' title='bbox 1007 2581 1049 2653; x_wconf 90' lang='lat' dir='ltr'><strong>ad</strong></span> <span class='ocrx_word' id='word_1_200' title='bbox 1060 2606 1165 2656; x_wconf 86' lang='lat' dir='ltr'><strong>sanc-</strong></span> 
     </span>
     <span class='ocr_line' id='line_1_25' title="bbox 55 2677 1163 2775; baseline 0.014 -34"><span class='ocrx_word' id='word_1_201' title='bbox 55 2683 106 2746; x_wconf 85' lang='lat' dir='ltr'><strong>tum</strong></span> <span class='ocrx_word' id='word_1_202' title='bbox 121 2677 249 2751; x_wconf 87' lang='lat' dir='ltr'><strong>Petrum</strong></span> <span class='ocrx_word' id='word_1_203' title='bbox 267 2683 419 2771; x_wconf 69' lang='lat' dir='ltr'><strong>accessit</strong></span> <span class='ocrx_word' id='word_1_204' title='bbox 444 2692 478 2752; x_wconf 84' lang='lat' dir='ltr'><strong>et</strong></span> <span class='ocrx_word' id='word_1_205' title='bbox 493 2683 669 2774; x_wconf 89' lang='lat' dir='ltr'><strong>ingressus</strong></span> <span class='ocrx_word' id='word_1_206' title='bbox 687 2683 793 2752; x_wconf 90' lang='lat' dir='ltr'><strong>omnis</strong></span> <span class='ocrx_word' id='word_1_207' title='bbox 816 2680 969 2775; x_wconf 69' lang='lat' dir='ltr'><strong>populus,</strong></span> <span class='ocrx_word' id='word_1_208' title='bbox 993 2677 1163 2756; x_wconf 88' lang='lat' dir='ltr'><strong>Monacbis</strong></span> 
     </span>
     <span class='ocr_line' id='line_1_26' title="bbox 55 2774 1163 2873; baseline 0.005 -29"><span class='ocrx_word' id='word_1_209' title='bbox 55 2781 79 2839; x_wconf 84' lang='lat' dir='ltr'><strong>a</strong></span> <span class='ocrx_word' id='word_1_210' title='bbox 94 2797 198 2848; x_wconf 85' lang='lat' dir='ltr'><strong>eorum</strong></span> <span class='ocrx_word' id='word_1_211' title='bbox 214 2774 328 2851; x_wconf 90' lang='lat' dir='ltr'><strong>liberis</strong></span> <span class='ocrx_word' id='word_1_212' title='bbox 345 2799 406 2872; x_wconf 89' lang='lat' dir='ltr'><strong>per</strong></span> <span class='ocrx_word' id='word_1_213' title='bbox 422 2800 534 2854; x_wconf 89' lang='lat' dir='ltr'><strong>muros</strong></span> <span class='ocrx_word' id='word_1_214' title='bbox 546 2788 579 2850; x_wconf 88' lang='lat' dir='ltr'><strong>et</strong></span> <span class='ocrx_word' id='word_1_215' title='bbox 590 2779 720 2852; x_wconf 89' lang='lat' dir='ltr'><strong>cloacas</strong></span> <span class='ocrx_word' id='word_1_216' title='bbox 737 2779 872 2870; x_wconf 71' lang='lat' dir='ltr'><strong>fugatis,</strong></span> <span class='ocrx_word' id='word_1_217' title='bbox 890 2779 997 2848; x_wconf 93' lang='lat' dir='ltr'><strong>omnia</strong></span> <span class='ocrx_word' id='word_1_218' title='bbox 1013 2781 1163 2873; x_wconf 86' lang='lat' dir='ltr'><strong>preciosa</strong></span> 
     </span>
     <span class='ocr_line' id='line_1_27' title="bbox 55 2866 1164 2972; baseline 0.01 -36"><span class='ocrx_word' id='word_1_219' title='bbox 55 2866 151 2944; x_wconf 91' lang='lat' dir='ltr'><strong>domus</strong></span> <span class='ocrx_word' id='word_1_220' title='bbox 162 2875 295 2966; x_wconf 68' lang='lat' dir='ltr'><strong>tollens,</strong></span> <span class='ocrx_word' id='word_1_221' title='bbox 313 2878 544 2970; x_wconf 85' lang='lat' dir='ltr'><strong>quinquaginta</strong></span> <span class='ocrx_word' id='word_1_222' title='bbox 556 2875 700 2970; x_wconf 86' lang='lat' dir='ltr'><strong>plaustra</strong></span> <span class='ocrx_word' id='word_1_223' title='bbox 712 2879 780 2948; x_wconf 88' lang='lat' dir='ltr'><strong>vini</strong></span> <span class='ocrx_word' id='word_1_224' title='bbox 791 2875 976 2966; x_wconf 63' lang='lat' dir='ltr'><strong>effundens,</strong></span> <span class='ocrx_word' id='word_1_225' title='bbox 988 2897 1053 2947; x_wconf 92' lang='lat' dir='ltr'><strong>non</strong></span> <span class='ocrx_word' id='word_1_226' title='bbox 1065 2880 1164 2972; x_wconf 88' lang='lat' dir='ltr'><strong>qnie-</strong></span> 
     </span>
     <span class='ocr_line' id='line_1_28' title="bbox 55 2968 1165 3067; baseline 0.004 -25"><span class='ocrx_word' id='word_1_227' title='bbox 55 2968 101 3056; x_wconf 65' lang='lat' dir='ltr'><strong>u&#39;t,</strong></span> <span class='ocrx_word' id='word_1_228' title='bbox 116 2991 282 3067; x_wconf 80' lang='lat' dir='ltr'><strong>quousque</strong></span> <span class='ocrx_word' id='word_1_229' title='bbox 299 2976 407 3044; x_wconf 90' lang='lat' dir='ltr'><strong>omnia</strong></span> <span class='ocrx_word' id='word_1_230' title='bbox 426 2983 502 3046; x_wconf 92' lang='lat' dir='ltr'><strong>sunt</strong></span> <span class='ocrx_word' id='word_1_231' title='bbox 518 2973 693 3046; x_wconf 90' lang='lat' dir='ltr'><strong>destructa.</strong></span> <span class='ocrx_word' id='word_1_232' title='bbox 725 2971 927 3066; x_wconf 86' lang='lat' dir='ltr'><strong>Congregati</strong></span> <span class='ocrx_word' id='word_1_233' title='bbox 945 2983 1055 3044; x_wconf 88' lang='lat' dir='ltr'><strong>autem</strong></span> <span class='ocrx_word' id='word_1_234' title='bbox 1073 2975 1165 3046; x_wconf 86' lang='lat' dir='ltr'><strong>multi</strong></span> 
     </span>
     <span class='ocr_line' id='line_1_29' title="bbox 54 3067 1163 3164; baseline 0.011 -35"><span class='ocrx_word' id='word_1_235' title='bbox 54 3067 209 3142; x_wconf 85' lang='lat' dir='ltr'><strong>annioomm</strong></span> <span class='ocrx_word' id='word_1_236' title='bbox 227 3092 329 3164; x_wconf 88' lang='lat' dir='ltr'><strong>super</strong></span> <span class='ocrx_word' id='word_1_237' title='bbox 346 3082 453 3143; x_wconf 86' lang='lat' dir='ltr'><strong>castro</strong></span> <span class='ocrx_word' id='word_1_238' title='bbox 471 3071 669 3160; x_wconf 61' lang='lat' dir='ltr'><strong>Basiliense</strong></span> <span class='ocrx_word' id='word_1_239' title='bbox 690 3068 934 3144; x_wconf 82' lang='lat' dir='ltr'><strong>descendentes</strong></span> <span class='ocrx_word' id='word_1_240' title='bbox 952 3073 1059 3142; x_wconf 89' lang='lat' dir='ltr'><strong>animo</strong></span> <span class='ocrx_word' id='word_1_241' title='bbox 1078 3070 1163 3143; x_wconf 90' lang='lat' dir='ltr'><strong>sub·</strong></span> 
     </span>
     <span class='ocr_line' id='line_1_30' title="bbox 54 3165 1162 3262; baseline 0.013 -36"><span class='ocrx_word' id='word_1_242' title='bbox 54 3165 184 3236; x_wconf 79' lang='lat' dir='ltr'><strong>veniendi</strong></span> <span class='ocrx_word' id='word_1_243' title='bbox 202 3167 280 3257; x_wconf 75' lang='lat' dir='ltr'><strong>illis,</strong></span> <span class='ocrx_word' id='word_1_244' title='bbox 297 3165 401 3260; x_wconf 78' lang='lat' dir='ltr'><strong>fugati</strong></span> <span class='ocrx_word' id='word_1_245' title='bbox 419 3192 438 3238; x_wconf 91' lang='lat' dir='ltr'><strong>a</strong></span> <span class='ocrx_word' id='word_1_246' title='bbox 456 3165 553 3262; x_wconf 90' lang='lat' dir='ltr'><strong>plebe</strong></span> <span class='ocrx_word' id='word_1_247' title='bbox 570 3169 780 3262; x_wconf 85' lang='lat' dir='ltr'><strong>ingressique</strong></span> <span class='ocrx_word' id='word_1_248' title='bbox 798 3167 930 3239; x_wconf 91' lang='lat' dir='ltr'><strong>domum</strong></span> <span class='ocrx_word' id='word_1_249' title='bbox 945 3165 1052 3238; x_wconf 88' lang='lat' dir='ltr'><strong>Rubei</strong></span> <span class='ocrx_word' id='word_1_250' title='bbox 1070 3166 1162 3240; x_wconf 87' lang='lat' dir='ltr'><strong>Leo-</strong></span> 
     </span>
     <span class='ocr_line' id='line_1_31' title="bbox 54 3258 1162 3359; baseline 0.006 -29"><span class='ocrx_word' id='word_1_251' title='bbox 54 3258 103 3347; x_wconf 59' lang='lat' dir='ltr'><strong>uis7</strong></span> <span class='ocrx_word' id='word_1_252' title='bbox 118 3263 309 3358; x_wconf 79' lang='lat' dir='ltr'><strong>insequente</strong></span> <span class='ocrx_word' id='word_1_253' title='bbox 326 3263 423 3359; x_wconf 89' lang='lat' dir='ltr'><strong>plebe</strong></span> <span class='ocrx_word' id='word_1_254' title='bbox 439 3287 500 3359; x_wconf 89' lang='lat' dir='ltr'><strong>per</strong></span> <span class='ocrx_word' id='word_1_255' title='bbox 513 3273 597 3337; x_wconf 90' lang='lat' dir='ltr'><strong>tecta</strong></span> <span class='ocrx_word' id='word_1_256' title='bbox 615 3264 815 3356; x_wconf 55' lang='lat' dir='ltr'><strong>discurrere</strong></span> <span class='ocrx_word' id='word_1_257' title='bbox 833 3263 918 3336; x_wconf 89' lang='lat' dir='ltr'><strong>etde</strong></span> <span class='ocrx_word' id='word_1_258' title='bbox 929 3262 1162 3338; x_wconf 88' lang='lat' dir='ltr'><strong>teotoSteblini</strong></span> 
     </span>
     <span class='ocr_line' id='line_1_32' title="bbox 54 3353 1161 3436; baseline 0.014 -16"><span class='ocrx_word' id='word_1_259' title='bbox 54 3353 85 3422; x_wconf 89' lang='lat' dir='ltr'><strong>ad</strong></span> <span class='ocrx_word' id='word_1_260' title='bbox 101 3366 213 3432; x_wconf 87' lang='lat' dir='ltr'><strong>tectum</strong></span> <span class='ocrx_word' id='word_1_261' title='bbox 230 3360 273 3432; x_wconf 91' lang='lat' dir='ltr'><strong>ad</strong></span> <span class='ocrx_word' id='word_1_262' title='bbox 291 3359 429 3434; x_wconf 84' lang='lat' dir='ltr'><strong>Clavem</strong></span> <span class='ocrx_word' id='word_1_263' title='bbox 449 3363 532 3434; x_wconf 91' lang='lat' dir='ltr'><strong>ultra</strong></span> <span class='ocrx_word' id='word_1_264' title='bbox 556 3365 646 3434; x_wconf 84' lang='lat' dir='ltr'><strong>viam</strong></span> <span class='ocrx_word' id='word_1_265' title='bbox 669 3363 791 3436; x_wconf 88' lang='lat' dir='ltr'><strong>saltare</strong></span> <span class='ocrx_word' id='word_1_266' title='bbox 815 3365 917 3436; x_wconf 88' lang='lat' dir='ltr'><strong>coacti</strong></span> <span class='ocrx_word' id='word_1_267' title='bbox 941 3372 1025 3435; x_wconf 88' lang='lat' dir='ltr'><strong>sunt.</strong></span> <span class='ocrx_word' id='word_1_268' title='bbox 1070 3359 1161 3436; x_wconf 85' lang='lat' dir='ltr'><strong>Ces-</strong></span> 
     </span>
     <span class='ocr_line' id='line_1_33' title="bbox 55 3457 1162 3557; baseline 0.009 -34"><span class='ocrx_word' id='word_1_269' title='bbox 55 3461 141 3526; x_wconf 83' lang='lat' dir='ltr'><strong>senle¹</strong></span> <span class='ocrx_word' id='word_1_270' title='bbox 161 3468 270 3530; x_wconf 89' lang='lat' dir='ltr'><strong>autem</strong></span> <span class='ocrx_word' id='word_1_271' title='bbox 286 3457 369 3530; x_wconf 86' lang='lat' dir='ltr'><strong>furia</strong></span> <span class='ocrx_word' id='word_1_272' title='bbox 388 3460 509 3554; x_wconf 77' lang='lat' dir='ltr'><strong>populi,</strong></span> <span class='ocrx_word' id='word_1_273' title='bbox 527 3461 738 3557; x_wconf 83' lang='lat' dir='ltr'><strong>collectisque</strong></span> <span class='ocrx_word' id='word_1_274' title='bbox 756 3457 880 3533; x_wconf 85' lang='lat' dir='ltr'><strong>viribus</strong></span> <span class='ocrx_word' id='word_1_275' title='bbox 892 3458 1110 3532; x_wconf 87' lang='lat' dir='ltr'><strong>Scalariorum</strong></span> <span class='ocrx_word' id='word_1_276' title='bbox 1129 3471 1162 3534; x_wconf 91' lang='lat' dir='ltr'><strong>et</strong></span> 
     </span>
     <span class='ocr_line' id='line_1_34' title="bbox 56 3545 1160 3652; baseline 0.012 -35"><span class='ocrx_word' id='word_1_277' title='bbox 56 3545 283 3646; x_wconf 69' lang='lat' dir='ltr'><strong>didrachmam,</strong></span> <span class='ocrx_word' id='word_1_278' title='bbox 309 3557 455 3651; x_wconf 87' lang='lat' dir='ltr'><strong>predicte</strong></span> <span class='ocrx_word' id='word_1_279' title='bbox 478 3561 670 3652; x_wconf 65' lang='lat' dir='ltr'><strong>progenies7</strong></span> <span class='ocrx_word' id='word_1_280' title='bbox 694 3579 760 3631; x_wconf 90' lang='lat' dir='ltr'><strong>non</strong></span> <span class='ocrx_word' id='word_1_281' title='bbox 785 3556 989 3644; x_wconf 53' lang='lat' dir='ltr'><strong>credentesss</strong></span> <span class='ocrx_word' id='word_1_282' title='bbox 1013 3580 1052 3630; x_wconf 91' lang='lat' dir='ltr'><strong>se</strong></span> <span class='ocrx_word' id='word_1_283' title='bbox 1076 3558 1160 3630; x_wconf 87' lang='lat' dir='ltr'><strong>ultra</strong></span> 
     </span>
     <span class='ocr_line' id='line_1_35' title="bbox 55 3653 1161 3750; baseline 0.01 -35"><span class='ocrx_word' id='word_1_284' title='bbox 55 3665 183 3722; x_wconf 89' lang='lat' dir='ltr'><strong>mensem</strong></span> <span class='ocrx_word' id='word_1_285' title='bbox 201 3653 344 3746; x_wconf 70' lang='lat' dir='ltr'><strong>excludi,</strong></span> <span class='ocrx_word' id='word_1_286' title='bbox 369 3657 513 3726; x_wconf 88' lang='lat' dir='ltr'><strong>iurantes</strong></span> <span class='ocrx_word' id='word_1_287' title='bbox 538 3655 653 3747; x_wconf 84' lang='lat' dir='ltr'><strong>egredi</strong></span> <span class='ocrx_word' id='word_1_288' title='bbox 677 3678 737 3750; x_wconf 89' lang='lat' dir='ltr'><strong>per</strong></span> <span class='ocrx_word' id='word_1_289' title='bbox 756 3654 821 3727; x_wconf 93' lang='lat' dir='ltr'><strong>duo</strong></span> <span class='ocrx_word' id='word_1_290' title='bbox 839 3656 973 3728; x_wconf 88' lang='lat' dir='ltr'><strong>miliaria</strong></span> <span class='ocrx_word' id='word_1_291' title='bbox 991 3679 1009 3725; x_wconf 93' lang='lat' dir='ltr'><strong>a</strong></span> <span class='ocrx_word' id='word_1_292' title='bbox 1029 3659 1161 3728; x_wconf 89' lang='lat' dir='ltr'><strong>civitate</strong></span> 
     </span>
     <span class='ocr_line' id='line_1_36' title="bbox 55 3743 1160 3848; baseline 0.002 -28"><span class='ocrx_word' id='word_1_293' title='bbox 55 3743 84 3812; x_wconf 71' lang='lat' dir='ltr'><strong>td</strong></span> <span class='ocrx_word' id='word_1_294' title='bbox 100 3753 236 3838; x_wconf 85' lang='lat' dir='ltr'><strong>graciam</strong></span> <span class='ocrx_word' id='word_1_295' title='bbox 254 3751 438 3842; x_wconf 74' lang='lat' dir='ltr'><strong>consulum</strong></span> <span class='ocrx_word' id='word_1_296' title='bbox 463 3755 558 3825; x_wconf 83' lang='lat' dir='ltr'><strong>annis</strong></span> <span class='ocrx_word' id='word_1_297' title='bbox 583 3749 826 3848; x_wconf 90' lang='lat' dir='ltr'><strong>quatuordecim</strong></span> <span class='ocrx_word' id='word_1_298' title='bbox 849 3753 1032 3824; x_wconf 82' lang='lat' dir='ltr'><strong>exalarunt.</strong></span> <span class='ocrx_word' id='word_1_299' title='bbox 1074 3751 1160 3846; x_wconf 88' lang='lat' dir='ltr'><strong>Epi-</strong></span> 
     </span>
     <span class='ocr_line' id='line_1_37' title="bbox 56 3849 1161 3944; baseline 0.008 -32"><span class='ocrx_word' id='word_1_300' title='bbox 56 3859 155 3937; x_wconf 75' lang='lat' dir='ltr'><strong>scopus</strong></span> <span class='ocrx_word' id='word_1_301' title='bbox 178 3857 299 3938; x_wconf 59' lang='lat' dir='ltr'><strong>autem„</strong></span> <span class='ocrx_word' id='word_1_302' title='bbox 329 3851 437 3944; x_wconf 92' lang='lat' dir='ltr'><strong>quiin</strong></span> <span class='ocrx_word' id='word_1_303' title='bbox 461 3853 556 3922; x_wconf 90' lang='lat' dir='ltr'><strong>inicio</strong></span> <span class='ocrx_word' id='word_1_304' title='bbox 579 3852 754 3924; x_wconf 90' lang='lat' dir='ltr'><strong>occisionis</strong></span> <span class='ocrx_word' id='word_1_305' title='bbox 777 3851 868 3944; x_wconf 88' lang='lat' dir='ltr'><strong>regis</strong></span> <span class='ocrx_word' id='word_1_306' title='bbox 892 3849 979 3920; x_wconf 89' lang='lat' dir='ltr'><strong>bene</strong></span> <span class='ocrx_word' id='word_1_307' title='bbox 1002 3852 1161 3944; x_wconf 87' lang='lat' dir='ltr'><strong>potuisset</strong></span> 
     </span>
     <span class='ocr_line' id='line_1_38' title="bbox 56 3944 1162 4043; baseline 0.011 -35"><span class='ocrx_word' id='word_1_308' title='bbox 56 3959 141 4026; x_wconf 82' lang='lat' dir='ltr'><strong>agere</strong></span> <span class='ocrx_word' id='word_1_309' title='bbox 157 3944 240 4016; x_wconf 86' lang='lat' dir='ltr'><strong>iacta</strong></span> <span class='ocrx_word' id='word_1_310' title='bbox 259 3968 331 4035; x_wconf 65' lang='lat' dir='ltr'><strong>sua,</strong></span> <span class='ocrx_word' id='word_1_311' title='bbox 356 3955 487 4041; x_wconf 87' lang='lat' dir='ltr'><strong>recepta</strong></span> <span class='ocrx_word' id='word_1_312' title='bbox 511 3951 650 4043; x_wconf 87' lang='lat' dir='ltr'><strong>pecunia</strong></span> <span class='ocrx_word' id='word_1_313' title='bbox 674 3971 746 4019; x_wconf 90' lang='lat' dir='ltr'><strong>cum</strong></span> <span class='ocrx_word' id='word_1_314' title='bbox 771 3951 887 4039; x_wconf 88' lang='lat' dir='ltr'><strong>regina</strong></span> <span class='ocrx_word' id='word_1_315' title='bbox 906 3951 1027 4020; x_wconf 88' lang='lat' dir='ltr'><strong>eteius</strong></span> <span class='ocrx_word' id='word_1_316' title='bbox 1048 3945 1162 4020; x_wconf 87' lang='lat' dir='ltr'><strong>liberis</strong></span> 
     </span>
     <span class='ocr_line' id='line_1_39' title="bbox 56 4040 1160 4139; baseline 0.011 -35"><span class='ocrx_word' id='word_1_317' title='bbox 56 4040 253 4116; x_wconf 82' lang='lat' dir='ltr'><strong>concordavit</strong></span> <span class='ocrx_word' id='word_1_318' title='bbox 280 4043 477 4118; x_wconf 85' lang='lat' dir='ltr'><strong>Ortaeutem</strong></span> <span class='ocrx_word' id='word_1_319' title='bbox 488 4045 698 4122; x_wconf 89' lang='lat' dir='ltr'><strong>discensione</strong></span> <span class='ocrx_word' id='word_1_320' title='bbox 708 4049 792 4119; x_wconf 89' lang='lat' dir='ltr'><strong>inter</strong></span> <span class='ocrx_word' id='word_1_321' title='bbox 802 4047 992 4139; x_wconf 90' lang='lat' dir='ltr'><strong>episcopum</strong></span> <span class='ocrx_word' id='word_1_322' title='bbox 1003 4055 1036 4116; x_wconf 89' lang='lat' dir='ltr'><strong>et</strong></span> <span class='ocrx_word' id='word_1_323' title='bbox 1045 4043 1160 4116; x_wconf 85' lang='lat' dir='ltr'><strong>&#39;dheo-</strong></span> 
     </span>
    </p>
   </div>
   <div class='ocr_carea' id='block_1_3' title="bbox 58 4183 1160 4320">
    <p class='ocr_par' dir='ltr' id='par_1_4' title="bbox 58 4183 1160 4320">
     <span class='ocr_line' id='line_1_40' title="bbox 99 4183 1160 4264; baseline 0.009 -24"><span class='ocrx_word' id='word_1_324' title='bbox 99 4183 125 4252; x_wconf 83' lang='lat' dir='ltr'><strong>l)</strong></span> <span class='ocrx_word' id='word_1_325' title='bbox 140 4189 171 4244; x_wconf 83' lang='lat' dir='ltr'><strong>ad</strong></span> <span class='ocrx_word' id='word_1_326' title='bbox 188 4197 284 4248; x_wconf 84' lang='lat' dir='ltr'><strong>tectum</strong></span> <span class='ocrx_word' id='word_1_327' title='bbox 305 4223 335 4232; x_wconf 90' lang='grc'><strong>-</strong></span> <span class='ocrx_word' id='word_1_328' title='bbox 357 4200 478 4250; x_wconf 84' lang='lat' dir='ltr'><strong>cessante</strong></span> <span class='ocrx_word' id='word_1_329' title='bbox 498 4211 545 4250; x_wconf 87' lang='lat' dir='ltr'><strong>aus</strong></span> <span class='ocrx_word' id='word_1_330' title='bbox 566 4193 607 4264; x_wconf 69' lang='grc'><strong>1.,</strong></span> <span class='ocrx_word' id='word_1_331' title='bbox 633 4195 665 4250; x_wconf 92' lang='lat' dir='ltr'><strong>da</strong></span> <span class='ocrx_word' id='word_1_332' title='bbox 686 4193 712 4249; x_wconf 95' lang='lat' dir='ltr'><strong>in</strong></span> <span class='ocrx_word' id='word_1_333' title='bbox 732 4195 759 4250; x_wconf 88' lang='lat' dir='ltr'><strong>B.</strong></span> <span class='ocrx_word' id='word_1_334' title='bbox 781 4191 840 4249; x_wconf 89' lang='lat' dir='ltr'><strong>eine</strong></span> <span class='ocrx_word' id='word_1_335' title='bbox 859 4190 925 4248; x_wconf 81' lang='lat' dir='ltr'><strong>roilo</strong></span> <span class='ocrx_word' id='word_1_336' title='bbox 945 4191 1018 4248; x_wconf 78' lang='lat' dir='ltr'><strong>debit.</strong></span> <span class='ocrx_word' id='word_1_337' title='bbox 1055 4193 1086 4262; x_wconf 81' lang='lat'><strong>2)</strong></span> <span class='ocrx_word' id='word_1_338' title='bbox 1106 4211 1160 4252; x_wconf 92' lang='lat' dir='ltr'><strong>non</strong></span> 
     </span>
     <span class='ocr_line' id='line_1_41' title="bbox 58 4257 292 4320; baseline 0.051 -11"><span class='ocrx_word' id='word_1_339' title='bbox 58 4257 176 4316; x_wconf 75' lang='lat' dir='ltr'><strong>cederes</strong></span> <span class='ocrx_word' id='word_1_340' title='bbox 195 4279 242 4320; x_wconf 83' lang='lat' dir='ltr'><strong>aus</strong></span> <span class='ocrx_word' id='word_1_341' title='bbox 260 4265 292 4320; x_wconf 81' lang='grc' dir='ltr'><strong>Α.</strong></span> 
     </span>
    </p>
   </div>
   <div class='ocr_carea' id='block_1_4' title="bbox 891 4377 948 4434">
    <p class='ocr_par' dir='ltr' id='par_1_5' title="bbox 891 4377 948 4434">
     <span class='ocr_line' id='line_1_42' title="bbox 891 4377 948 4434; baseline -0.035 0"><span class='ocrx_word' id='word_1_342' title='bbox 891 4377 948 4434; x_wconf 78' lang='lat'><strong>12*</strong></span> 
     </span>
    </p>
   </div>
   <div class='ocr_carea' id='block_1_5' title="bbox 0 0 1446 4818">
    <p class='ocr_par' dir='ltr' id='par_1_6' title="bbox 0 0 1446 4818">
     <span class='ocr_line' id='line_1_43' title="bbox 0 0 1446 4818; baseline 0 0"><span class='ocrx_word' id='word_1_343' title='bbox 0 0 1446 4818; x_wconf 95' lang='lat' dir='ltr'><strong> </strong></span> 
     </span>
    </p>
   </div>
  </div>
 </body>
</html>
