2982 4824
299 260 477 321 MINOlll’ldll
495 253 685 320 molismum
703 261 813 320 desua
832 261 1073 322 IMPERATORUM.
1178 262 1249 341 645

263 433 396 511 Cosanis
414 459 505 509 arma
527 440 623 527 time,
639 435 730 509 iubet
744 437 809 510 heo
828 435 977 510 oaroohia
993 437 1110 514 Romu.

119 543 248 612 Verum
266 545 340 632 post
355 533 441 608 hano
457 533 706 608 debellationem
724 546 790 607 tarn
810 534 970 629 grandem
981 534 1250 612 Mediolanenses

121 638 292 710 eonsilium
310 631 515 724 tabuerunt,
539 633 614 730 quid
632 637 681 707 eis
709 645 801 708 esset
824 644 900 729 post
921 644 1044 706 mutum
1069 638 1250 731 perieulum

120 733 316 808 iaciendum.
353 730 517 804 Miserunt
532 735 630 824 igitur
647 731 780 803 nauem
797 731 942 804 Leonem
970 731 1012 804 de
1036 733 1150 805 ordine
1176 734 1250 806 ira-

119 844 204 905 trum
223 829 399 920 Minorum2
416 833 469 922 qui
489 841 604 925 postea
621 828 680 901 niu
697 828 961 925 arehiepisoopus
979 829 1250 922 mediolanensis,

122 931 164 1002 ad
181 931 358 1026 prinoipem
376 949 492 1022 paoem
510 927 550 998 ab
568 949 609 998 eo
627 950 701 1000 oum
719 926 941 1001 misericordia
958 928 1179 1022 postulantes:
1207 931 1251 1004 At

121 1033 298 1123 imperator
314 1049 376 1120 per
391 1026 524 1098 Petrum
549 1025 591 1096 de
608 1025 715 1098 Vinea
741 1048 836 1099 suum
861 1027 1039 1118 logotetam
1065 1027 1250 1122 respoudit:

120 1129 212 1217 quod
222 1131 364 1214 paratu
380 1131 455 1196 erut
468 1143 524 1194 eos
539 1128 686 1213 recipere
702 1129 772 1196 uno
784 1125 914 1214 poetas,
931 1133 969 1194 ut
983 1143 1108 1196 omnem
1130 1129 1251 1197 oomn-

121 1234 219 1298 totam
235 1243 329 1294 mom
346 1225 388 1292 de
404 1225 533 1294 moitote
546 1233 658 1312 posset
671 1223 785 1308 souare
802 1231 835 1294 et
850 1227 1019 1313 persuum
1042 1243 1177 1312 sperare
1195 1232 1251 1295 to-

120 1323 365 1394 inundaberunt
379 1324 469 1410 quod
483 1341 549 1392 non
566 1325 667 1412 uliud,
686 1341 785 1410 quum
802 1325 834 1393 oi
856 1329 938 1392 esset
952 1321 1155 1413 sociandum,
1174 1319 1251 1407 olli-

120 1430 217 1494 oorot.
266 1417 358 1490 Tuno
387 1417 488 1490 irater
514 1417 582 1490 Leo
618 1417 840 1492 Mediolanum
871 1417 966 1491 rediit
992 1418 1187 1492 festinanter
1219 1433 1253 1495 et

119 1520 375 1614 responsionem
391 1517 495 1588 noluit
511 1517 639 1590 referre
657 1538 768 1590 eoram
785 1519 911 1612 paucisq
930 1515 990 1590 sed
1008 1537 1082 1589 eam
1103 1520 1136 1588 in
1154 1540 1252 1592 oom-

120 1617 360 1689 muniomnium
373 1613 531 1686 concione
541 1619 710 1711 proposuit
722 1626 768 1703 et,
779 1613 864 1709 quod
875 1614 1040 1707 eligerent
1052 1615 1094 1686 de
1103 1638 1251 1711 respon-

120 1719 182 1804 sisq
200 1717 232 1786 in
249 1733 364 1783 eorum
390 1711 521 1785 arbitrio
537 1715 674 1808 reliquit.
704 1714 788 1783 Mitt
811 1721 918 1784 tomen
935 1715 1069 1804 uidetur,
1088 1717 1143 1804 uit
1164 1719 1255 1803 puoct

119 1831 249 1902 sempor
268 1814 315 1881 od
334 1811 394 1881 leo
415 1820 520 1900 puoto
545 1817 656 1883 uenire
676 1814 836 1901 poteritis.
886 1809 998 1906 ltaque
1026 1809 1156 1884 firmant
1186 1833 1252 1883 uno

120 1931 304 1998 eonsensm
322 1930 361 1980 se
378 1909 444 1982 tale
460 1919 589 2004 paetum
606 1910 793 1982 nullatenus
811 1919 1022 2004 recepturos,
1049 1909 1126 1983 dum
1150 1933 1250 1983 uooa

120 2019 227 2081 morte
252 2026 416 2101 persone,
443 2029 507 2079 neo
530 2011 645 2080 oivitas
673 2031 692 2078 a
718 2006 940 2080 destruetiune
964 2011 1125 2080 eximitur.
1160 2009 1253 2083 Tune

121 2109 235 2180 statuit
250 2109 438 2200 imperator,
457 2115 491 2176 ut
508 2109 627 2200 eaptivi
651 2105 751 2177 mulie
775 2109 915 2200 pecunie
939 2109 1115 2200 quantitate
1141 2109 1251 2180 mulo-

62 2235 64 2238 ·
118 2215 243 2295 tantur„
261 2203 318 2274 vel
334 2206 366 2273 iu
383 2200 539 2276 membris
555 2207 583 2277 si
600 2224 666 2274 non
684 2202 845 2274 solverint
861 2203 1056 2275 mutilentur.
1083 2201 1152 2276 Sed
1170 2204 1251 2276 Me-

122 2301 336 2376 diolanenses
362 2322 442 2373 mox
469 2311 613 2374 statuunt
638 2298 702 2372 hoo
727 2310 913 2396 oomperto,
947 2310 983 2372 ut
1007 2300 1085 2373 nihil
1112 2305 1250 2396 captivis

121 2402 257 2474 omnino
274 2402 426 2488 minuma
438 2401 501 2470 nisi
512 2396 733 2471 tantummodo
750 2399 818 2488 illa,
836 2421 899 2493 quo
920 2401 969 2472 eis
981 2397 1022 2470 ad
1034 2402 1156 2471 vietum
1175 2399 1252 2472 suf-

119 2499 233 2572 ficiunt
242 2507 276 2568 at
287 2499 454 2587 vestitum,
464 2495 631 2570 firmantes
644 2497 920 2592 quodquiounque
934 2499 1130 2569 eontrarium
1140 2497 1261 2570 iaoero'

119 2595 333 2694 probaretur7
360 2605 394 2667 et
415 2599 483 2668 vita
506 2599 705 2691 privaretur·
733 2605 767 2667 et
787 2595 899 2667 rebus.
939 2592 1130 2687 Indignatus
1154 2598 1253 2688 igitur

119 2700 299 2790 imperator
323 2691 451 2766 nobiles
477 2715 593 2766 omnes
620 2703 653 2764 et
681 2693 802 2766 diuites
825 2696 858 2764 in
882 2693 1016 2765 exilium
1040 2695 1075 2764 in
1098 2694 1253 2788 Apuliam

120 2793 198 2865 duoi
213 2791 310 2864 iubet.
360 2791 434 2864 Non
461 2793 561 2864 multo
583 2801 692 2864 autem
716 2803 790 2887 post
813 2800 960 2885 tempore
987 2792 1163 2886 imperator
1179 2813 1254 2876 oum

119 2889 339 2986 Papiansibus
369 2888 506 2983 aliisque
527 2888 718 2963 lombardis
741 2911 803 2964 sue
828 2892 910 2984 parti
932 2887 1121 2962 laventibus
1145 2891 1253 2962 eomi-

120 2997 225 3060 tatum
242 2985 539 3060 Mediolanensium
557 2997 610 3060 est
625 2991 814 3081 ingressus,
839 2986 980 3061 eredens
1005 2990 1170 3060 oimmtem
1186 2985 1253 3058 oh-

121 3086 234 3160 sidere
252 3107 291 3158 se
308 3105 419 3180 posse.
462 3084 509 3157 At
534 3085 804 3157 Mediolanenses
828 3083 960 3157 obviam
987 3085 1032 3156 illi
1054 3095 1197 3179 pergunt
1220 3095 1254 3157 et

120 3193 237 3256 eontra
254 3185 325 3255 eius
344 3186 526 3255 exereitum
542 3193 650 3256 oasim
668 3193 791 3278 ponunt
808 3191 904 3277 atque
922 3192 1033 3254 eontm
1046 3203 1121 3253 eum
1132 3181 1253 3253 tamdiu

120 3291 301 3371 steterunt,
329 3279 436 3353 donee
451 3281 527 3372 ille,
554 3304 614 3354 sua
636 3303 696 3376 spe
711 3281 901 3352 frustratum
914 3301 952 3354 se
969 3279 1102 3370 ndens
1118 3280 1253 3375 Papiam

121 3383 196 3454 sine
219 3377 344 3452 honore
367 3401 528 3454 reversus
554 3391 613 3452 est.
656 3378 768 3474 ltaque
794 3378 904 3473 alique
932 3381 1099 3469 civitates,
1125 3401 1189 3473 que
1206 3382 1253 3450 ti-

120 3487 253 3551 mentes
280 3475 431 3549 mandata
449 3481 521 3550 eius
538 3478 650 3549 faeere
668 3474 871 3570 oopitabantq
900 3499 944 3550 ex
968 3476 1031 3549 hoo
1045 3476 1132 3549 laeto
1148 3475 1254 3548 robo-

119 3586 194 3649 rate
217 3575 485 3648 Mediolanenses
514 3579 645 3648 miuime
669 3577 888 3670 reliqueruntq
907 3573 969 3647 sed
986 3578 1034 3649 eis
1052 3573 1253 3646 adheserunt

120 3686 159 3746 ut
175 3675 278 3768 prius
296 3677 380 3746 siout
392 3673 552 3764 Bononia,
563 3675 674 3747 Brixia
693 3671 1058 3763 etPlaoentiupMantua
1070 3671 1253 3743 etliaven-

120 3775 181 3860 tio,
198 3794 238 3842 ue
254 3771 366 3866 plures
384 3772 447 3844 alie
465 3774 625 3845 eivitates.

173 3868 355 3965 Imperator
377 3880 485 3943 autem
508 3881 583 3966 post
612 3869 774 3942 modioum
797 3872 857 3943 ivit
881 3870 914 3939 in
940 3867 1115 3941 marchiam
1139 3868 1254 3940 Trivi-

121 3973 243 4057 sinam
261 3973 395 4064 etquasi
407 3968 710 4063 paoiiioarevoleus
722 3969 885 4064 principes
898 3965 1137 4058 disum-dantes
1149 3989 1253 4039 aoce-

121 4063 229 4164 pituli
253 4069 302 4140 eis
325 4065 385 4140 sub
404 4067 465 4139 hae
483 4069 594 4162 speeie
606 4066 751 4158 obsides,
772 4069 855 4140 sieut
871 4065 972 4137 lilium
990 4063 1202 4138 marchionis²
1221 4077 1253 4138 et

123 4167 226 4241 filiam
242 4164 387 4238 Alben'oi
404 4164 514 4239 Matris
531 4165 699 4256 Humum,
716 4187 780 4238 neo
796 4187 861 4237 non
880 4173 913 4236 et
929 4164 1010 4236 alios
1026 4164 1149 4262 plures.
1183 4163 1252 4240 Sed

180 4289 209 4360 l)
227 4287 384 4364 probaretur
401 4289 442 4346 lus.
478 4288 510 4359 2)
529 4288 577 4346 dea
597 4288 766 4363 martulana
784 4305 838 4348 vou
856 4287 927 4346 liuta
