3014 4822
492 255 657 316 tonantius
675 253 838 316 mannos.
1156 259 1224 334 401

101 427 339 524 hioexegisset
355 429 509 522 hiemem,
527 435 676 528 sequenti
694 455 781 504 anno
797 433 877 506 satis
895 429 1061 504 eelebrem
1072 450 1229 504 eonven-

101 539 167 600 tum
196 532 425 622 episcoporum
452 553 497 602 ex
520 529 669 602 omnibus
697 535 766 604 auis
794 533 909 622 regnis
936 541 1049 602 eontra
1075 529 1230 602 haeream

100 623 322 697 Foelieianam
339 625 528 699 celebravit
563 627 636 698 Nee
659 631 765 699 miuus
790 625 1035 698 memorabilem
1052 626 1128 700 feeit
1144 627 1231 698 buno

100 745 224 795 aunum
248 722 334 816 apud
359 735 524 797 nostrates
541 747 631 796 mors
648 723 872 796 Fastradanae
895 728 1046 816 reginum
1071 746 1155 818 quae
1178 722 1231 796 hio

101 817 256 988 defippota
282 819 487 912 Mogentiam
514 823 556 894 ad
588 821 701 894 divum
728 819 895 893 Albanum
929 832 982 894 est
1013 822 1170 894 translata
1198 831 1231 894 et

101 937 140 988 oo
189 919 241 988 'ta
275 977 280 986 .

149 1015 226 1086 Pari
249 1015 367 1088 favore
383 1015 616 1096 Frarrotuiordia
634 1041 652 1088 a
670 1014 837 1088 Ludovieo
860 1018 913 1110 pio
932 1014 1041 1088 Caroli
1063 1015 1129 1088 filio
1147 1038 1231 1089 sae·-

101 1115 259 1282 ituit
285 1115 684 1284 titts‘btbttt
701 1113 933 1282 bibitis
950 1113 1232 1282 sitibit}

101 1310 193 1400 perio
222 1315 310 1378 tanta
338 1311 494 1382 maiestas
518 1317 587 1378 'tam
613 1307 724 1380 humili
750 1308 824 1379 loeo
849 1310 1005 1380 contineri
1027 1329 1094 1378 non
1120 1311 1232 1401 potnit.

101 1405 263 1490 mooirea
288 1427 375 1476 anno
398 1407 511 1478 saluos
529 1405 601 1478 822
626 1429 701 1476 aum
723 1402 776 1476 hio
798 1404 992 1498 populorum
1013 1403 1233 1496 legationibus

101 1499 276 1574 audiendis
294 1513 386 1574 esset
403 1512 592 1596 oaouputus,
613 1503 768 1596 palatium
785 1501 857 1572 fieri
874 1505 1013 1592 amavit,
1031 1501 1118 1596 quod
1135 1505 1234 1573 etium

101 1597 200 1669 bodie
214 1599 442 1671 venerandam
458 1603 680 1695 antiquitatem
696 1620 776 1694 prae
794 1621 833 1672 se
851 1597 923 1670 fert.
950 1600 1127 1671 Praeterea
1145 1604 1233 1672 enim

101 1695 190 1788 quod
205 1695 408 1768 Franoorum
426 1699 576 1786 annales7
595 1719 677 1792 quos
695 1719 762 1769 non
777 1698 879 1786 longe
895 1707 971 1790 post
986 1696 1070 1768 haee
1086 1707 1233 1791 tempora

100 1791 285 1866 monachus
310 1793 439 1887 quidam
462 1794 689 1868 Laurissensis
713 1795 875 1885 collegit*n
898 1792 976 1865 mihi
1001 1794 1235 1885 suffragentur,

101 1895 211 1984 ipsnm
236 1911 358 1962 nomeu
382 1913 510 1986 quoque
535 1897 744 1987 perspicuum
767 1892 852 1963 saoit.
889 1889 1036 1962 Vooatur
1062 1894 1149 1962 enim
1175 1891 1234 1962 den

100 1986 244 2058 Saaiboi
252 1988 329 2060 olim
339 2010 458 2079 regum
472 1989 668 2062 domicilium
678 2013 744 2061 non
755 1992 974 2060 inamoenum.
1000 1987 1120 2060 Habuit
1133 2012 1234 2060 nam-⁴

101 2109 166 2178 que
192 2082 234 2154 ab
260 2108 324 2156 una
349 2096 442 2178 parte
465 2097 673 2181 prospectum
696 2086 738 2157 ad
762 2083 931 2175 noenum,
959 2084 1012 2156 ubi
1039 2096 1115 2158 tuno
1137 2085 1236 2158 fiebat

101 2185 260 2255 traiectus
271 2191 370 2276 ponte
381 2183 525 2256 nondum
543 2195 723 2272 exstruere,
741 2182 781 2253 ab
795 2185 898 2254 altera
915 2193 1007 2276 parte
1020 2183 1234 2276 eratpulobra

103 2279 256 2371 planities
268 2280 408 2350 etiniila
419 2285 548 2370 regium
566 2281 725 2354 sacellum
742 2303 829 2352 nuno
846 2279 1084 2352 sanetiNioolai
1102 2279 1235 2370 dictami

106 2373 193 2468 quod
217 2375 336 2446 deinde
354 2399 374 2447 a
391 2376 564 2471 Rudotpho
581 2377 790 2472 Habspmgio
814 2377 923 2449 denuo
948 2387 1001 2448 est
1022 2379 1237 2450 instauratum

105 2483 139 2542 et
155 2471 197 2543 ab
212 2471 367 2568 Adelpho
385 2477 580 2568 imperatore
598 2476 761 2546 eeclesiae
779 2485 911 2548 nostrae
930 2471 1112 2546 subiectum
1129 2484 1163 2544 et
1179 2478 1236 2545 in-

104 2570 889 2761 ttttttbiitgitbittttttttt
912 2572 1238 2741 ttttttttt

103 2763 194 2853 feeit
223 2769 275 2836 eui
299 2769 404 2838 oruois
423 2763 562 2856 figuram
581 2761 608 2847 i
626 2790 699 2838 oum
718 2765 766 2838 his
785 2765 897 2838 verbis
915 2769 1078 2860 inscripsit
1093 2765 1236 2838 LUDO-

105 2859 239 2933 victis
257 2859 527 2952 tttt’ttttntott,
545 2867 577 2934 in
595 2863 698 2936 altero
715 2864 819 2934 lutere
838 2864 1013 2934 ecelesiam
1031 2867 1105 2936 sive
1123 2873 1237 2958 temp·-

104 2957 173 3030 lum
195 2959 323 3031 effinxit
347 2958 409 3032 hae
432 2959 612 3052 epigraphe
631 2959 902 3032 cttsststtnttn
919 2959 1103 3032 RELIGIO.
1140 2960 1237 3034 Unde

105 3079 174 3148 ego
200 3056 299 3151 plane
327 3056 481 3144 arbium„
519 3056 625 3130 adhue
651 3068 815 3132 nostrates
844 3061 876 3127 in
904 3068 1034 3129 moneta
1067 3057 1237 3151 praeferre

105 3176 250 3226 oruoem.
1233 3209 1235 3218 .

156 3251 309 3325 Humana
338 3253 456 3326 deinde
485 3277 558 3327 omn
586 3253 705 3326 divinis
733 3261 952 3325 eommutante
973 3250 1153 3324 Ludowioo
1186 3256 1240 3346 pio

106 3348 193 3420 faeta
211 3361 263 3422 est
280 3373 458 3441 regnorum
477 3352 594 3423 divisio
612 3354 698 3423 inter
715 3350 799 3422 filios
815 3347 1016 3438 tortarium,
1034 3349 1189 3422 Carolum
1207 3361 1241 3421 et

105 3444 321 3519 Ludovioum.
348 3447 518 3520 Lotharius
535 3452 711 3541 imperator
729 3455 889 3540 augustus
906 3455 1007 3518 totam
1022 3445 1147 3518 ltaliam
1166 3469 1241 3519 eum

107 3565 216 3635 regno
233 3545 427 3616 Provinciae
444 3544 590 3636 obtinuit,
609 3543 746 3616 Carolus
763 3565 894 3616 omnem
913 3542 1051 3617 Gelliam
1069 3567 1087 3616 a
1104 3543 1241 3616 Britan-

107 3644 182 3715 uiuo
199 3663 328 3714 ooeuno
345 3642 387 3716 ad
402 3665 544 3734 regnum
560 3643 669 3714 fratris
686 3645 802 3731 iunxit,
825 3640 1012 3712 Ludoviens
1030 3663 1113 3712 vero
1130 3645 1240 3734 potis-1

105 3741 226 3808 sinnam
266 3750 369 3812 artem
385 3738 584 3810 Germaniae
608 3742 799 3832 superioris,
823 3737 886 3810 hoo
903 3747 955 3810 est
971 3759 1103 3808 omnem
1118 3737 1238 3810 Bava-

105 3837 204 3924 m'am,
257 3841 445 3908 ranooniam
463 3859 503 3908 aa
518 3835 729 3908 sclavoniam
752 3837 925 3929 oeonpavit
947 3857 1022 3906 oum
1046 3832 1239 3928 quibusdam

105 3928 294 4006 civitatibus
306 3943 395 4006 trans
406 3933 570 4023 Rhenum,
587 3932 650 4004 hoe
666 3943 718 4004 est
729 3931 911 4024 Mogontia,
929 3931 1125 4021 Wormatiaq
1143 3931 1239 4026 Spina

104 4026 149 4099 ob
168 4032 240 4102 vini
263 4034 399 4125 copiam
434 4032 544 4118 Quare
568 4029 610 4100 ad
632 4033 727 4120 regni
745 4032 824 4100 tanti
838 4027 1155 4118 administrationem
1173 4049 1239 4101 non

105 4125 349 4201 inoommodam
368 4127 482 4202 sedem
499 4125 823 4221 praebuntLudovieo
835 4125 1082 4218 Franooiurdim
1100 4124 1240 4214 ubine,

166 4251 196 4320 t)
215 4251 342 4308 Einhardi
361 4267 421 4308 ann.
442 4251 474 4306 nd
494 4269 516 4306 a.
529 4251 589 4308 *822
606 4251 638 4307 bi.
658 4251 687 4306 (i.
709 4249 733 4320 t,
751 4249 811 4306 209.
932 4293 935 4300 i

163 4365 303 4410 bonumne
315 4365 424 4408 ronnas
439 4367 459 4408 ι.
800 4391 803 4396 .
996 4371 1030 4432 245
