2946 4822
376 221 540 278 lid'l‘llllAS
559 219 898 280 nuutvanatntdensts
1129 225 1199 304 175

77 395 211 486 dancus,
235 400 423 491 prepositus
441 399 710 490 Argenutncnsis,
735 397 982 470 valentissimus
1001 399 1032 468 in
1050 401 1150 472 annis
1167 403 1201 471 in

77 495 247 566 litteratura
275 497 403 586 nullus„
431 494 472 566 ad
496 499 674 568 amicorum
702 497 878 568 instancias
906 497 998 589 quusi
1023 499 1144 570 invitus
1168 501 1201 568 in

77 596 259 686 episcopum
277 604 330 666 est
347 605 523 687 promotus.
551 596 635 683 Quo,
654 603 825 687 postquam
843 592 964 688 aliquot
978 597 1072 666 annis
1085 596 1200 666 eccle-

77 694 149 760 siam
166 711 264 762 suam
276 692 412 764 uiriliter
428 695 526 782 rexit„
544 691 709 780 defuncto„
726 689 992 762 rexlohannem¹
1007 695 1199 786 episcopum

76 786 305 878 Eistetensem„
323 790 554 862 cancellarium
572 812 680 878 suum„
697 790 880 879 illegitime
891 799 1015 877 natum
1033 810 1092 883 pro
1104 793 1199 884 epis-

77 896 182 978 copatu
199 887 444 978 Argentinensi
461 887 635 962 obtinendo
652 885 788 958 Iohanni
814 886 856 957 de
874 883 1091 958 Oclrsenstoin
1117 909 1200 958 sco·-

76 983 178 1054 lastioo
189 985 462 1075 argentinensi?
480 984 676 1058 consobrino
694 987 799 1075 regis„
817 982 858 1054 ad
875 982 1058 1055 Romanam
1076 989 1199 1055 curiam

77 1079 251 1154 destinavit.
279 1083 368 1177 Papa
387 1095 578 1156 autemnon
597 1084 783 1170 scolastica
801 1080 860 1152 sed
880 1079 987 1154 eidem
1004 1083 1199 1154 cancellario

76 1176 111 1245 de
136 1181 326 1275 episcopatu
351 1182 590 1272 Argentinensi
617 1180 767 1276 providit.
811 1181 916 1268 Quem
945 1202 1006 1250 rex
1034 1189 1197 1276 tamquam

77 1297 160 1346 suum
177 1300 277 1349 manu
297 1281 411 1368 tenuit,
429 1291 461 1350 et
477 1283 538 1352 vix
554 1279 596 1350 de
614 1279 777 1354 scolastici
796 1278 908 1348 aulicis
927 1275 1083 1366 defendit,
1102 1281 1197 1372 epis-

76 1393 148 1466 copo
164 1377 264 1448 murita
282 1397 343 1470 pro
362 1377 423 1448 lllis
441 1377 581 1448 faciente
599 1387 631 1448 et
648 1397 768 1466 magna
783 1374 934 1446 donante.
963 1373 1196 1446 Hiololrannes

77 1471 103 1539 iu
119 1477 286 1546 structuris
305 1483 339 1544 et
356 1473 579 1570 empcionibus
597 1473 760 1546 heneleoit
778 1471 933 1562 ecclesie,
953 1482 1110 1566 etpostea
1123 1471 1196 1544 iliis

77 1574 167 1660 ragis,
184 1581 396 1666 preterquam
414 1576 446 1642 in
464 1571 529 1643 fine
547 1572 701 1646 adhesit.·‘³

118 1665 189 1738 ltex
205 1691 337 1763 quoque
354 1673 388 1741 iu
405 1672 560 1763 principio
578 1671 758 1742 creacionis
777 1691 838 1740 sue
851 1689 924 1738 oum
937 1665 1088 1739 Conrado
1101 1669 1196 1762 epis-

79 1785 149 1856 copo
165 1763 391 1838 Theobaldum
409 1770 561 1840 comitam
577 1767 788 1841 Ferretarunr
812 1768 950 1855 invasit„
979 1769 1050 1838 eius
1075 1775 1195 1838 terram

79 1862 226 1936 vastando
245 1863 362 1956 [1298
372 1867 463 1955 oot.].
505 1867 567 1954 Qui
585 1887 697 1940 munos
722 1863 830 1936 dando
853 1861 951 1933 filiam
975 1885 1069 1936 suam
1087 1861 1194 1936 Ottoni

78 1957 320 2034 delllusenstein
336 1965 410 2054 rogi
428 1975 481 2038 est
495 1963 703 2037 reformatus.
740 1963 850 2034 Aliam
868 1957 966 2031 iliam
985 1958 1073 2032 dedit
1084 1959 1195 2034 Ulrioo

79 2061 170 2128 comiti
181 2056 460 2152 deWirtonherffi
479 2059 655 2155 exquibus
674 2059 799 2132 duabus
817 2057 1035 2131 nuncdomini
1046 2056 1195 2129 deWir·

79 2153 206 2247 tenberg
222 2168 256 2228 at
273 2157 317 2228 de
335 2155 535 2230 Olusenstein
552 2170 785 2252 provenerunt.

120 2251 242 2325 lllortuo
268 2265 379 2326 autom
402 2257 500 2328 Patro
515 2252 635 2328 Divitis
661 2261 815 2352 episcopo
838 2253 1013 2326 Basiliensi
1043 2250 1194 2345 [†1296

81 2349 350 2441 sapien-Penus
369 2352 560 2426 dol'reveri
583 2353 727 2448 phisicus
745 2376 804 2448 per
822 2353 936 2425 sedem
954 2351 986 2421 in
1004 2355 1194 2446 episcopum

82 2457 124 2516 est
143 2461 319 2540 promotus.
361 2451 531 2524 Predictus
548 2454 664 2524 Petrus
681 2451 799 2523 Divitis
824 2473 898 2521 oum
922 2459 1014 2520 esset
1036 2447 1078 2519 de
1102 2459 1195 2542 parte

81 2542 304 2620 Stellilerorum
320 2549 563 2638 Basiliennum,
581 2571 697 2624 omnes
716 2571 795 2622 suos
814 2559 846 2619 et
865 2567 943 2620 suas
961 2545 1068 2618 Siticis
1086 2567 1195 2641 copo·-

82 2637 156 2714 lavlt.
180 2643 241 2716 llio
256 2645 434 2736 ordinauit,
453 2645 539 2741 quod
557 2671 630 2720 oum
648 2671 713 2720 uno
732 2668 817 2718 anno
828 2643 961 2718 Basilea
972 2641 1091 2716 Silicas
1103 2653 1195 2716 asset

83 2743 222 2828 magister
239 2747 376 2834 civium,
401 2744 519 2816 eodem
538 2767 624 2816 anno
641 2745 788 2816 Stelliler
805 2754 898 2814 esset
916 2743 1077 2832 magister
1093 2739 1196 2812 nunt-

83 2841 182 2928 turumq
200 2850 232 2910 et
249 2864 339 2914 anno
357 2847 507 2937 sequenti
519 2865 539 2913 e
551 2847 725 2933 contrarioq
744 2855 777 2914 et
794 2841 879 2936 quod
897 2848 945 2911 tot
962 2839 1080 2912 milites
1099 2849 1132 2910 et
1150 2850 1195 2910 tot

83 2932 158 3021 probi
173 2940 266 3012 cives
285 2943 319 3010 in
336 2939 508 3012 consilium
525 2941 567 3010 de
585 2963 649 3012 una
667 2951 759 3034 parte
779 2943 862 3012 sicut
879 2938 921 3008 de
938 2936 1064 3030 reliqua
1076 2959 1195 3008 sume·

84 3041 186 3104 reum.
210 3037 273 3122 Qui
292 3039 467 3131 episcopus
486 3059 560 3110 cum
578 3037 718 3132 quadam
736 3042 811 3110 vioe
829 3035 987 3130 quedam⁴
1006 3037 1038 3104 in
1057 3035 1193 3104 consilio

83 3123 237 3206 Basiliensi
259 3145 407 3228 peteret,
431 3134 595 3208 lohannes
619 3136 661 3206 de
680 3135 830 3226 Argaei„
856 3137 906 3204 cui
932 3127 1026 3226 plebs
1053 3129 1193 3218 adhesit„

85 3227 292 3304 contradicens
309 3229 350 3304 ab
368 3236 524 3328 episcopo
542 3232 686 3304 dicente:
705 3236 776 3322 Epo
793 3233 919 3317 socium
929 3230 989 3300 tidi
999 3233 1073 3299 croi
1083 3231 1194 3298 oculos

84 3326 159 3392 tuos!
183 3327 233 3398 illa
258 3332 335 3402 vice
360 3328 402 3400 de
424 3331 498 3404 looo
522 3332 694 3403 consulum
719 3331 879 3424 expulsus
904 3338 963 3402 est.
1009 3323 1071 3396 Cui
1090 3328 1194 3396 eclam

86 3420 135 3490 elui
156 3422 194 3493 de
211 3426 343 3518 Argual
367 3428 484 3502 Petrus
505 3427 643 3500 Scalarii
668 3431 791 3516 seniorq
817 3427 912 3498 miles
931 3425 1194 3510 valentissimus

85 3515 109 3582 la
124 3523 248 3594 oonsilio
266 3523 329 3596 sibi
346 3528 528 3615 resistenti„
545 3527 730 3620 respondit:
750 3529 861 3596 Nesca
874 3527 964 3613 qood
973 3528 1007 3592 ln
1018 3543 1087 3593 ooo
1099 3524 1195 3590 domo

84 3617 306 3702 poersamittor
323 3631 356 3693 ct
368 3623 481 3708 scrofa
498 3634 677 3712 morantur,
701 3628 761 3696 sed
777 3628 875 3694 aliter
893 3632 925 3692 ot
939 3625 1039 3691 aliter
1057 3630 1194 3690 tenean-

86 3714 145 3782 tur?
166 3713 215 3786 De
232 3718 328 3792 huius
340 3719 477 3792 Scalaril
495 3721 786 3793 commendacione
803 3725 932 3811 integra
950 3717 1098 3814 hystoria
1111 3735 1194 3809 opus

88 3821 168 3884 esset,
208 3816 324 3890 Petrus
348 3840 432 3890 vero
456 3817 497 3890 de
514 3821 653 3892 Treveri
679 3823 855 3913 episcopus
880 3817 980 3888 multa
1007 3813 1092 3885 bona
1118 3812 1195 3883 lecit

88 3907 219 4004 ecelesia,
243 3927 276 3988 et
293 3937 414 4007 magna
432 3917 580 4008 iecisset,
606 3921 633 3988 si
645 3939 716 3988 non
741 3916 816 3987 inibi
841 3915 1035 3986 molestatus
1059 3910 1194 3998 luisset3

90 4002 277 4104 unanungo
302 4016 390 4086 enim
416 4012 581 4104 lllonaclriq
609 4017 768 4087 canonico
793 4014 993 4100 Basiliense,
1022 4009 1116 4102 alapa
1143 4019 1196 4082 est

131 4151 301 4235 llulolrannes
318 4161 344 4217 ll.
377 4161 408 4228 2)
428 4161 586 4219 scolasticus
603 4163 767 4235 Argeutluus
781 4163 807 4220 lt.
842 4163 873 4232 3)
888 4162 999 4220 unwaro
1015 4161 1083 4220 aelel
1097 4157 1125 4213 0·
1142 4157 1193 4224 litl-

91 4217 115 4284 ⁴l
130 4227 219 4294 qurdaor
238 4233 266 4286 Α.
284 4233 338 4288 und
354 4234 382 4288 ll.
