2882 4818
320 269 484 327 llrll'llllllS
504 267 847 328 Noutvunottltoallsls.
1075 272 1148 348 205

54 443 119 537 liquit
139 443 203 517 sedi
230 445 344 517 decies
368 447 498 539 sepcies
537 455 667 518 centum
695 445 779 517 milia
811 445 1019 517 llorenorunn.
1069 445 1150 518 Erat

53 552 135 612 auten
151 543 278 637 quidam
296 546 473 639 episcopus
492 545 620 618 vicinus
638 544 744 616 Rome
767 547 800 614 in
818 547 872 616 via
897 542 994 615 eurndi
1019 543 1060 615 ad
1085 568 1149 615 cu·
1264 557 1267 562 '

52 643 111 710 dnn
126 641 162 711 ad
178 665 310 737 papam,
328 645 379 714 cui
396 645 430 712 in
446 651 542 714 nocte
560 645 672 714 ruortis
689 665 774 736 pape
792 643 824 712 in
842 646 991 736 sontpnio
1002 646 1150 736 apparuit

51 737 154 830 addan
169 739 299 814 dicens:
327 743 451 829 Papam
475 742 608 828 meris?
638 760 704 810 non
722 750 775 812 est.
817 739 860 812 tn
883 751 957 834 pust
981 741 1149 833 pusillum:

57 838 94 904 t'ir
115 842 216 910 sidem
239 840 390 928 papam?
424 858 498 908 ecee
525 842 584 910 iste
611 839 678 908 est!
711 847 888 912 rnonslrata
918 836 977 908 sibi
1005 860 1150 931 persona

50 933 141 1018 amndi
156 939 330 1028 incognita.
381 935 425 1008 Et
446 935 631 1028 procedens
654 939 687 1006 in
711 939 827 1008 itinere
844 934 968 1008 audivit
985 935 1027 1006 de
1045 945 1149 1008 morte

49 1053 120 1124 pape.
158 1034 310 1108 Veniens
327 1044 435 1106 numm
453 1033 667 1122 Aviuionem,
694 1035 753 1105 ivit
776 1033 817 1104 ad
841 1035 1070 1106 consistorium
1094 1037 1150 1104 in·
1283 1055 1289 1066 ·

49 1130 212 1216 patientes
230 1132 408 1224 diligenter
425 1133 601 1224 inspiciens
620 1131 769 1222 singulos
788 1131 981 1202 cardinales.
1017 1130 1150 1202 Etcum

49 1249 97 1297 non
112 1230 246 1302 vidisset
263 1251 440 1324 personam
464 1225 524 1299 sibi
548 1239 773 1318 mansuetam,
798 1234 940 1324 quesivit
957 1253 975 1300 a
994 1227 1149 1322 quodam:

48 1331 178 1414 nrnpaid
198 1349 312 1400 ornnes
338 1330 527 1398 cardinales
554 1331 694 1416 inpressi
718 1328 877 1412 lassent?
918 1326 961 1397 Et
988 1349 1150 1420 responso

48 1437 173 1518 acrapto:
197 1431 290 1514 cuod
304 1447 421 1516 omnes,
439 1434 574 1514 eccepto
592 1428 760 1496 cardinali
778 1429 910 1514 Blanda,
929 1428 1055 1494 ordinis
1075 1428 1149 1494 Cis-

47 1527 193 1612 trreiensis,
210 1525 303 1596 illurn
317 1525 502 1619 quesivitin
514 1523 622 1611 doruc,
635 1523 805 1617 ipsumque
816 1527 1006 1616 inspiciens,
1017 1522 1147 1594 lticienr¹

47 1622 191 1713 perpendit
208 1632 435 1712 monstratam,
459 1617 584 1714 sibique
602 1621 663 1692 soli
681 1625 714 1692 in
731 1643 862 1692 camera
881 1644 941 1694 sua
958 1619 1053 1692 dixit:
1081 1623 1150 1691 Pa-

46 1723 88 1798 ter,
108 1739 158 1790 ros
173 1725 250 1792 estis
262 1741 358 1811 papo
379 1719 516 1805 [maras.
558 1719 611 1789 De
634 1741 697 1812 qua
722 1741 795 1789 curn
818 1719 873 1790 ille
896 1721 1037 1808 risisset,
1062 1720 1149 1792 nulla

46 1817 183 1895 cunina
199 1841 282 1913 spes
299 1821 517 1912 promocinnis
535 1819 619 1908 eius,
648 1840 721 1888 cum
739 1827 830 1890 esset
846 1817 996 1894 liumilicr
1013 1827 1045 1888 et
1062 1840 1150 1912 pau-

46 1917 133 2004 perior
148 1919 232 1988 inter
244 1938 385 2006 omnes,
413 1918 588 2009 episcopus
607 1919 757 2008 exposito
775 1914 835 1988 sibi
853 1917 1001 2008 sompnia
1019 1915 1150 1987 adiecit:

46 2011 140 2081 Pudi!
165 2019 231 2104 ille,
260 2019 317 2104 pai
332 2015 432 2083 nticbi
448 2019 639 2085 monstrant
658 2013 779 2097 sociem
798 2023 943 2102 cestram,
971 2017 1154 2084 introducit

43 2127 83 2178 ne
101 2115 132 2180 in
151 2115 312 2184 stabntnm
337 2115 625 2182 tremendissimum
653 2121 686 2182 et
708 2113 905 2183 stereoribus
926 2115 1068 2201 plenum,
1097 2113 1153 2182 nbi

45 2211 97 2276 ridi
116 2211 252 2282 arabum
268 2231 488 2282 marmoream
504 2211 704 2280 albissimam
725 2214 784 2281 sed
806 2231 951 2280 vacuam.
1003 2211 1061 2279 Vos
1078 2214 1152 2280 estis

44 2307 90 2374 tn
104 2328 190 2400 arca,
209 2330 309 2399 quum
326 2310 448 2379 debetis
464 2313 498 2380 in
511 2308 624 2392 afficto
643 2317 745 2378 oestro
764 2310 931 2378 virtutibus
948 2311 1089 2396 implere,
1114 2316 1151 2395 et,

45 2423 60 2468 u
70 2416 175 2490 pastor
195 2417 229 2478 et
252 2407 454 2478 stabularia!
486 2410 614 2506 auriam
642 2416 674 2477 et
695 2411 804 2476 sedern
830 2409 1052 2495 apostaticam,
1085 2408 1151 2474 iam

45 2503 315 2576 irtmundrssimum
341 2505 510 2594 stabolum,
542 2505 585 2574 ab
606 2509 763 2575 esurietis
783 2514 816 2575 et
838 2507 1038 2593 syntonioeis
1065 2511 1151 2572 ster·-

46 2603 155 2672 ccn'bns
175 2613 367 2694 eaporpam,
388 2605 540 2692 nobisque
560 2611 709 2674 sanatam
728 2605 910 2674 bernonem
930 2605 1102 2672 ecclesiam
1122 2610 1155 2671 et

46 2699 136 2768 urben
156 2705 384 2772 recommissos
404 2701 527 2772 babete.

82 2795 117 2867 Et
132 2801 228 2880 ecce!
255 2797 294 2870 ln
311 2799 471 2870 electione
490 2823 509 2870 a
527 2809 572 2871 tot
590 2799 820 2888 cardinalibus
839 2801 930 2894 (prasi
949 2800 1072 2888 insciis,
1091 2795 1151 2870 sub

44 2890 247 2968 alternacione
273 2898 414 2968 electus²
433 2899 555 2988 extitit,
584 2897 725 2970 scilicet:
754 2902 891 2969 Nomina
914 2901 1020 2987 illurn,
1048 2901 1105 2984 qai
1123 2901 1154 2967 si

44 3009 98 3060 esse
116 3014 179 3066 raon
197 2999 325 3086 poterit,
352 2999 425 3065 colo
447 2997 614 3066 Blanoatm.
657 2996 752 3083 Quod
769 3006 936 3088 repertum
954 3006 1017 3086 est,
1040 3017 1151 3064 eulina

44 3085 151 3164 duabus
167 3092 313 3187 partibus
331 3096 530 3163 nominatum
550 3092 664 3186 [1334
682 3094 751 3165 dec.
764 3093 840 3181 20].
882 3092 1062 3186 Dictusqne
1079 3089 1153 3160 Be-

45 3187 174 3262 nedictus
192 3190 404 3262 duodecimns
423 3193 530 3262 statim
550 3215 609 3286 pro
626 3193 866 3264 relcrnnacione
884 3190 1026 3262 ecclesie
1050 3192 1153 3260 sancti

45 3281 114 3356 Petri
137 3287 267 3360 inurbe
285 3291 516 3382 quinquaginta
535 3290 619 3360 milia
638 3293 738 3362 misto
757 3289 963 3362 lloreuorunr.
1005 3285 1047 3358 Et
1071 3287 1155 3360 sicut

44 3379 201 3458 elcbenne
217 3409 301 3482 papa
321 3384 528 3480 discrepabat
543 3389 576 3458 in
594 3397 730 3478 stanna„
748 3389 803 3460 ille
821 3391 908 3458 eninr
926 3386 984 3456 luit
1000 3383 1153 3480 pallidusp

44 3491 149 3555 statura
168 3495 201 3556 et
217 3507 302 3556 voce
319 3484 470 3578 pusillus
488 3487 550 3556 iste
567 3487 600 3556 in
617 3507 756 3580 corpore
774 3487 948 3575 nnartiruusq
966 3484 1050 3555 sacia
1069 3504 1153 3556 sun·-

43 3583 168 3664 auinens
187 3595 218 3654 et
234 3605 318 3654 voce
337 3604 490 3670 sonorus„
507 3584 550 3654 ita
568 3594 603 3654 et
618 3587 650 3654 in
667 3583 811 3656 moribus
830 3581 1067 3676 discrepabant.
1094 3581 1153 3652 llle

44 3675 75 3743 nd
89 3679 355 3771 magnificandum
367 3691 400 3751 et
409 3678 575 3752 ditandum
586 3685 865 3774 consanguineas„
884 3679 925 3752 ad
935 3678 1153 3772 regnandum„

45 3773 188 3850 nobilibus
206 3781 237 3850 in
254 3777 471 3850 exaudiendis
491 3800 605 3850 eorum
623 3778 836 3873 peticionibus
855 3780 958 3851 aciani
969 3777 1153 3872 preindig-

44 3873 85 3942 nis
100 3873 376 3971 complacendum,
394 3874 434 3946 ad
453 3876 660 3948 vestiendum
681 3879 845 3948 annuuntim
863 3878 1047 3972 plusquam
1069 3897 1154 3968 sep-

44 3975 173 4062 tuaginta
197 3979 331 4046 comites
355 3982 388 4045 et
416 3973 534 4046 milites
562 3973 767 4061 intendebam
795 3978 857 4046 iste
881 3973 923 4044 de
947 3970 1063 4044 talibus
1088 3994 1153 4042 non

44 4075 165 4142 camut.
201 4071 288 4144 Dixit
306 4075 408 4143 enirn:
431 4074 529 4160 Absit,
548 4077 637 4162 parad
650 4093 712 4144 rea
723 4077 861 4143 Francia
875 4093 936 4163 per
953 4073 1155 4160 aornanpai-

90 4217 116 4281 lt
135 4219 224 4276 luciam
243 4227 353 4292 erginnt
372 4238 420 4276 uus
440 4221 481 4287 Α.,
508 4221 571 4277 lelrlt
590 4221 632 4276 bei
652 4221 679 4278 ll.
701 4221 754 4276 und
771 4223 804 4278 G.
840 4221 871 4286 2)
891 4221 992 4277 electus
1012 4219 1098 4276 baben
1119 4219 1155 4288 B„

45 4285 69 4340 b'.
86 4291 133 4346 und
153 4293 228 4366 dnn,
245 4293 364 4350 adiectus
382 4295 414 4348 Α.
434 4293 487 4348 und
502 4293 546 4349 W.
583 4293 613 4362 3)
633 4293 705 4351 misit
722 4309 770 4350 aus
789 4294 820 4350 Α.
840 4294 893 4350 und
907 4293 963 4365 W.‚
981 4293 1107 4366 expendit
1125 4291 1155 4346 G.
