3010 4822
267 200 341 280 538
607 198 1053 268 muuoosaaauoaaausa.

185 398 256 455 1350
270 391 385 463 clavos
403 411 444 461 ac
460 389 604 481 gladium
618 389 730 462 Karoia
747 393 872 482 magni,
889 409 1035 462 necnon
1051 389 1128 480 alia
1145 407 1209 482 quo
1224 397 1401 464 remmota

271 489 402 560 luerunt
425 490 459 560 in
482 487 600 582 oppido
623 486 787 560 Moaaoho
817 509 877 581 per
899 484 1112 560 ludewicum
1137 494 1264 580 patrem
1291 507 1402 576 auum,

272 581 400 658 tradidit
415 584 539 658 Karoia
555 589 629 678 regi
646 583 792 680 predicto
809 587 842 658 in
857 583 1071 676 Nurenherg‚
1087 587 1142 677 uui
1158 586 1192 660 in
1207 581 1401 662 Bohcmiattt

269 685 484 758 incivitatem
502 684 709 776 Prageneem
725 686 796 776 ipsa
814 681 953 758 deducit
983 681 1078 760 Unde
1089 681 1301 759 luncuentiua
1319 703 1402 778 papa

269 792 386 878 posim
403 779 446 852 de
461 778 512 856 his
530 780 676 875 speciale
691 778 812 854 festam
829 779 952 854 indixit.

319 879 372 952 Dc
390 899 507 952 mense
525 887 667 970 augusto
686 881 769 971 [iun.
787 877 826 968 7]
847 878 1028 974 patriarcha
1040 878 1291 972 Aquilegiansia
1310 889 1402 956 aua-

270 999 356 1052 nuus
368 975 480 1067 valde,
490 975 730 1072 quihudewieo
741 976 886 1072 predicto
896 976 1075 1051 marchioni
1088 975 1404 1071 Brandenhurgauai

270 1086 305 1148 et
321 1077 403 1169 patri
421 1095 482 1147 suo
498 1077 532 1146 ia
548 1073 714 1148 llarinthia
732 1076 867 1150 multum
884 1072 1077 1164 resistebat,
1103 1097 1163 1170 per
1177 1077 1354 1150 aaaaeinos
1371 1087 1404 1152 ut

270 1174 324 1248 alii
342 1171 464 1262 dieunt,
482 1171 568 1267 quod
584 1175 618 1243 in
635 1175 759 1267 eampis
776 1194 837 1268 per
854 1175 1018 1246 inimiurm
1029 1194 1124 1246 suom
1142 1177 1296 1250 comitem
1311 1171 1403 1248 Gur-

270 1276 419 1344 oensem¹
440 1279 475 1343 ιιι
491 1267 659 1342 dioehatur
675 1292 736 1365 per
752 1269 911 1365 quosdam
928 1273 1034 1346 extitit
1048 1270 1250 1348 medeare.

319 1367 445 1442 Eodem
457 1389 544 1440 anno
553 1389 671 1442 mense
682 1371 814 1460 augusti
825 1370 920 1460 [aug.
932 1367 997 1459 22]
1010 1366 1251 1463 Philippuerex
1262 1369 1404 1445 Francia
1485 1431 1486 1436 ,

147 1507 149 1510 -
269 1468 584 1560 prenominatusiam
597 1475 744 1540 mortuus
756 1476 821 1556 ost,
835 1476 869 1537 et
879 1469 1117 1560 primogenitus
1129 1466 1403 1558 sumlohaanea,
1485 1519 1486 1552 ι

269 1567 322 1660 qui
339 1563 479 1638 duxerat
495 1563 594 1638 liliam
610 1561 764 1638 Iohannis
780 1566 873 1655 regia
895 1562 1054 1636 Bohemie
1077 1567 1176 1640 oeoiai
1199 1566 1233 1636 io
1256 1563 1348 1638 hello
1371 1575 1406 1638 ut
1485 1571 1486 1656 t

274 1685 385 1757 supra,
401 1683 468 1756 quo
484 1672 582 1736 antea
599 1671 725 1734 medua
743 1660 813 1752 luit,
833 1658 894 1734 sihi
911 1664 1075 1736 suecessit
1094 1663 1129 1734 in
1143 1683 1263 1754 reguo.
1280 1662 1403 1738 Conna
1485 1659 1486 1716 t

273 1783 373 1855 quem
389 1781 452 1832 rex
467 1760 593 1853 Anglie
611 1769 725 1834 movet
741 1781 910 1851 guerram,
928 1762 1012 1836 siout
1030 1769 1141 1832 eontm
1159 1769 1298 1854 patrem.

317 1857 445 1931 Eodem
455 1879 542 1930 anno
552 1859 595 1930 de
606 1879 723 1932 menae
740 1861 871 1950 augusti
883 1854 1082 1931 hadewicus
1092 1855 1404 1953 Brandenhnrgan-

270 1961 317 2036 sis
339 1977 515 2034 assumens
538 1977 652 2030 mcum
678 1955 859 2050 liupertum
883 1953 1001 2028 ducem
1024 1953 1200 2046 Bawaaa,
1217 1959 1404 2051 pahuelem

271 2077 366 2132 auum
384 2057 696 2148 supranominatum,
714 2073 789 2126 oum
806 2053 914 2126 multis
933 2054 1066 2125 armatis
1090 2053 1235 2134 collectio
1259 2055 1305 2128 de
1330 2056 1404 2130 Ba·

174 2177 176 2182 ·
271 2156 375 2226 waria
394 2162 428 2224 et
443 2150 568 2224 Suevia
586 2153 683 2223 intrat
699 2149 957 2224 marchionatum
972 2149 1355 2244 Brandenhurganacm,
1372 2163 1405 2226 et
1485 2181 1486 2240 i

271 2253 386 2324 transit
402 2273 462 2345 per
477 2247 679 2322 Boheuriam.
707 2248 838 2340 Regina
848 2250 1014 2322 concessit
1030 2244 1092 2324 aihi
1105 2248 1231 2342 aliquos
1244 2261 1404 2338 armatae,
1485 2273 1486 2312 ι

271 2359 305 2422 et
321 2351 354 2422 in
371 2345 594 2420 marchionatu
608 2357 782 2441 recuperat
798 2347 923 2440 aliquas
940 2347 1105 2436 civitates,
1122 2369 1185 2439 qua
1202 2351 1235 2420 in
1253 2347 1405 2424 obseura

272 2471 332 2522 sua
357 2444 398 2518 ab
422 2467 463 2518 eo
491 2442 703 2518 diverterant
754 2444 816 2516 llic
842 2442 961 2517 eodem
987 2453 1136 2538 tempore
1158 2443 1243 2522 duaa
1267 2467 1405 2520 sorores

272 2567 352 2620 suaa
370 2567 416 2618 ex
430 2552 524 2636 parte
533 2540 702 2616 hadewici
719 2544 819 2638 patris
829 2544 952 2638 nupsit,
963 2563 1062 2612 unam
1074 2541 1165 2614 fratri
1174 2547 1268 2636 regis
1279 2543 1404 2636 Uaga-

272 2647 321 2716 rie
339 2643 624 2736 ειιριιιιιοιιιίιιιιίιᾈ2
642 2641 739 2712 aliam
755 2639 822 2712 filio
845 2640 964 2712 domini
988 2637 1121 2712 Mastitai
1145 2637 1187 2712 de
1212 2639 1316 2714 Scala
1339 2639 1405 2712 do-

272 2743 348 2814 an‘ni
366 2740 592 2828 Veronensis,
610 2739 663 2833 qui
681 2736 742 2810 sihi
763 2741 798 2810 in
820 2740 950 2812 introitu
968 2735 1207 2813 marchionatus
1223 2738 1405 2812 Brandau·

272 2837 450 2930 hurgensis
468 2857 622 2928 magnam
640 2838 813 2928 poemiam
830 2839 999 2910 mutuavit
1037 2835 1100 2907 llio
1112 2833 1275 2912 Μιιιῑίιιιιε
1289 2847 1405 2932 postea

274 2936 419 3008 decessit
434 2955 522 3006 anno
539 2933 695 3006 moechi
714 2932 883 3006 demensa
894 2935 992 3008 iunio.
1018 2930 1187 3006 Predictua
1199 2956 1283 3010 vero
1291 2933 1404 3008 Lude-

273 3036 382 3106 wicua
399 3029 543 3103 marchio
558 3035 591 3102 in
608 3029 754 3102 diarchia
771 3051 928 3122 guerram
938 3052 1080 3106 movens
1096 3053 1157 3125 per
1171 3053 1272 3106 unum
1284 3053 1405 3108 annum

275 3141 310 3202 et
326 3133 468 3224 quinque
485 3149 621 3200 menses
639 3131 791 3200 mutinae
801 3131 993 3221 permansit,
1010 3138 1045 3201 et
1060 3127 1194 3203 huden
1208 3129 1323 3220 [1351
1336 3129 1404 3200 dec

275 3227 339 3319 24]
359 3225 654 3300 intervenientibus
671 3223 872 3316 tractatibus,
888 3223 1016 3300 duobus
1031 3225 1185 3300 fratrihua
1202 3231 1288 3318 auia,
1305 3225 1405 3300 vide-

274 3326 351 3398 licet
366 3324 545 3396 ludewico
562 3324 712 3396 Romano
729 3333 764 3395 et
780 3321 902 3413 otum,
918 3323 1174 3399 marchionatum
1184 3323 1405 3401 inBraodca·

275 3422 361 3515 burg
376 3422 505 3516 reliquit
520 3443 566 3494 ex
583 3431 661 3511 toto,
677 3431 713 3492 et
728 3424 801 3516 ipae
816 3420 1005 3494 Bawariam
1022 3425 1230 3514 superarem
1240 3445 1302 3517 pro
1320 3431 1405 3496 eoric

274 3519 462 3594 hereditatis
490 3541 552 3592 aue
569 3521 697 3611 accipit
714 3528 749 3591 ot
765 3539 886 3592 voecm
905 3521 939 3590 in
961 3519 1123 3596 electione
1150 3523 1243 3612 regis
1268 3519 1406 3594 Romani

274 3621 400 3690 ratione
418 3615 659 3690 marchionatus
682 3615 818 3710 predicti
834 3619 978 3708 retinam,
1001 3627 1035 3688 et
1058 3637 1145 3692 anno
1168 3618 1341 3692 mccclii.
1365 3614 1405 3688 da

275 3737 392 3790 menae
408 3716 546 3786 ianuarii
561 3715 595 3785 in
614 3711 803 3788 Bawariam
819 3723 872 3788 est
887 3735 1061 3790 reversus.

330 3863 360 3934 i)
379 3863 457 3919 uara.
494 3861 525 3931 θ)
544 3861 603 3918 hier
621 3861 692 3932 iolgt
710 3861 736 3917 in
756 3862 807 3918 deu
828 3861 979 3920 ahdrhciran
999 3865 1069 3920 noch
1089 3863 1128 3920 aia
1150 3869 1251 3933 amata,
1269 3864 1313 3920 ioh
1327 3861 1404 3920 weiss

276 3937 350 3992 nieht
368 3935 404 3992 oh
416 3935 465 3991 dea
478 3931 627 3990 varimaera
646 3933 713 3990 oder
731 3933 780 3989 der
796 3931 993 4004 heaurgeher:
1011 3935 1061 3991 llio
1078 3939 1198 3992 normae
1215 3943 1261 3992 cat
1272 3951 1344 3994 nno
1355 3935 1406 3990 do-

276 4007 339 4066 mini
359 4004 505 4064 maceliii.
525 4004 617 4060 atrati
638 4004 676 4060 uit
693 4004 815 4062 heredes.
853 4005 902 4060 llio
920 4005 1080 4062 Wilhelmua
1105 4013 1170 4080 poet
1197 4007 1301 4062 ahiman
1320 4005 1405 4062 aare

275 4077 369 4134 incidit
386 4077 413 4132 in
433 4077 561 4156 iurarem,
580 4022 710 4130 allartur
728 4093 762 4130 ex
788 4073 876 4132 divina
902 4076 1015 4132 vindicta
1041 4095 1088 4150 per
1131 4077 1246 4134 ooddaar
1273 4075 1404 4134 arbitrium

274 4165 356 4222 anper
374 4147 546 4204 dissensione
563 4145 631 4201 inter
649 4145 742 4204 ducem
760 4145 900 4203 Brahaatie
918 4153 946 4202 et
969 4148 1091 4206 mattea
1139 4149 1310 4208 awanam
1326 4143 1398 4218 quod

275 4235 356 4293 saper
373 4223 538 4276 sacramanto
557 4215 713 4279 anaante
736 4217 919 4294 sollempniter
941 4217 1032 4281 turm
1048 4215 1173 4294 promffit
1194 4219 1296 4284 inam·
1318 4215 1395 4288 lara,
