2982 4824
259 247 333 325 658
433 245 611 306 lllNORl'lilE
630 244 821 306 mouuuuuu
840 249 950 306 GESTA
968 245 1212 308 IMPERATORUM.

260 421 422 518 centibus⁷
447 434 585 519 paterne
604 427 721 521 vipere
744 425 933 519 geniminis'
954 435 988 497 et
1004 425 1180 520 alumpnis‚
1205 421 1388 498 turbabatur

260 522 416 615 eulasia,
434 520 518 596 fides
535 523 689 617 periculis
707 526 810 597 variis
827 519 1027 613 sublacense
1051 526 1170 596 iustitia
1187 527 1221 596 in
1238 527 1388 618 tynam

259 619 337 693 ulem
354 643 455 695 versu
484 632 556 692 erat
572 631 606 693 et
619 621 841 696 heresiarchis
865 619 1091 696 crescentibus
1107 625 1173 694 iam
1189 618 1389 714 cogebantur

260 717 313 790 dei
331 718 522 794 sacerdotes
540 723 830 793 excommunicatis
842 729 876 790 et
885 718 1062 792 interdictis
1081 717 1253 793 celebrare
1271 718 1388 810 diviua

260 819 469 912 episcopatus
480 819 545 888 iam
556 827 589 890 et
601 817 745 892 ecclesie
761 816 904 909 indignis
922 821 987 888 iam
1003 814 1216 892 uatlebantur
1227 815 1270 888 ad
1281 827 1388 890 votum

260 923 295 984 et
316 912 549 989 auferebantur
567 937 627 1010 per
649 911 773 988 libitum
791 915 980 1006 voluntatis
1005 912 1045 986 ab
1069 913 1131 990 biis
1149 913 1317 1004 videlieet,
1339 917 1388 1009 qui

260 1009 303 1084 de
327 1013 398 1084 iure
421 1033 484 1085 nec
508 1011 660 1085 conferre
686 1022 836 1107 poterant
852 1035 916 1085 nec
932 1011 1074 1084 auferre.
1111 1011 1269 1086 Summus
1293 1013 1389 1104 igitur

257 1107 407 1204 pontifex
422 1108 484 1182 biis
502 1120 648 1201 macnus,
672 1107 826 1184 Urbanus
844 1108 998 1184 videlicet
1014 1119 1161 1205 quartus,
1185 1133 1309 1184 vocare
1327 1110 1390 1182 ali-

258 1228 357 1303 quem
372 1217 538 1303 potentem
555 1207 726 1304 disposuit,
750 1211 803 1304 qui
821 1217 1062 1304 compateretur
1077 1209 1180 1282 ruinis
1199 1207 1342 1282 ecclesie
1359 1217 1390 1278 et

304 1307 388 1400 ‘pro
406 1302 568 1377 donadei
587 1308 733 1380 staretin
749 1305 866 1402 prelio,
885 1305 978 1379 malis
996 1303 1146 1378 omnibus
1158 1327 1197 1380 se
1208 1327 1388 1401 opponens.

171 1449 175 1457 -
288 1412 300 1473 i
323 1404 397 1498 quia
420 1402 528 1475 inclita
553 1402 669 1476 domus
693 1401 748 1476 illa
771 1401 974 1476 Francorum
1001 1402 1145 1479 ecclesie
1171 1425 1308 1498 semper
1335 1402 1391 1474 fuit

176 1563 180 1570 .
256 1499 427 1592 singulare
451 1500 617 1592 refugium
639 1503 672 1572 in
696 1501 876 1594 pressuris,
901 1503 985 1574 siout
1006 1503 1161 1597 preterita
1186 1509 1285 1594 gesta
1331 1523 1390 1574 ro-

255 1587 347 1687 bant,
370 1593 528 1670 Karolum
551 1595 652 1670 filium
671 1594 828 1672 lodovici
848 1598 1016 1672 Provintie
1033 1596 1164 1689 ducem
1188 1595 1290 1670 Fuloa
1334 1599 1391 1670 erii

241 1689 290 1766 'et
311 1693 515 1787 Andagavie
538 1698 689 1768 comitem
714 1699 759 1768 uti
782 1718 824 1768 ue
848 1693 1086 1770 nobilissimum
1109 1697 1263 1786 militem,
1291 1699 1389 1767 armis

256 1801 440 1884 succuum,
459 1791 524 1864 lide
541 1797 745 1889 precipuum,
761 1719 938 1866 borisiaci
955 1793 1098 1866 ecclesie
1109 1791 1260 1865 Romane
1278 1791 1390 1868 devo

254 1897 323 1962 tum
351 1891 440 1962 susci
463 1892 487 1962 it
520 1889 740 1964 defensorem.
781 1889 861 1988 Setl
874 1900 909 1963 ut
934 1888 1037 1962 libere
1070 1888 1256 1985 supradicta
1282 1893 1390 1962 omnia

254 1997 371 2081 posset
397 2009 418 2057 e
455 2008 545 2080 cere,
569 1989 676 2084 ipsum
701 1991 836 2062 instituit
859 2009 978 2080 regem
995 1986 1105 2060 Sicilie
1130 1997 1164 2058 et
1187 1989 1275 2060 alme
1301 1986 1389 2060 urbis

256 2079 356 2156 efficit
371 2093 570 2158 senatorem.
591 2084 629 2159 ln
647 2089 739 2160 cuius
757 2085 913 2159 auxilium
932 2107 1064 2158 crucem
1103 2082 1242 2158 retlioari
1260 2083 1390 2158 mandat

254 2182 290 2253 in
305 2177 443 2254 Francia
462 2193 495 2255 et
512 2183 728 2258 ecclesiarum
745 2184 889 2256 omnium
913 2181 1058 2256 decimas
1076 2108 1107 2254 ll

254 2377 385 2454 auxiliis
401 2389 435 2452 et
451 2373 679 2452 benedictione
695 2380 804 2475 papali
826 2389 981 2474 percepta
1000 2400 1073 2450 eum
1090 2381 1288 2452 remissione
1306 2401 1390 2473 pec-

255 2477 432 2568 maman,
457 2498 531 2549 oum
555 2475 706 2550 militibus
733 2479 837 2574 primo
860 2479 973 2571 paucis
988 2497 1027 2548 se
1042 2478 1125 2548 mari
1146 2472 1276 2548 turbato
1294 2498 1391 2548 com·-

254 2573 354 2665 misit
371 2582 461 2648 etse
480 2573 634 2668 periculis
648 2574 809 2647 undarum
824 2576 987 2670 exposuit.
1005 2571 1126 2668 Sioque
1143 2576 1281 2666 navigio
1298 2595 1391 2646 mare

254 2667 389 2746 sulcans
406 2693 507 2745 sanus
526 2681 560 2744 et
575 2672 746 2748 incolumis
757 2670 896 2744 Romam
909 2673 1000 2743 venit
1012 2681 1046 2743 et
1061 2692 1129 2744 non
1145 2673 1217 2744 siae
1235 2671 1390 2766 periculis

1099 2185 1149 2254 ‘cti
1165 2185 1264 2276 regni
1283 2187 1317 2254 θῑ
1334 2205 1392 2278 Ρθῐ
1478 2269 1479 2278 ,

19 2283 24 2292 .
137 2281 140 2287 -
217 2281 361 2354 'annos
380 2281 522 2376 quinque
538 2283 674 2377 precipit
691 2283 865 2373 assignari.
888 2279 959 2354 Hiis
977 2281 1076 2371 igitur
1093 2278 1235 2354 Karalus
1254 2281 1390 2375 superus

254 2777 291 2844 et
305 2768 431 2844 insidiis
448 2769 594 2863 plurimis
613 2771 906 2863 orucisignatorum
923 2765 1043 2840 ibidem
1057 2771 1240 2842 exercitum
1259 2789 1391 2864 expec-
1477 2771 1478 2776 ’

254 2868 345 2937 mvii
385 2866 446 2953 Qui
468 2866 676 2961 postmodum
699 2865 776 2940 dum
800 2868 990 2956 venissenu
1024 2866 1191 2961 paululum
1216 2870 1390 2954 recreatis,

254 2981 397 3056 regnum
414 2986 488 3038 cum
504 2962 656 3039 omnibus
673 2967 829 3056 mucius,
853 2975 888 3036 et
904 2985 1089 3056 congressu
1110 2959 1219 3035 habito
1237 2987 1315 3036 cum
1333 2973 1390 3057 ty-

231 3080 373 3152 ranno,
402 3063 509 3156 ipsum
533 3065 600 3136 vitu
623 3082 796 3159 regnoque
818 3063 974 3156 privavit,
1001 3061 1111 3133 multis
1136 3083 1182 3135 ex
1207 3057 1390 3134 fautoribus

255 3159 327 3232 eius
344 3162 460 3256 capus,
485 3161 571 3233 cesis
597 3159 745 3254 plurimis
762 3169 796 3232 et
812 3161 931 3234 occisis
949 3180 1036 3230 anno
1059 3157 1178 3231 domini
1197 3157 1388 3232 accinat.
1476 3245 1477 3264 p

255 3250 309 3326 die
325 3260 461 3331 veneris
478 3259 512 3328 in
529 3255 783 3352 quadragesima
802 3260 935 3352 prima²
1012 3299 1015 3306 «

211 3401 213 3406 .
303 3346 375 3428 Hiis
398 3375 559 3449 prospere
577 3356 625 3430 sic
640 3356 783 3449 peractis
799 3365 964 3428 terrentur
980 3349 1094 3429 hostes
1114 3353 1260 3427 ecclesie
1277 3363 1313 3425 et
1329 3374 1390 3426 re-

199 3485 204 3492 ·
253 3439 370 3526 belles.
403 3449 451 3546 At
472 3451 614 3526 sauceia
636 3463 768 3548 putans,
795 3450 882 3547 quod
904 3453 1039 3526 vexatio
1066 3449 1162 3524 daret
1187 3451 1390 3524 intellectum

253 3543 521 3640 commisionis
546 3551 619 3642 regi
645 3549 789 3640 mandat,
812 3557 848 3621 ut
873 3549 906 3620 in
923 3549 1076 3622 Tusciam
1099 3571 1191 3620 arma
1209 3557 1335 3640 vertat,
1359 3553 1391 3618 ei

254 3649 327 3720 eius
344 3655 539 3742 potestatem
557 3655 809 3742 contemperans
820 3649 997 3742 paciarium
1009 3669 1086 3718 eum
1097 3653 1196 3719 vocat
1212 3645 1391 3734 mandans,

157 3755 173 3800 -’
254 3753 289 3816 ut
310 3763 428 3818 omnes
452 3741 494 3815 ad
515 3765 633 3840 pacem
655 3747 802 3838 recipiat,
826 3767 880 3839 qur
904 3745 934 3814 ei
955 3743 1119 3818 voluerint
1143 3741 1292 3816 obedire.
1320 3739 1390 3816 Sed
1475 3785 1476 3814 r

253 3832 427 3916 senenses
444 3842 567 3934 pariter
588 3851 621 3914 et
636 3841 760 3936 Rysani
778 3852 811 3914 et
826 3861 943 3916 omnes
961 3837 1127 3913 Florentio
1144 3837 1300 3914 Gibellini
1325 3861 1390 3912 nec
1475 3841 1476 3888 l

253 3959 370 4032 pacem
394 3933 536 4012 oblatam
558 3941 740 4035 suscipiunt
764 3947 797 4010 et
816 3935 951 4010 obedire
967 3947 1213 4034 contempnunt,
1238 3938 1295 4030 vel
1314 3937 1390 4032 quria

203 4087 205 4092 ⁵
308 4108 338 4178 l)
357 4109 390 4168 s'o
407 4111 464 4168 tort
479 4101 595 4170 Ribmar'
613 4111 661 4170 tar
680 4093 777 4183 galifa
796 4112 844 4170 der
862 4113 903 4168 bs.
922 4114 986 4182 auf3·
1008 4125 1069 4168 maa
1089 4111 1171 4170 sollte
1189 4111 1269 4170 einen
1287 4109 1389 4170 ablatis

253 4187 392 4238 erwarten.
427 4181 460 4247 R)
484 4179 559 4240 diosa
580 4183 701 4240 sublaobt
723 4181 767 4240 bei
785 4183 920 4242 Benevent
945 4177 1008 4240 land
1032 4201 1073 4238 am
1097 4180 1142 4240 26.
1161 4179 1215 4240 feb.
1235 4189 1317 4256 stru,
1341 4197 1387 4238 wo

252 4247 400 4326 tlierdiupa
420 4253 517 4328 lisitag
534 4253 599 4313 aber
617 4251 690 4313 nicbt
707 4252 911 4330 quadragesima
930 4253 1013 4326 prima
1033 4269 1098 4310 war.
