2904 4822
230 192 304 266 30,
544 189 718 258 numerous
737 191 782 260 nn
795 188 1081 248 ιιιιιειιιιιιοιιιιε.
1190 271 1191 274 Ν

147 373 217 434 1³38
232 362 307 436 dem
323 362 480 436 liberatos
497 361 662 458 predictos
682 360 879 438 ludewicus
902 365 1050 457 precepit
1065 357 1216 434 omnibus
1233 360 1364 432 clericis

229 471 263 534 et
278 462 382 556 laycis
407 463 458 536 sul
480 463 618 556 imperii
642 485 685 534 ue
709 465 780 557 quis
804 460 960 557 deinceps
984 481 1162 556 processus
1179 449 1284 534 iactos
1303 481 1365 554 per
1390 523 1395 532 .

229 579 347 654 papam
366 559 546 634 Iohannem
561 559 740 654 predictum
757 570 869 632 contra
889 582 967 632 euru
984 557 1192 648 observaret
1208 561 1362 654 privans¹
1393 614 1408 639 .

228 679 390 751 personas
406 668 440 729 et
457 658 617 730 ecclesias
627 655 777 732 omnibus
793 658 976 752 privilegiis
994 667 1027 728 et
1036 656 1130 730 bonis
1140 679 1202 751 per
1211 675 1289 728 eum
1300 677 1364 728 seu

229 777 307 829 suos
319 754 576 850 predecessores
588 760 769 844 oonoessis,
781 753 1078 850 inquibuspredicti
1088 773 1267 849 processus
1275 775 1364 848 pape

161 917 164 924 .
226 851 380 928 lobannis
389 857 469 925 xrrii.
481 852 748 927 observarentur.
765 852 896 926 Exinde
906 853 1006 924 multe
1014 853 1156 927 ecclesie
1167 851 1365 944 regnilbla-

228 955 336 1022 menie
352 962 603 1046 resumpserunt
619 951 739 1024 divina.
758 951 812 1024 Ex
826 948 942 1046 quibus
959 973 1024 1022 una
1042 950 1253 1024 fuiteoclesie
1266 947 1364 1020 Con-

228 1051 429 1138 sennensis„
443 1041 711 1161 Maguntinensis
727 1048 895 1143 dyocesis,
913 1071 977 1144 que
994 1043 1103 1120 tamen
1113 1043 1311 1120 cessaverat
1321 1044 1364 1116 eb

228 1149 425 1239 eudemi
442 1145 607 1241 usquead
626 1171 746 1220 annum
758 1149 909 1220 xxxviiii.
927 1145 970 1217 Et
980 1155 1056 1216 tunc
1067 1146 1226 1239 compulsi
1236 1166 1298 1240 per
1309 1147 1365 1215 ei-

121 1273 123 1278 ’
227 1249 291 1322 ves
308 1248 558 1340 resumpserunt
574 1244 686 1318 divina
702 1250 735 1318 in
752 1255 869 1318 octava
888 1243 1060 1338 epiphanie
1076 1243 1197 1316 domini
1213 1253 1279 1314 tam
1297 1263 1364 1315 se-

227 1343 356 1416 culares
381 1365 477 1438 quam
494 1338 653 1434 religiosi,
678 1365 814 1437 quorum
837 1352 948 1414 tamen
971 1342 1067 1436 aliqui
1090 1351 1305 1414 recesserunt
1328 1351 1366 1410 ut

227 1437 447 1513 observarent
466 1439 679 1512 interdictum.
698 1438 822 1528 Quibus
839 1439 921 1512 fauit
936 1438 1087 1513 dominus
1104 1438 1272 1533 Nyoolaus
1283 1449 1365 1510 tunc

228 1535 488 1612 constantiensis
506 1540 694 1633 episcopus,
713 1541 785 1612 sine
799 1541 891 1610 cuius
910 1559 1077 1611 consensu
1093 1547 1263 1631 resumpta
1279 1535 1365 1608 fue-

226 1645 301 1706 runt
315 1634 437 1708 divina.
541 1635 810 1708 Prediotaautem
821 1634 1101 1730 resumpeio'faeta
1113 1633 1172 1706 fuit
1187 1636 1365 1729 partiorex

226 1731 379 1827 predictis
398 1737 520 1824 causis,
538 1737 655 1828 partim
672 1755 718 1807 ex
734 1756 776 1806 eo
794 1731 880 1828 quod
896 1732 1046 1806 dominus
1056 1731 1257 1805 Benedictus
1274 1753 1363 1826 papa

225 1833 281 1902 xii.
300 1851 467 1925 nunquam
476 1831 621 1904 voluerit
635 1832 790 1906 relaxare
807 1831 849 1902 ad
866 1841 995 1925 tempus
1006 1828 1212 1902 interdictum
1220 1830 1325 1902 latum
1343 1853 1363 1898 a

226 1926 372 2000 Iohanne
381 1951 466 2023 papa
484 1933 578 2021 aurit,
595 1930 672 2002 licet
687 1932 759 2024 ipse
769 1928 933 2002 lohannes
942 1933 1054 2023 sepius
1071 1926 1364 2022 adtempusrela-

225 2035 351 2098 xusset.
369 2027 490 2121 Alique
508 2038 617 2100 nmen
635 2028 776 2101 ecclesie
786 2049 952 2120 nunquam
967 2024 1190 2100 observabant
1199 2023 1364 2098 interdic-

226 2133 314 2213 tum,
345 2133 381 2194 ut
400 2125 660 2216 Argentinensis
678 2123 846 2220 Spirensis
863 2121 1114 2200 Warrnecensis
1131 2125 1363 2216 Augustensis
1440 2125 1441 2128 ’

226 2220 428 2296 Aistetensis
439 2221 622 2312 doriensis,
640 2227 809 2316 provincie
822 2221 1095 2312 Magundnensis.
1114 2221 1236 2316 Alique
1254 2223 1365 2292 eciam
1440 2221 1441 2224 ’

98 2409 101 2414 Ι
228 2317 369 2390 ecclesie
388 2331 610 2392 servaverunt
626 2323 658 2390 in
668 2319 813 2414 dyocesi
824 2317 1066 2394 constantiensi
1083 2341 1147 2392 una
1158 2341 1234 2390 oum
1244 2318 1365 2392 ecole-

227 2417 276 2488 sia
298 2415 491 2507 Besiliensi,
515 2422 607 2489 cuius
631 2427 740 2488 temen
765 2417 919 2511 dyocesis
942 2440 1010 2489 non
1033 2419 1195 2508 servavit,
1219 2426 1364 2510 excepto
1440 2499 1441 2506 ἵ

179 2573 181 2578 ,
227 2512 345 2606 oppido
362 2513 589 2585 Rinveldensi.
607 2515 650 2585 Et
665 2537 823 2608 magnum
841 2513 1031 2587 scandalum
1042 2515 1187 2586 brittunc
1202 2517 1364 2608 temporis

227 2608 330 2680 iudei
348 2612 502 2702 ecclesie7
521 2611 562 2682 de
573 2633 637 2708 pro
653 2613 727 2707 plus
744 2613 863 2686 nisset
879 2611 1055 2684 dolendum
1076 2616 1104 2684 si
1123 2616 1157 2683 in
1174 2621 1363 2705 contemptu
1440 2695 1441 2700 η

229 2705 318 2778 sedis
336 2707 456 2780 fecwm
466 2709 671 2801 luissetnon
689 2710 882 2806 exquadam
895 2711 1015 2804 pietate
1026 2709 1283 2806 qrramhornines
1295 2707 1365 2779 ba·
1440 2745 1441 2758 ι

228 2801 400 2876 bebanted
411 2806 531 2878 cultum
543 2807 688 2879 divinum
699 2809 755 2884 vei
773 2807 856 2878 forte
873 2808 993 2878 iactum
1004 2807 1074 2899 bnt,
1092 2811 1165 2903 qnia
1177 2805 1298 2878 dietrrnr
1311 2817 1366 2878 est
1440 2871 1441 2900 ἶ

229 2923 290 2994 per
299 2903 497 2996 apostolum:
510 2907 582 2976 Nisi
592 2910 715 2976 emon
730 2909 887 2976 ueneno
893 2911 1037 2994 primum
1047 2915 1113 2997 etc„
1131 2904 1366 2999 quodpropter
1440 2939 1441 2966 2

229 2998 378 3072 duritem
394 3005 526 3074 nimiam
543 3025 627 3098 pape
646 3002 813 3074 Benedicti
835 3006 906 3092 nii.ff
924 3007 977 3098 qui
1000 3025 1165 3098 nunquam
1182 3006 1297 3097 eciam
1321 3001 1365 3071 ad
1440 3009 1441 3014 ’

224 3107 357 3194 ,ternpus
375 3099 538 3174 modicum
554 3101 659 3172 voluit
669 3100 779 3174 duna
791 3099 975 3174 concedere
987 3112 1019 3171 et
1030 3097 1236 3196 suspendere
1252 3103 1366 3172 inter-

229 3192 361 3286 dictum,
379 3196 464 3292 quod
482 3208 592 3270 tamen
608 3221 692 3293 papa
709 3195 872 3270 iohannes
889 3201 969 3271 xxii.
989 3220 1071 3294 sepe
1087 3196 1215 3270 lecitad
1226 3201 1367 3292 petitio-

229 3313 307 3362 nem
318 3304 383 3364 torn
399 3292 553 3368 nobilium
570 3317 668 3390 quam
685 3300 860 3369 ulutatum.
877 3293 921 3368 Et
935 3296 1010 3368 ideo
1027 3308 1175 3391 tempore
1193 3298 1265 3368 eius
1283 3317 1368 3382 ser-

229 3387 369 3461 vahstu
390 3391 506 3465 melius
528 3391 732 3466 interdictum
750 3416 846 3490 quam
863 3403 1011 3490 tempore
1027 3392 1208 3482 Benedicti,
1227 3411 1279 3466 ex·
1291 3395 1366 3464 eius
1440 3413 1441 3446 ³

231 3489 318 3558 enim
328 3485 443 3560 duritia
453 3487 594 3562 multiab
611 3488 844 3568 observatione
855 3489 1023 3566 resilibont
1032 3496 1121 3564 iuxta
1132 3489 1211 3562 illud
1222 3491 1368 3586 sapien·
1440 3519 1441 3522 ¹

103 3679 107 3684 Ι
229 3585 270 3654 tis
288 3583 422 3660 dictum:
443 3587 773 3680 piaememoriae,
791 3593 1087 3688 eltettsanputnam.

268 3785 295 3856 i)
311 3787 368 3844 bier
382 3787 474 3860 loigeri
490 3790 515 3845 in
531 3790 578 3846 der
595 3791 637 3846 hs.
651 3789 720 3848 noch
736 3789 792 3846 drei
807 3790 985 3848 buohstaben:
1006 3791 1040 3846 tis
1055 3789 1122 3847 oder
1136 3789 1184 3860 eis,
1203 3788 1310 3844 welche
1324 3789 1367 3846 iclr

232 3857 303 3913 nieht
317 3877 349 3915 zu
365 3861 459 3916 deuten
475 3860 564 3916 weiss.
685 3871 689 3876 “
1223 3863 1227 3871 ’
