2900 4820
201 243 276 324 270
503 247 667 305 mmmns
686 244 1025 306 nuawnunuaennsrs.

118 439 190 497 1349
204 426 236 494 in
248 443 310 518 qua
321 421 524 512 narrabatur„
542 445 660 516 regem
670 423 874 518 Aquisgrani
888 446 933 496 ex
943 445 1033 497 novo
1051 443 1218 496 consensu
1234 423 1334 518 prin-

203 524 310 615 cipum
334 522 474 594 electum
492 532 525 592 et
542 533 732 595 coronatum
754 525 787 592 in
804 545 935 614 regern„
962 545 1007 594 ex
1023 524 1203 596 vacacione
1221 543 1335 615 qnon-

204 617 279 688 dem
296 618 464 692 Ludowici
481 622 650 714 principis:
669 620 711 691 de
728 619 791 690 lroc
808 630 989 692 commotus
1008 622 1137 714 scripsit
1153 622 1240 712 regi7
1258 621 1333 692 sic-

199 729 267 810 'que
286 716 381 788 ambo
395 727 594 790 manserunt.
623 715 769 789 Merchio
781 727 892 788 eutem
904 739 978 788 cum
988 717 1130 790 Mastino
1142 717 1334 788 Veronensi

202 814 303 904 ligam
332 819 504 905 contraxit,
533 817 670 910 eiusque
699 815 764 889 lilio
793 837 886 888 suam
904 837 950 888 ex
976 813 1123 910 predicta
1140 813 1335 907 Margareta

204 909 304 982 filiam
321 911 560 1008 desponsavit¹

202 1063 253 1134 De
270 1069 508 1135 conuococioae
526 1067 688 1134 exercitus
706 1068 740 1134 tn
752 1066 962 1154 Mopmtoiom
975 1084 1038 1153 per
1048 1065 1206 1134 liorolom
1223 1083 1336 1155 repent

300 1171 416 1234 contro
437 1163 632 1234 Giintlemm
649 1165 690 1232 de
707 1163 902 1252 Suorzlorp
919 1167 1024 1234 eciam
1041 1166 1184 1232 electum.

198 1309 202 1318 ’
254 1293 460 1368 Convocavit
483 1305 593 1367 autem
615 1317 680 1368 rex
695 1293 837 1368 llarolus
863 1298 1043 1370 exercitum
1062 1295 1104 1366 ed
1120 1295 1334 1387 lllogunciam

202 1397 236 1464 in
254 1397 348 1465 maio.
375 1393 559 1486 llloguntini
577 1397 665 1464 enim
682 1391 907 1464 sibiinodium
917 1393 1062 1464 Heinrici
1079 1391 1332 1488 archiepiscopi,

203 1495 257 1586 qui
275 1511 333 1565 eos
351 1492 487 1582 leserat,
511 1502 544 1563 et
560 1489 932 1581 Frenkenlordensium,
956 1515 975 1562 a
994 1489 1110 1585 quibus
1127 1511 1191 1563 rex
1214 1490 1335 1564 abelu-

202 1591 286 1661 lerat
302 1589 463 1662 nundinas
476 1589 558 1662 dens
569 1587 785 1680 lrloguntinis7
803 1589 938 1659 firmiter
949 1586 1159 1660 adheserunt
1185 1587 1335 1661 intencio

201 1697 313 1760 eutem
330 1686 597 1780 llloguntinorum
614 1687 685 1776 ime„
703 1707 899 1780 expugnare
917 1686 1227 1781 opidumnluevill,
1246 1709 1334 1758 oon-

202 1795 359 1859 structum
385 1807 446 1880 per
462 1784 690 1876 llloguntinum
718 1805 820 1878 super
835 1783 978 1874 Renumff
1006 1783 1048 1856 ad
1070 1784 1151 1857 duas
1179 1785 1296 1858 leucas
1315 1807 1334 1856 a

201 1883 390 1976 llogunoie.
422 1881 610 1955 Giintherus
635 1891 757 1970 autem,
780 1882 920 1954 letaliter
942 1881 1103 1972 infirmus,
1128 1905 1202 1954 cum
1231 1893 1334 1975 gente

197 2003 263 2054 sua
290 2005 330 2055 ee
358 1982 591 2054 innitente
620 1979 802 2051 collocavit.
838 1977 1046 2052 Transeunte
1074 1991 1185 2052 autem
1208 1979 1333 2052 Karolo

201 2079 345 2168 Renum,
363 2077 493 2152 ducenti
510 2083 636 2174 equites
651 2074 810 2149 Giintheri
826 2079 983 2170 impetum
1000 2077 1159 2151 facientes
1172 2076 1333 2150 Karolum

201 2186 397 2248 terruerunt.
428 2177 669 2249 Accelerantes
693 2184 803 2246 nutem
827 2177 954 2268 equites
971 2173 1153 2246 Eberhardi
1171 2175 1214 2245 de
1231 2173 1332 2246 Wir-

201 2273 343 2366 tenberg
360 2286 393 2346 et
410 2274 539 2368 quidam
557 2275 610 2345 elii
627 2273 831 2364 fugaverunt
848 2271 997 2363 eosdem
1020 2275 1054 2344 in
1072 2293 1134 2367 qrra
1154 2272 1333 2365 lugaoione

201 2371 292 2444 multi
309 2373 428 2446 milites
448 2383 523 2445 sunt
538 2375 649 2444 creati.

250 2469 400 2542 Veniens
420 2481 529 2541 autem
546 2468 690 2540 marchio
708 2469 750 2539 de
767 2464 1011 2560 Brandenburg
1028 2471 1101 2541 sine
1125 2477 1242 2559 gente„
1266 2467 1333 2540 ha·

198 2565 272 2640 bitis
297 2565 485 2640 utentibus
510 2591 584 2639 curn
600 2589 698 2658 rege7
722 2565 842 2638 videns
860 2567 965 2636 eciam
983 2563 1189 2638 Giintherum
1209 2565 1332 2638 lectum

198 2662 389 2754 invalidum„
414 2669 592 2757 negocium
615 2667 832 2757 comportavit
857 2665 938 2754 [mai
955 2663 1036 2752 26]Ἶ
1061 2666 1104 2734 ita
1128 2661 1215 2757 quod
1232 2662 1333 2734 Giin-

198 2759 314 2833 thero⁴
338 2759 412 2832 data
443 2772 518 2834 sunt
544 2761 726 2854 vigintiduo
757 2761 843 2832 milia
873 2781 1057 2832 marcarum
1087 2772 1121 2832 ct
1145 2761 1210 2832 duc
1235 2759 1333 2854 opida

198 2857 378 2950 Thuringie
395 2859 574 2953 imperialia
592 2880 651 2953 pro
669 2869 818 2952 tempore
836 2860 906 2930 vite
924 2879 995 2930 sue.
1027 2857 1122 2944 Quod
1139 2861 1212 2952 ipse
1230 2855 1331 2929 Giin-

197 2953 323 3046 lherun
340 2956 416 3026 licet
431 2955 592 3045 inlirmus,
610 2955 783 3028 diliiculter
799 2959 979 3046 consensit
999 2958 1103 3028 eciam
1120 2954 1207 3050 quod
1222 2975 1328 3027 sanus

196 3052 383 3125 nullatenus
402 3057 641 3144 consensisset,
659 3052 701 3123 de
718 3053 916 3146 principum⁵
929 3052 1067 3146 perfidia
1085 3051 1330 3146 conquerendo

198 3148 284 3222 Obiit
300 3163 411 3224 autem
426 3155 499 3246 ipse
510 3149 697 3222 Giinthems
715 3150 798 3220 inira
814 3171 975 3238 mensem,
994 3154 1072 3222 etin
1086 3151 1229 3222 ecclesia
1244 3171 1333 3243 per*

197 3247 330 3320 roclriali
347 3252 381 3319 in
398 3247 618 3320 Frankenlurt
639 3257 796 3342 presente
820 3269 904 3338 rege
921 3249 980 3318 luit
997 3269 1071 3318 cum
1088 3247 1332 3318 lamentacione

198 3339 374 3439 sepulum
399 3347 477 3417 Rex
494 3349 581 3417 enim
591 3341 955 3417 Frunkenlordensibus
967 3354 1001 3415 et
1017 3343 1180 3417 nundinas
1199 3353 1233 3415 et
1249 3365 1333 3416 om-

252 3471 281 3542 l)
300 3474 329 3528 ln
349 3475 380 3529 A.
401 3475 471 3545 lolgt
490 3475 574 3530 noch:
599 3473 708 3530 Reversi
734 3477 797 3528 sunl
822 3479 908 3529 eutem
928 3471 1114 3544 liedyolunum
1152 3477 1197 3529 ost
1216 3477 1333 3529 mortem

195 3542 265 3602 tuce
283 3551 339 3601 tres
359 3545 404 3601 lilii
423 3545 512 3602 fratris
531 3546 582 3616 eui,
607 3545 741 3616 quondam
760 3545 887 3618 Stephani
908 3545 1089 3616 mardrponis⁷
1138 3546 1242 3616 etheus,
1261 3545 1333 3600 llar-

197 3614 280 3672 nebas
299 3622 326 3672 et
344 3617 495 3686 Goleacius,
515 3633 582 3688 quos
602 3617 685 3672 Lucae
705 3615 821 3670 eiecerat
839 3616 873 3670 dc
891 3623 970 3686 terre,
990 3633 1023 3672 ue
1043 3617 1245 3672 dominarentur
1263 3615 1331 3674 loco

196 3686 286 3759 patris.
316 3685 390 3753 Quos
413 3689 549 3824 pecudem
568 3689 671 3758 Arme,
696 3703 787 3741 comes
807 3685 957 3756 sabaudie,
983 3687 1093 3742 nutrivit
1112 3703 1170 3741 eum
1190 3685 1244 3741 ulio
1265 3703 1331 3758 auo,

197 3775 267 3813 nunc
281 3759 386 3814 comite.
438 3759 472 3828 ul,
487 3765 607 3814 tenentes
623 3757 794 3827 singulariter
805 3757 945 3830 palacium,
965 3763 1072 3813 strenue
1088 3775 1117 3812 se
1132 3763 1231 3812 tenent.
1252 3755 1333 3824 Quos

195 3829 223 3884 'et
247 3829 465 3902 archiepiscopus
490 3829 703 3900 liedvolanensls
729 3827 863 3883 abhorret.
898 3827 1012 3900 Reliquit
1036 3835 1123 3884 autern
1146 3827 1232 3883 Lucas
1257 3829 1332 3886 duos

196 3899 281 3984 lilios²
300 3917 369 3974 quos
389 3902 523 3974 predictus
544 3901 684 3956 Gelencius
704 3915 769 3953 suos
790 3915 850 3954 esse
869 3899 1016 3972 pretendit,
1039 3917 1097 3955 cunr
1118 3915 1228 3954 uxorem
1250 3899 1333 3970 Luce,

197 3987 230 4025 eo
258 3979 371 4039 vivente,
399 3973 465 4026 clam
493 3972 668 4042 cognovisset
695 3969 813 4025 adultere
842 3971 1001 4043 frequenter.
1039 3971 1069 4037 2)
1096 3987 1155 4025 curn
1182 3977 1270 4026 castro
1299 3971 1336 4027 A.

196 4043 228 4110 3)
248 4045 317 4124 opud
332 4043 483 4098 lleinricum
499 4043 680 4112 linguntinum
699 4047 762 4095 tunc
780 4041 812 4096 Α.
849 4041 879 4108 4)
898 4057 948 4114 pro
968 4041 1174 4096 renunciaeione
1193 4041 1259 4096 iuris
1279 4057 1334 4097 sae

197 4111 335 4168 electionis
354 4115 386 4170 Α.
423 4117 453 4182 5)
473 4113 620 4186 principum
640 4129 750 4168 suorum
769 4112 922 4182 electorum,
941 4113 1092 4184 specialiter
1110 4112 1283 4168 llawnrorum
1299 4115 1333 4170 Α.

196 4185 228 4250 o)
247 4201 300 4256 quo
320 4185 425 4256 sepulto
444 4183 708 4240 Frankeniurdensee
727 4183 754 4238 in
772 4190 926 4258 perpetuam
946 4185 1099 4242 memoriam
1118 4182 1276 4258 solempne,
1306 4189 1338 4244 ul

195 4255 276 4312 ‘decet
294 4272 395 4328 regem,
414 4257 534 4313 lecerunt
547 4256 729 4330 sepulchrum.
748 4255 779 4310 Α.
853 4293 858 4302 ·
