2904 4822
264 189 313 265 54
563 179 1087 242 mersurumssmuavru.

181 356 250 416 ²³⁴⁸
263 363 433 435 victamam
460 357 589 433 obsedit
610 360 774 430 civitatem
796 359 928 431 nomiae
953 353 1075 448 caim,
1102 355 1145 430 ad
1161 380 1260 452 quum
1275 361 1399 450 regina

262 459 387 551 Anglie
404 479 490 530 uxor
507 481 567 532 sua
584 479 658 528 cum
675 453 876 527 multitudine
888 455 1022 528 militum
1032 456 1269 546 transfretavit
1288 459 1399 550 ipsum

262 561 400 630 visitans
423 566 498 651 past
520 552 723 648 triumphum.
741 553 811 626 Sed
834 576 907 625 cum
930 575 993 624 rex
1014 557 1051 626 iu
1065 551 1235 625 obsidione
1253 557 1399 626 civitatis

261 655 407 751 predicte
424 675 549 726 moram
567 651 722 742 traheret,
751 674 839 724 aava
857 654 993 746 recepit,
1017 649 1103 744 quad
1119 674 1181 722 rex
1196 651 1399 724 Scbctorum

263 776 337 825 cum
353 755 496 824 maxima
514 749 716 822 multitudine
734 759 931 820 armatarum
948 753 1122 840 ingressus
1141 759 1234 822 esset
1250 772 1399 842 regnum

260 851 386 942 Anglie
408 848 527 922 valens
550 851 657 942 ipsum
680 846 721 918 eb
738 849 983 940 impugnatione
1000 849 1092 938 regis
1109 844 1249 918 Francie
1265 851 1322 918 cui
1339 849 1399 920 fa-

260 945 361 1020 vebat
377 969 550 1019 revocure.
568 945 636 1018 Sed
653 967 717 1015 rex
732 945 858 1036 Anglie
874 943 915 1015 ab
933 943 996 1015 hoa
1006 940 1046 1014 ab
1058 942 1227 1016 obsidione
1245 967 1316 1017 nou
1333 969 1399 1018 re-

261 1049 374 1136 cessit
398 1044 459 1117 sed
480 1053 608 1139 partem
631 1042 742 1114 militie
759 1046 846 1115 misit
862 1045 895 1112 in
912 1041 1083 1132 Anglium„
1101 1045 1154 1136 qui
1171 1043 1398 1134 confligentes

260 1165 334 1214 oum
351 1165 434 1235 rege
451 1141 584 1212 Sabatie
600 1145 707 1234 ipsum
725 1150 909 1231 cogentem
926 1161 1020 1212 suam
1031 1143 1172 1234 capiunt,
1190 1150 1225 1211 et
1241 1141 1400 1212 occidunt

259 1241 391 1328 mutas„
417 1243 557 1334 regique
582 1238 708 1330 Anglie
733 1241 880 1309 intimant
901 1246 1068 1332 peractam
1085 1240 1257 1310 victorium
1273 1259 1398 1311 meuse

259 1334 450 1410 novembris
467 1359 553 1408 anno
569 1336 650 1408 xlvi.
668 1346 852 1430 prenotata
868 1338 903 1407 ia
918 1356 982 1429 quo
998 1331 1074 1406 bina
1091 1357 1154 1406 rex
1163 1335 1293 1426 Anglie
1305 1340 1398 1430 poti-

259 1438 458 1508 tusvictan'e
471 1433 735 1526 inFrancigenas
754 1443 786 1504 et
801 1437 836 1504 in
849 1431 989 1506 Schotos
999 1454 1118 1525 regem
1128 1431 1269 1506 Francie
1280 1433 1397 1506 Sabo-

259 1535 310 1605 eio
327 1541 362 1604 et
375 1532 501 1624 Angla
520 1554 559 1606 se
575 1531 743 1604 denotavit
759 1554 799 1602 ao
815 1533 953 1626 scripsit

257 1847 308 1917 De
330 1845 569 1935 approbatione
592 1846 757 1914 electionis
780 1845 898 1914 Koratt
915 1861 978 1933 per
998 1846 1202 1934 Clementem,
1227 1851 1399 1934 memoro

356 1949 531 2013 coronatus
547 1939 650 2026 fucrit
663 1947 698 2012 ta
715 1945 836 2031 oppida
853 1944 1024 2012 Buaaeast.
1447 1991 1448 1996 ,

305 2097 501 2168 erravero
513 2093 774 2189 predictaxl.vi.‚
792 2096 858 2165 viii.
875 2093 948 2166 idus
958 2091 1149 2166 novembris
1162 2097 1257 2184 [nav.
1272 2095 1315 2184 6]
1328 2118 1396 2189 pa-

256 2191 298 2289 pa
317 2190 473 2265 Clemens
491 2194 535 2264 vi.
554 2194 587 2262 im
604 2188 732 2284 publica
749 2193 943 2263 consistorio
959 2191 1141 2282 Aviniane
1160 2189 1214 2263 ubi
1225 2201 1308 2264 tunc
1319 2215 1397 2264 oum

257 2293 345 2366 auria
365 2313 425 2362 sua
442 2288 578 2379 resedit,
596 2285 789 2384 approbavit
807 2288 1002 2360 electionem
1018 2288 1136 2360 factam
1153 2287 1197 2359 de
1214 2290 1345 2364 Karolu
1362 2297 1396 2365 in
1447 2349 1448 2352 ,

256 2411 374 2483 ragam
395 2387 638 2478 Romanorum,
662 2407 758 2480 quam
788 2383 1055 2482 approbationem
1076 2386 1219 2460 Karalus
1243 2394 1397 2481 pecierat
1447 2395 1448 2400 ’

278 2509 316 2558 er
339 2485 622 2578 ardriepisoapum
644 2485 860 2574 Pragensem.
878 2480 1131 2579 Apprabaciane
1150 2509 1234 2557 vera
1252 2485 1344 2560 sacta
1362 2500 1397 2561 et
1447 2567 1448 2574 ἵ

256 2511 379 2655 Karala
397 2583 589 2655 transmissa
607 2603 667 2676 per
683 2604 813 2677 papam
831 2586 903 2676 ipse
919 2580 1061 2654 Karalus
1079 2595 1255 2656 coronatus
1281 2583 1345 2658 luit
1361 2591 1396 2658 in
1447 2575 1448 2632 ἶ

256 2679 615 2772 regem·Ramanarum
639 2701 725 2751 anno
744 2691 776 2751 et
792 2701 909 2752 mense
926 2678 1081 2774 predictis
1099 2683 1143 2752 vi.
1161 2680 1226 2752 kal.
1246 2679 1396 2756 decem·
1447 2701 1448 2706 ’

258 2776 325 2851 bris
346 2779 439 2869 [nov.
459 2776 522 2865 26]
542 2779 576 2847 in
598 2777 717 2870 oppido
739 2777 910 2850 Bonnensi
932 2799 993 2871 per
1015 2775 1300 2872 archiepiscopum
1319 2781 1397 2854 Ca-
1447 2827 1448 2854 2

254 2876 451 2963 tamensem„
474 2871 681 2969 presentibus
705 2875 907 2946 lbeverensi
930 2885 963 2945 et
979 2873 1226 2967 Magantiueusi
1251 2877 1396 2952 archie-
1447 2877 1448 2964 ζ

253 2973 409 3066 piscapis,
433 2981 467 3042 et
483 2969 675 3065 quibusdam
698 2973 769 3044 aliis
788 2975 962 3066 episcopis
987 2983 1020 3043 et
1036 2972 1144 3046 multis
1161 2972 1329 3050 nobilibus
1348 2979 1397 3050 il·

252 3069 358 3144 lurum
375 3071 533 3162 parcium,
551 3073 605 3163 qui
622 3093 682 3142 sua
693 3068 790 3140 ieada
801 3071 980 3164 imperialia
991 3067 1031 3140 ab
1044 3093 1085 3141 ea
1096 3081 1260 3166 tamqrram
1272 3097 1293 3145 a
1305 3097 1396 3168 rege

252 3167 476 3241 Romanouum
493 3176 697 3261 receperunt.
714 3167 757 3238 Et
774 3171 822 3240 sic
837 3167 979 3240 Karalus
998 3179 1171 3241 coronatus
1189 3170 1267 3241 inde
1285 3195 1396 3246 rece·
1447 3183 1448 3278 l

253 3264 336 3336 deus
360 3264 445 3336 olam
468 3266 500 3334 in
517 3263 627 3336 habitu
645 3265 789 3336 scutiferi
806 3268 937 3337 intravit
959 3264 1162 3357 Bobemiam
1180 3290 1329 3359 regnum
1346 3271 1396 3344 il-
1447 3281 1448 3354 l

252 3361 310 3435 lud
319 3365 390 3433 iure
400 3359 596 3434 hereditaria
606 3384 839 3455 possessurae,
850 3366 943 3434 ouius
954 3369 1203 3457 pussessionem
1214 3369 1314 3459 pater
1325 3367 1395 3440 ba·

252 3456 381 3548 morat,
399 3461 522 3552 etipse
539 3481 580 3535 aa
599 3464 735 3531 vivente
752 3463 822 3531 iura
839 3463 936 3552 regni
946 3464 1198 3534 ministraverat.
1218 3464 1394 3538 Attamen

252 3565 387 3649 propter
404 3559 581 3650 patentium
599 3560 649 3630 sui
667 3557 851 3630 adversarii
867 3581 928 3652 per
943 3580 1085 3649 reguum
1102 3561 1281 3632 Alamanie
1298 3563 1395 3656 pub-
1447 3599 1448 3610 ³

251 3652 315 3724 lice
331 3652 487 3746 progredi
504 3676 570 3725 non
588 3653 730 3726 audebat
745 3665 878 3748 propter
888 3655 1022 3728 insidias
1040 3655 1099 3746 sibi
1110 3661 1248 3750 positas3
1267 3671 1302 3730 et
1313 3659 1394 3734 idea
1447 3663 1448 3726 Ξ

253 3757 415 3845 tamquam
431 3753 579 3844 privatus
596 3751 797 3824 dextrarium
814 3757 848 3823 in
866 3775 963 3824 manu
975 3752 1099 3825 ducens
1111 3753 1227 3826 ceKidc
1239 3759 1396 3850 sicreg-
1447 3765 1448 3824 J

251 3869 330 3919 num
354 3871 450 3920 suum
475 3848 633 3919 Bobemie
657 3853 831 3941 ingressus
856 3860 908 3922 est
930 3870 1046 3922 mense
1064 3847 1249 3924 decembris
1269 3857 1303 3926 in
1322 3855 1394 3927 fine

251 3948 327 4017 anui
343 3947 425 4018 xlvi.
455 3945 555 4019 Cuius
580 3957 676 4037 gesta
703 3945 756 4018 bio
778 3947 944 4039 finiuntur,
972 3947 1014 4020 ad
1040 3971 1160 4020 annum
1189 3963 1393 4046 sequentem
1447 3985 1448 4000 ¹

251 4051 346 4138 gesta
364 4064 423 4115 sua
442 4055 475 4114 et
491 4045 554 4116 alia
571 4042 775 4118 denotantes.
