3010 4822
467 231 640 294 bitinicus
660 235 912 296 nunnonittnms.
1181 245 1253 316 555

122 408 282 488 stanb'bus
300 409 512 507 prooessibus
529 433 614 508 pape
630 415 763 486 intravit
778 412 902 486 liobam
920 435 995 488 oum
1005 419 1119 510 pavois
1136 439 1254 489 arma-
1271 425 1340 486 test

122 516 163 585 tis
191 514 314 606 primo,
339 507 458 582 deinde
482 533 555 582 ouur
580 510 739 584 adiutorio
761 521 925 584 rootororu
950 513 1152 607 quorundam
1178 524 1255 588 tuuc

120 610 227 698 latre,
244 608 399 680 videlieet
415 606 515 682 Oanis
532 607 575 678 de
591 608 740 699 Verona,
756 607 902 684 Galeaoii
919 609 1053 706 prediati
1063 609 1106 682 de
1119 611 1253 684 bledio-

120 711 212 796 iano,
229 707 381 778 Casu-otii
400 704 443 776 de
458 705 578 796 Laena,
596 709 824 802 episeoporum
835 706 1026 798 &aalma
1042 709 1085 781 de
1102 710 1252 784 Venetis

120 817 155 878 et
173 806 383 878 Aretinensis
399 825 596 894 aasuorum,
614 805 760 878 eolleetis
777 815 811 878 ot
823 804 1133 898 supervenientibus
1144 809 1253 884 mrrltis

121 901 353 998 sipontinus,
370 925 445 975 oum
462 905 604 998 potentia
621 906 773 976 transivit
789 902 927 994 tntum,
943 901 1073 977 obsedit
1088 908 1252 978 divitatem

121 1002 289 1090 Pisanam,
313 1011 345 1072 et
368 1003 460 1074 veuit
482 999 526 1072 ad
553 998 667 1072 urbem
690 1001 884 1074 Romanam.
936 999 997 1074 Ubi
1021 1013 1175 1098 roeeptus
1202 1015 1254 1078 est
1270 1011 1340 1070 ¹328

120 1099 278 1174 benivole
294 1121 314 1169 a
333 1099 453 1193 populo
470 1098 621 1172 Romano
638 1109 672 1172 et
688 1121 748 1192 par
770 1099 843 1172 illos
866 1099 1036 1174 Romanos
1059 1099 1186 1175 nobiles
1210 1101 1252 1176 de

120 1197 303 1292 Columpna
321 1209 354 1269 et
370 1197 589 1293 principaliter
605 1218 624 1266 a
641 1194 742 1269 Serra
763 1195 806 1268 de
833 1194 1014 1293 Columpua
1041 1204 1252 1295 supranomi-

118 1307 207 1371 nato.
255 1291 318 1368 Ubi
334 1293 378 1366 ad
394 1297 645 1388 suggestionem
662 1293 865 1389 quonmdam
882 1295 1075 1369 olorinorum
1093 1305 1126 1370 et
1142 1301 1252 1393 populi

118 1396 261 1468 Romani
278 1391 459 1486 prediotum
475 1413 594 1488 papam
610 1390 790 1466 Iohannem
808 1392 977 1488 deponere
1000 1397 1196 1489 presumsit,
1220 1409 1253 1470 et

118 1494 163 1565 de
191 1492 328 1564 oonsilio
345 1491 563 1585 predietorum
581 1490 744 1585 quendam
767 1491 902 1564 fratrem
924 1491 1108 1580 Minorem,
1133 1493 1251 1568 diotarm

119 1593 255 1663 Petrum
272 1587 314 1660 de
334 1587 509 1676 Curvario,
529 1608 654 1662 novum
672 1611 790 1685 papam
808 1587 971 1662 ordinavit
990 1593 1069 1681 [mai
1089 1590 1163 1681 121.
1189 1594 1251 1681 Qui

119 1695 334 1762 consecratus
352 1687 410 1760 nur
427 1709 446 1758 a
463 1687 590 1782 prefato
605 1691 762 1782 episeopo
780 1685 989 1778 Castelluno,
1014 1697 1046 1760 et
1069 1690 1251 1783 appellatus

118 1785 280 1858 Nieolaus
310 1807 396 1879 papa
419 1787 558 1878 quintus.
607 1783 650 1857 Et
676 1783 716 1858 ab
745 1807 787 1858 eo
813 1795 961 1879 tompore
988 1789 1067 1858 eitra
1096 1809 1251 1879 magnum

117 1883 262 1958 sebisma
280 1892 359 1954 tuno
375 1881 435 1954 fuit
450 1885 484 1954 in
500 1882 592 1956 olero
608 1893 642 1954 et
657 1882 777 1978 populo
794 1885 828 1954 in
844 1881 934 1954 ltalia
951 1893 986 1954 et
1012 1887 1046 1956 in
1062 1882 1251 1977 mimalia,

116 1984 193 2077 quia
211 1979 298 2052 idem
315 2002 400 2074 papa
417 1977 581 2054 lobannes
601 1979 644 2052 de
660 1981 781 2053 multis.
793 1981 943 2055 eeclesiis
967 1992 1000 2054 et
1022 1981 1195 2076 prelaturis
1218 1986 1251 2056 in

115 2078 273 2175 prodistis
292 2079 470 2172 proviuoiis
488 2081 521 2149 in
539 2076 648 2150 odium
665 2077 884 2173 pretiosorum
901 2079 1055 2173 providit,
1072 2102 1153 2174 quas
1166 2103 1250 2175 pro-

116 2180 267 2250 visiones
285 2174 372 2247 idem
388 2174 567 2248 Ludwious
585 2187 619 2248 et
635 2198 716 2250 suus
730 2175 885 2249 Nioolaus
903 2180 1054 2271 antipapa
1071 2177 1248 2272 impedivit

114 2273 284 2349 Interdum
300 2275 399 2344 etiam
417 2273 513 2368 aliqui
530 2283 607 2347 sunt
623 2273 767 2346 admissi.
804 2273 846 2345 Et
861 2275 895 2345 in
908 2271 989 2346 urbe
1005 2273 1150 2368 predicta
1166 2299 1250 2371 pre-

116 2372 225 2445 dietus
241 2369 440 2446 ludewicus
458 2393 477 2443 a
497 2370 624 2465 prelato
636 2369 773 2444 Nioolao
791 2381 842 2445 est
859 2381 1034 2446 oorouatus
1052 2374 1085 2446 in
1101 2375 1250 2468 inpera-

114 2482 237 2559 torem
265 2479 299 2541 et
325 2466 366 2540 ab
392 2467 455 2542 boa
481 2473 514 2542 in
541 2480 708 2564 posterum
739 2491 778 2544 se
808 2473 1039 2563 imperatorem
1063 2471 1192 2566 seripsit
1218 2484 1251 2544 et

116 2568 306 2663 appellavit
343 2564 438 2642 Seias
449 2565 536 2662 qaod
552 2571 642 2661 prius
657 2577 732 2640 ante
749 2566 987 2640 ordinationem
997 2567 1133 2662 predicti
1143 2567 1250 2642 Nino-

114 2669 160 2738 lai
189 2665 248 2736 luit
270 2675 444 2738 eoronatus
468 2688 487 2737 a
518 2665 657 2760 quodam
689 2667 773 2738 laioo
799 2667 930 2759 antiquo
953 2666 1124 2756 Romano„
1154 2679 1251 2762 prout

113 2764 201 2836 inira
216 2765 383 2853 invenies,
403 2773 551 2858 tempore
569 2763 718 2836 eiusdem
736 2760 913 2834 Ludewioi.
939 2762 981 2834 Et
999 2762 1164 2858 predietus
1182 2789 1249 2837 an-

112 2865 224 2956 tipapa
235 2860 390 2934 Niooluus
408 2861 569 2956 quosdam
585 2859 768 2936 sardiuales
786 2863 925 2951 creavit,
944 2862 1091 2954 legatum
1102 2865 1133 2935 iu
1145 2862 1248 2936 Lom-

112 2957 263 3056 purdiam
280 2961 366 3032 misit
382 2971 495 3032 eontra
511 2959 659 3052 legatum
675 2958 828 3032 lobannis
846 2981 943 3053 pape,
962 2958 1119 3054 quasdam
1137 2963 1249 3036 literas

111 3056 178 3132 sub
205 3055 291 3128 bulla
317 3079 377 3130 sua
401 3057 443 3128 ad
460 3059 609 3130 divitates
637 3056 728 3130 ltalie
755 3056 883 3130 ooeulte
907 3067 940 3128 ei
962 3056 1136 3132 manifeste
1163 3063 1250 3134 misit

111 3177 218 3249 super
235 3152 439 3250 depositione
454 3153 608 3228 lobannis
626 3176 730 3251 pape,
748 3165 781 3226 et
803 3152 1033 3248 reprobatione
1059 3159 1248 3248 opinionum

111 3254 403 3326 determinatarum
420 3275 480 3348 per
497 3252 640 3326 eundem
656 3250 836 3326 lobannem
858 3251 900 3323 de
923 3254 1054 3348 proprio
1078 3251 1197 3326 Christi
1215 3263 1249 3325 et

108 3351 351 3446 apostotorum,
371 3361 405 3422 et
422 3349 589 3425 similibus.
616 3350 713 3423 lluno
729 3353 762 3422 in
779 3349 904 3423 bonore
923 3351 979 3423 vel
997 3349 1122 3443 pudore
1140 3355 1246 3446 potius

108 3450 168 3522 ioli
188 3451 399 3540 existentem,
426 3449 566 3544 quedam
589 3449 725 3538 manlieu,
750 3447 864 3522 disens
891 3470 929 3522 se
953 3458 1030 3520 ante
1057 3461 1246 3547 suseeptum

107 3545 262 3619 ordinem
270 3568 344 3618 oum
351 3569 393 3620 eo
402 3551 621 3638 eontraxissa
631 3545 822 3620 vendicavit
828 3550 861 3618 in
871 3550 1021 3618 maritum
1028 3569 1139 3620 eoram
1151 3552 1246 3642 epis-

107 3667 196 3739 eopo
203 3645 554 3742 libatiamqaieognita
562 3645 1242 3740 eausatulitsententiampromatrimonio.¹

106 3744 214 3816 Anno
230 3741 460 3816 decimoteroio
477 3744 682 3839 pontificatus
701 3747 751 3816 sui
776 3743 863 3816 idenr
886 3741 1050 3844 lohannes
1077 3743 1247 3816 Avinione

106 3861 291 3937 processus
308 3845 562 3933 aggravatorios
581 3839 681 3916 valdo
697 3862 851 3916 enormes
871 3841 948 3912 feeit
964 3849 1076 3912 eontra
1085 3837 1246 3913 bodowi-

107 3961 187 4011 eum
204 3949 238 4010 et
254 3935 425 4012 Niaolaum
442 3938 615 4034 predictos.
642 3962 663 3989 ·

162 4113 194 4182 l)
212 4113 280 4169 Vide
299 4114 362 4186 quid
381 4115 445 4171 iuris
465 4117 534 4174 eirea
563 4119 674 4177 similem
701 4120 835 4177 materiam
862 4118 934 4191 quod
960 4125 1019 4174 not.
1044 4117 1119 4174 lxxix
1143 4118 1245 4174 dieitur.

104 4185 136 4242 Si
155 4185 216 4258 uuis
237 4183 384 4266 pennulam,
402 4185 429 4242 in
450 4188 486 4257 gl.
504 4189 607 4246 videtur
627 4191 682 4248 fleri
703 4192 772 4262 lolgt
798 4191 859 4248 bier
879 4190 947 4246 noeb
974 4189 1000 4246 in
1021 4189 1073 4244 den
1094 4190 1246 4247 abdrt‘nken

105 4257 174 4315 tentt
194 4255 303 4315 abortu
323 4257 370 4318 der
388 4258 545 4332 Neubarger
564 4264 604 4318 bs.
