3014 4822
287 211 359 289 486
610 207 763 272 mutuas
783 207 1086 272 strenuissumus.

202 393 272 454 ιιιι
288 392 529 561 priurpltpppus
542 387 582 460 ιι
600 399 685 486 equo
703 401 736 462 et
766 398 923 481 agrotans
941 407 1001 486 pcr
1018 405 1161 485 paucos
1157 385 1238 460 dies
1262 385 1415 483 suspira
1484 373 1485 474 3

286 491 336 564 vit
384 512 404 558 e
478 485 517 578 7]
1484 559 1485 576 Ξ

339 488 443 658 C[irca
441 585 686 680 penthecosten
709 586 869 679 [martti]
897 591 1072 680 imperator
1093 537 1262 680 depontus
1280 583 1417 702 disponit
1484 595 1485 598 ’

287 687 406 760 venire
423 687 457 755 iu
474 682 626 774 Galliam
642 685 809 758 locuturus
827 705 902 757 cunr
919 680 1111 778 quibusdam
1130 680 1282 756 fidelibus
1299 686 1416 756 suisio

287 779 478 874 Burgtmdia
505 791 539 853 et
561 803 687 855 vocans
711 781 754 854 ad
776 782 863 855 diem
885 783 1037 876 placitum
1055 779 1173 853 ducem
1191 777 1417 852 meontiect
1484 787 1485 792 ’

288 882 408 956 multos
431 877 558 954 nobiles
584 880 626 951 de
649 879 852 969 Τιιιιιοιιιι,
879 891 914 952 ιι
936 899 1048 950 coram
1070 884 1121 952 eis
1143 881 1416 972 expurgationem

287 979 415 1054 faceret
431 979 484 1066 (ut
497 976 681 1069 dicebatur)
699 977 742 1049 de
758 974 894 1050 obiectis
911 974 972 1050 sibi
990 999 1008 1046 a
1025 997 1110 1071 papa
1127 973 1327 1050 criminibus.
1352 975 1417 1048 Sed

289 1099 363 1150 curn
381 1077 558 1150 Taurinum
575 1079 738 1166 venisset
755 1079 907 1169 pertenit
923 1073 965 1146 ad
983 1093 1059 1146 cum
1070 1074 1178 1160 fama
1198 1073 1287 1169 quod
1302 1075 1417 1146 Parma

287 1177 424 1262 civitas
441 1174 518 1245 olim
535 1171 596 1246 sihi
613 1171 737 1263 fidelis
756 1171 796 1245 ιι
815 1195 856 1245 eo
873 1173 1015 1245 descivit
1033 1173 1114 1260 [iun.
1133 1127 1218 1264 1ι];
1234 1171 1360 1247 Ιἰιιιιι
1350 1193 1418 1266 ipse

291 1281 424 1346 enectus
442 1279 494 1343 est
510 1269 629 1343 redire
666 1226 817 1345 Parmam
840 1268 969 1343 obsedit
991 1280 1026 1340 et
1047 1273 1213 1344 civitatem
1236 1268 1485 1344 novamini

290 1369 473 1458 edificavit
500 1372 551 1440 cui
569 1389 691 1441 nornen
707 1369 852 1440 Victoria
869 1371 1012 1462 imponit.
1048 1365 1118 1439 Sed
1136 1369 1213 1440 dum
1231 1371 1329 1440 cives
1346 1387 1419 1438 eun

286 1468 425 1542 viriliter
440 1470 636 1540 resistentes
654 1469 831 1581 excipiunt,
848 1467 879 1538 cl
896 1487 942 1536 ex
958 1469 1007 1539 eis
1024 1469 1109 1560 capti
1126 1476 1211 1538 suut

337 1567 415 1639 Post
430 1575 569 1638 mortem
580 1563 714 1637 Henucr
724 1585 816 1655 regas
828 1563 1035 1636 Coloniensis
1046 1561 1315 1658 archiepiscopis
1326 1561 1419 1655 Lug*
1484 1489 1485 1656 Ξ

289 1664 411 1736 dunum
428 1662 511 1751 adit
537 1661 704 1735 locuturus
725 1681 800 1734 cum
823 1683 907 1756 papa
931 1659 973 1730 de
990 1659 1194 1734 ordinatione
1210 1663 1485 1796 episcopatusp
1484 1667 1485 1678 ’

231 1761 233 1766 ’
288 1759 481 1835 leodiensis
498 1715 576 1832 dunc
596 1763 756 1832 vacantis.

341 1860 420 1930 Post
446 1879 586 1951 paucum
611 1867 740 1952 tempus
768 1877 852 1950 papa
880 1859 973 1928 mittit
997 1857 1145 1948 legatum
1178 1859 1211 1926 in
1238 1850 1420 1928 Teuthouia

289 1957 422 2030 Petrum
436 1954 621 2048 dyaconum
633 1953 832 2026 cardinalem
843 1951 1090 2044 sananeorgn
1102 1952 1145 2023 sd
1155 1953 1271 2026 velum
1283 1974 1420 2025 ameum

287 2075 348 2150 pro
364 2073 454 2124 novo
471 2073 556 2145 rege
574 2051 743 2124 creando
734 2073 768 2123 ru
786 2049 978 2123 Teuthonia.

337 2147 524 2243 Ludolphus
550 2153 725 2243 episcopus
749 2147 1024 2222 Monostcriensis
1049 2145 1127 2220 obiit
1153 2147 1342 2239 [iunio]
1369 2152 1419 2220 cui

290 2247 489 2339 subrogatur
505 2245 580 2318 otto
597 2246 638 2318 de
656 2246 777 2342 Lippiu.

339 2343 511 2418 Corradus
536 2343 800 2438 archiepiscopus
822 2343 1029 2418 Coloniensis
1053 2343 1260 2418 advocatiam
1284 2343 1328 2415 de
1350 2343 1420 2418 Es-

288 2443 394 2521 scnde
412 2465 486 2514 curn
502 2463 593 2515 novo
610 2451 738 2532 castro
766 2443 852 2536 quod
870 2441 984 2514 dicitur
1000 2440 1207 2534 Isenherg
1198 2444 1261 2514 urri
1283 2444 1420 2537 episco-

289 2544 354 2638 pali
372 2537 509 2614 subiecit
525 2549 559 2611 et
575 2495 780 2612 advocatidur
791 2539 1016 2628 Bonnensem
1034 2561 1098 2632 que
1115 2538 1211 2611 ambe
1223 2549 1420 2612 mnovaca-

290 2641 369 2712 hant
384 2661 430 2710 cx
445 2648 551 2708 morte
567 2636 733 2728 magnifici
748 2647 783 2708 et
792 2635 961 2730 predivitis
976 2639 1101 2710 comitis
1114 2636 1248 2709 Hsnrtei
1257 2637 1420 2730 Sepnen·

288 2761 355 2905 psus
381 2739 435 2905 puli
458 2746 535 2904 arpo
552 2734 615 2904 hpp
631 2744 772 2829 tempus
799 2738 833 2807 in
849 2735 962 2827 vigilia
982 2737 1215 2828 assumptionis
1240 2737 1336 2826 [aug.
1358 2733 1418 2824 tt]

323 2857 377 2905 em
395 2851 499 2904 causi
530 2853 572 2904 ex
605 2854 724 2904 eurum.

337 2929 414 3027 lpso
432 2951 518 3002 auno
535 2931 653 3002 Petrus
670 2931 801 3021 legatus
826 2942 860 3002 et
875 2931 966 3002 mrdti
983 2933 1128 3024 episcopi
1151 2930 1312 3002 videlieet
1325 2928 1419 3002 Con-

288 3029 389 3102 radus
414 3027 639 3116 Coloniensis
664 3027 816 3120 sytsdus
834 3028 1118 3120 ittogununensis
1136 3025 1310 3100 Arncldus
1333 3028 1419 3100 ‘dre-

288 3129 463 3216 verensis
491 3080 659 3198 (ιιιιιιιιιι
676 3125 869 3200 Bremensis
893 3125 1039 3196 etmulti
1063 3125 1116 3197 alii
1133 3127 1281 3218 episcopi
1305 3135 1340 3197 st
1356 3125 1419 3196 dux

287 3223 463 3298 Brabantrc
475 3245 550 3295 cunr
560 3223 669 3296 ιιιιιιιι
680 3221 870 3296 ιοιιιιιιιιι
861 3247 894 3295 ιι
906 3245 1022 3317 campo
1033 3225 1122 3296 iuxta
1133 3222 1248 3294 villam
1257 3220 1417 3294 Woriued

288 3330 489 3394 conventum
507 3319 629 3391 faciunt
645 3329 679 3391 et
695 3341 820 3393 novum
839 3341 958 3413 regem
976 3320 1103 3412 eligunt
1119 3317 1339 3392 Wilhelmuru
1358 3343 1418 3392 cc-

288 3421 399 3490 mitem
416 3415 591 3490 Hollandie
608 3415 783 3490 admodum
800 3421 970 3507 iuvenem
988 3421 1080 3490 ouius
1097 3420 1243 3488 animum
1259 3419 1417 3490 intellex-

288 3527 384 3587 erant
400 3515 441 3585 ad
459 3512 726 3608 consequendam
743 3520 822 3587 tanti
839 3516 972 3588 honoris
990 3511 1258 3589 celsitudinemo
1237 3514 1417 3682 pptabiiiter

286 3622 497 3709 preparatum
525 3614 602 3701 [oct.
627 3610 678 3702 3].
718 3612 760 3685 Et
782 3615 910 3707 plurimi
939 3633 1055 3684 eorum
1085 3631 1217 3684 musena
1281 3633 1416 3687 russu-

287 3721 380 3782 munt
396 3719 509 3782 contra
527 3708 710 3804 depositum
727 3714 967 3804 imperatorem.
1003 3709 1082 3784 Post
1105 3709 1268 3782 modicum
1291 3721 1414 3804 tempus

226 3885 236 3905 Ξ
288 3809 415 3880 electus
440 3829 504 3879 rex
520 3831 585 3878 una
609 3829 684 3878 cunr
701 3808 813 3899 legato
834 3808 1004 3880 Coloniam
1019 3807 1221 3900 ingreditur
1249 3807 1413 3900 pmfficea

270 3904 416 3978 ovibus
434 3903 611 3993 adruissus
632 3909 685 3998 qui
703 3909 735 3976 ιι
752 3906 915 3977 electione
941 3907 1013 3977 eius
1031 3915 1142 3999 portas
1163 3907 1307 3978 civitatis
1324 3905 1414 3976 clau-

288 4012 401 4076 serant
428 4013 586 4096 eiusque
611 4002 707 4072 adid
732 4012 859 4096 tempus
882 4005 1070 4096 imperatori
1094 4001 1311 4089 edisseram
1332 4019 1414 4072 nunc

291 4110 401 4172 autem
422 4097 608 4172 fidelitatem
627 4101 733 4172 iurant
750 4100 857 4173 electo
874 4105 972 4192 regist

337 4219 366 4282 n
378 4220 502 4301 terpreis
511 4237 600 4284 waren
608 4219 735 4284 creatu.
744 4220 885 4285 witterus
894 4221 1011 4288 torcou
1019 4222 1072 4280 dd.
1080 4220 1319 4296 succesorem.
1328 4217 1379 4282 ιι
1387 4215 1411 4274 3.
