2904 4822
263 231 311 306 26
587 229 761 290 ulammaus
776 231 821 290 uu
836 230 1118 290 nmssnnuovuus

267 407 436 496 Quomodo
448 407 637 477 tadnotcas
654 409 694 476 dc
707 407 863 478 Bouaria
876 415 977 495 etpro
987 409 1058 496 ipso
1069 407 1278 476 reemamte
1294 409 1396 477 mne

362 513 440 577 nent
454 507 706 578 ambassiatores
722 509 770 576 od
784 510 949 576 dominnm
960 507 1166 576 Benedictom
1173 524 1238 594 pro
1250 523 1396 575 concor-

363 607 422 674 dia
448 611 481 675 et
504 609 734 696 compositione
761 605 926 695 socienda,
944 613 977 676 et
991 608 1032 676 de
1058 607 1268 694 responsum
1294 607 1398 693 ipsias

358 722 449 792 papo
465 711 522 773 etc.
653 741 656 747 ·
702 735 705 742 ⁴
739 769 741 772 .
1229 704 1308 793 Cap.
1327 705 1395 773 citi.

182 839 252 894 ¹3³⁷
314 839 414 912 Anno
432 849 541 911 autem
558 838 677 912 domini
689 841 940 914 mcecxuxuii.
952 839 1061 910 ulbma
1074 837 1126 910 die
1137 840 1262 912 mensis
1272 843 1397 911 ianua-

264 941 302 1010 rii
319 936 518 1012 ludewicus
537 941 590 1034 qui
608 961 645 1010 se
656 942 886 1034 imperatorem
898 935 1206 1032 appellabatiterato
1217 941 1306 1010 misit
1315 958 1396 1009 suos

264 1034 531 1126 ambassiatores
549 1035 893 1108 videlicetRubertum
911 1035 1011 1108 filium
1020 1034 1152 1107 Rudotfi
1162 1035 1254 1107 ducis
1264 1033 1397 1107 Bawa-

262 1137 311 1206 rie
330 1140 480 1207 comitem
498 1135 679 1207 Palatinum
696 1157 759 1206 una
778 1157 851 1206 cum
869 1137 999 1206 comite¹
1023 1133 1196 1205 luliacensi
1214 1132 1255 1204 ad
1276 1131 1397 1205 Bene-

263 1231 382 1304 dictum
399 1255 516 1328 papam
532 1236 602 1326 niia
627 1235 678 1328 qui
703 1255 762 1306 ecs
785 1229 930 1326 benigne
948 1237 1073 1326 recepit
1088 1230 1296 1326 diepredictu
1317 1237 1397 1328 qua²

261 1333 405 1423 ingressi
428 1332 557 1403 luerent
579 1331 800 1420 Avinicnum;
822 1332 899 1403 licet
921 1341 997 1402 ante
1021 1331 1140 1402 luerint
1157 1353 1230 1402 cum
1248 1329 1397 1425 Philippo

261 1451 344 1520 rege
361 1427 563 1501 Francorum
581 1428 672 1502 etde
690 1429 743 1499 illc
762 1440 927 1501 venerunt
944 1428 996 1498 die
1015 1427 1198 1523 supradicta
1216 1426 1258 1498 ad
1275 1450 1396 1524 papam

261 1527 450 1622 predictum.
469 1528 530 1616 Qui
549 1527 621 1602 duci
638 1526 784 1622 predicto
801 1531 842 1599 iii.
860 1525 925 1597 kal.
945 1527 1054 1621 aprilis
1075 1531 1181 1618 [unire
1199 1522 1263 1618 30]
1283 1525 1397 1598 domi-

261 1627 332 1696 nica
350 1625 468 1696 Letare
487 1624 574 1697 dedit
589 1627 700 1698 rosam
719 1647 853 1697 auream
869 1634 944 1719 post
961 1629 1096 1697 missam
1114 1646 1211 1721 quam
1227 1647 1314 1720 papa
1333 1647 1396 1694 ce-

260 1719 449 1795 lebraverat
466 1727 499 1795 in
516 1747 576 1799 sua
595 1723 720 1818 capelle
738 1723 971 1814 Avinicnensi,
988 1727 1021 1793 in
1034 1747 1095 1818 qua
1108 1733 1246 1819 quatuor
1257 1725 1396 1816 episcc-

260 1843 320 1917 pcs
339 1825 547 1894 consecravit
564 1831 597 1893 et
615 1821 697 1893 duos
714 1819 882 1893 benedixit
899 1817 1043 1894 abbates.
1062 1819 1193 1891 Tercia³
1213 1830 1325 1891 autem
1344 1819 1396 1891 die

261 1921 371 2014 aprilis
390 1929 555 1992 venerunt
572 1916 826 1992 ambassiatores
844 1922 935 2012 regis
946 1918 1084 1990 Francie
1095 1916 1136 1990 ad
1147 1941 1265 2014 papam
1275 1917 1396 1988 Bene-

262 2016 381 2089 dictum
405 2040 506 2112 super
528 2021 762 2114 compositione
786 2021 871 2088 inter
886 2014 1100 2088 ludewicum
1124 2025 1157 2086 et
1178 2011 1396 2088 Benedictum

260 2115 419 2189 facienda.
519 2113 636 2186 Tercle
653 2125 763 2187 autem
779 2113 866 2210 ydus
884 2116 993 2208 aprilis
1015 2117 1098 2210 [apr.
1112 2113 1174 2204 11]
1193 2113 1395 2186 Benedictus

259 2215 314 2285 xii.
333 2217 365 2284 in
382 2212 510 2308 publico
528 2216 733 2302 consistoricp
752 2212 838 2308 quod
854 2208 965 2284 habuit
980 2217 1011 2285 in
1030 2212 1148 2307 palatie
1167 2232 1227 2284 suc
1244 2211 1396 2284 Avinio-

261 2315 357 2384 nensi
375 2334 461 2383 anno
477 2311 635 2407 predicto,
653 2307 1118 2404 responditambassiatcribus
1129 2309 1299 2382 Ludewici
1311 2333 1396 2406 pre-

262 2408 348 2500 dicut,
366 2411 450 2481 inter
467 2431 548 2506 quos
568 2407 626 2480 fuit
642 2412 802 2500 magister
818 2407 1035 2502 Marquardns
1054 2407 1095 2478 de
1106 2407 1294 2500 Randegge
1310 2429 1396 2503 pre-

260 2511 386 2600 positus
403 2505 732 2598 Balmcnbariensis⁴,
751 2509 803 2601 qui
819 2528 879 2600 pro
898 2505 1028 2578 dominc
1040 2527 1101 2579 suo
1112 2517 1342 2600 proposuerat,
1361 2517 1396 2577 ut

261 2601 492 2676 absolveretur
510 2615 543 2676 et
559 2606 826 2676 reconciliaretur
843 2604 997 2696 ecclesie7
1022 2617 1055 2675 et
1078 2603 1137 2674 luit
1153 2601 1262 2674 thema
1281 2626 1395 2676 suum:

260 2703 396 2792 Ertptas
413 2723 463 2772 me
480 2707 521 2773 de
538 2705 849 2774 contradictionibus
862 2705 978 2792 popnle'
995 2713 1051 2774 etc.
1075 2699 1116 2772 Et
1137 2723 1211 2772 eum
1230 2722 1396 2795 peroras-

262 2810 314 2871 set
331 2811 363 2871 et
380 2811 550 2894 sperasset
567 2823 605 2874 se
618 2799 854 2874 absolutionem
866 2811 899 2870 et
911 2803 1178 2894 compositionem
1189 2797 1322 2870 dominc
1334 2819 1396 2870 suc

260 2907 511 2990 reportaturum
536 2900 609 2994 quia
633 2921 716 2994 papa
739 2896 938 2969 Benedictus
962 2896 1081 2968 bonam
1106 2919 1199 2992 spem
1224 2899 1272 2968 eis
1297 2906 1396 2966 antea

261 2994 409 3086 dederat,
427 3006 568 3068 mutatus
586 3006 696 3066 tamen
715 3001 763 3067 eis
781 2994 964 3090 respondit:
984 2999 1074 3086 qnod
1083 2999 1232 3064 dominns
1249 2999 1396 3084 ipsorum

259 3111 325 3163 reon
342 3103 425 3165 esset
438 3115 531 3164 cemos
544 3097 700 3184 penitens,
719 3091 779 3165 sed
797 3095 999 3188 comparavit
1009 3097 1115 3188 ip'sum
1127 3091 1259 3162 draconi
1270 3115 1396 3186 magno

195 3188 207 3211 '
260 3189 301 3262 de
319 3215 382 3287 qno
399 3195 431 3262 in
450 3194 626 3287 apocalipsi
645 3189 806 3281 scribitum
824 3195 876 3286 qui
888 3201 961 3286 post
973 3214 1011 3262 se
1023 3193 1156 3260 terciam
1167 3199 1295 3284 partem
1308 3191 1395 3263 stel-

258 3288 363 3361 larum
381 3293 478 3360 namt
495 3289 540 3359 aclv
553 3289 727 3378 infernum,
745 3293 979 3384 improperavit
996 3285 1055 3362 sibi
1074 3291 1171 3358 etiam
1188 3309 1306 3361 omnes
1325 3311 1395 3360 ex-

260 3409 377 3458 cessus
395 3409 454 3483 prc
472 3385 586 3482 quibus
605 3410 623 3457 a
641 3409 725 3481 papa
738 3383 883 3458 Iohanne
900 3391 978 3459 xxii.
997 3385 1105 3457 luerat
1121 3390 1396 3458 excommunica-

260 3496 312 3556 tus
331 3493 365 3554 et
380 3488 539 3579 privatus
559 3484 757 3556 concludens
782 3485 868 3578 (prod
886 3488 912 3556 si
931 3505 1033 3555 verus
1052 3493 1144 3554 esset
1159 3487 1313 3578 penitens
1332 3507 1396 3556 cs-

259 3581 411 3653 tenderet
420 3583 650 3678 perellectum
663 3582 817 3653 videlicet
824 3581 1011 3653 dimittendo
1019 3579 1395 3676 garbernaticnemregni

262 3693 295 3753 et
310 3683 436 3776 imperii
455 3691 488 3752 et
505 3684 553 3753 sic
570 3679 773 3752 submitteret
791 3703 829 3752 se
847 3683 953 3772 gratie
971 3679 1073 3768 sedis„
1092 3689 1125 3750 et
1136 3689 1212 3749 tunc
1223 3677 1263 3750 ab
1276 3702 1319 3751 e0
1330 3679 1396 3752 ab·

262 3778 456 3852 solutionem
468 3790 500 3849 et
511 3781 656 3872 graciam
668 3800 741 3850 erum
753 3779 889 3849 consilio
907 3799 1040 3849 suorum
1058 3778 1192 3850 fratrum
1210 3781 1396 3850 certissime

260 3873 429 3949 obtineret.
454 3879 525 3965 Qua
548 3879 766 3971 responsione
783 3873 889 3947 habita
908 3874 1015 3947 adhuc
1030 3871 1132 3948 tribus
1150 3871 1342 3969 septimanis
1362 3881 1394 3948 in

261 3977 349 4046 curia
360 3978 576 4069 persistentes
589 3973 765 4069 sperabant
775 3996 893 4068 papam
904 3975 1096 4046 clementius
1109 3995 1183 4045 cum
1195 3971 1328 4046 dominc
1338 3978 1395 4069 ip-

262 4095 374 4146 scrum
398 4083 558 4164 adsunam,
582 4071 642 4146 sed
666 4094 727 4167 spe
750 4095 810 4144 sua
827 4071 972 4144 frustrati
989 4073 1061 4144 sine
1078 4072 1165 4142 omni
1178 4071 1395 4168 expeditione

306 4201 447 4272 llcomite
461 4203 587 4258 Conrado
601 4202 739 4257 lubecensi
754 4201 807 4256 Bel.
844 4201 875 4270 2)
907 4202 934 4256 ui
949 4201 988 4256 lrs.
1026 4202 1057 4269 3)
1071 4200 1154 4256 l’rlmu
1174 4207 1260 4256 autem
1276 4201 1331 4258 llnl.
1367 4203 1397 4265 l)

267 4274 498 4344 babenbergensis
513 4271 666 4346 prepositus
681 4274 751 4328 beist
764 4289 794 4328 er
807 4279 888 4329 untcn
920 4273 971 4328 eim
985 4271 1043 4330 intur
1057 4271 1134 4330 134¹.
