3036 4822
276 216 430 280 entenic!
441 219 619 282 nodutim]
629 221 779 282 inscitie}
792 221 990 284 moenem
1004 223 1184 284 contacta.
1218 221 1293 304 383

216 399 337 474 Postea
348 403 433 474 eirea
448 399 684 495 penthecosten
698 403 779 491 [iun.
788 401 842 492 11],
861 423 935 472 eam
946 402 1096 474 dunas
1113 403 1297 474 emmunim
1313 417 1383 476 taso

165 502 199 569 in
218 497 486 570 confederatione
503 503 664 572 mammas
682 503 918 594 exposuissent
933 501 1090 593 pecunias
1108 503 1193 570 eirca
1212 521 1298 571 eon-

166 595 302 668 duoturn
323 600 518 687 exereitum
541 619 619 669 nam
641 595 825 668 babuerunt
849 595 1008 668 ducentos
1026 597 1208 668 lanceatos¹
1229 619 1298 670 ex-

165 698 272 788 oaptis
289 693 516 766 innumerabili
533 696 638 786 uulgo
655 698 790 783 civiump
807 693 1084 783 mechanicorum
1102 697 1298 768 rusticorum

165 802 379 882 armatorum,
399 802 433 863 et
449 792 512 863 alia
530 795 672 864 maxima
690 789 808 864 damna
825 797 1015 882 intrassent,
1033 795 1107 885 quia
1125 790 1203 863 nibil
1220 794 1298 864 utile

166 900 324 982 egerunt
353 889 413 964 sed
437 887 556 984 ubique
581 887 853 977 succumbebant3
881 901 958 962 tunc
981 889 1131 961 dominus
1156 888 1297 962 Adolius

165 985 433 1082 archiepiscopus
459 985 724 1078 bioguntinensis
749 998 783 1058 at
809 991 983 1081 episcopus
1006 983 1297 1076 Babenbergensis

166 1105 242 1154 oum
259 1089 419 1175 magistro
436 1085 547 1156 militie
570 1083 738 1178 hospitalis
757 1095 870 1158 sancte
888 1083 993 1156 iliaris
1011 1082 1297 1172 Thautonioorum,

165 1185 221 1276 qui
238 1179 407 1254 dicebatur
417 1182 560 1254 Ioannes
579 1179 824 1272 deVeniugen,
843 1204 882 1254 se
898 1185 1165 1276 interposuerunt
1182 1191 1215 1251 et
1232 1204 1298 1276 pa-

165 1299 240 1350 oem
257 1279 420 1369 fecerunt
438 1291 473 1351 ut
490 1281 639 1352 civitates
658 1279 792 1352 diverse
809 1300 950 1370 magnas
969 1299 1114 1352 summas
1133 1280 1297 1372 peourda-

165 1395 240 1448 rum
264 1377 437 1450 solverent
460 1375 657 1472 principibus
680 1399 740 1472 pro
765 1375 892 1463 damnis
909 1375 1040 1450 villanis
1061 1375 1185 1448 illatis.²
1220 1373 1297 1446 Ru-

165 1471 281 1546 borem
315 1495 443 1570 quoque
471 1485 504 1546 et
530 1473 689 1569 pudorem
722 1495 879 1565 magnum
907 1478 940 1546 in
970 1483 1056 1544 unta
1092 1475 1297 1568 expositione

165 1576 381 1665 pecuniarum
403 1593 564 1666 perpesse
589 1581 674 1644 aunt.
709 1571 752 1642 Et
769 1575 817 1643 sic
833 1575 940 1644 omnis
957 1570 1152 1663 conspiratio
1177 1571 1297 1644 conie-

166 1667 344 1740 derationis
372 1674 538 1740 civitatum
564 1668 738 1740 annihilata
762 1679 795 1740 et
820 1667 939 1758 soluta,
967 1679 1001 1738 et
1022 1667 1063 1740 lis
1092 1665 1205 1738 sedata
1235 1678 1295 1738 est.

163 1763 304 1854 (mua,
323 1767 454 1838 Sciaub
472 1767 546 1838 369
562 1771 598 1836 ia
613 1767 783 1838 damete
799 1767 1038 1858 mesebuap.)

218 1863 349 1955 [1390]
373 1863 477 1936 Sexta
502 1863 554 1934 die
580 1875 655 1936 ante
680 1861 873 1936 dominicam
896 1863 1035 1954 Exurge
1062 1859 1142 1952 [ieb.
1160 1859 1200 1954 4]
1219 1861 1297 1935 oblit
1312 1867 1383 1926 ¹39⁰

162 1959 310 2036 Adolius
327 1959 370 2032 de
387 1961 533 2034 Nassaw
551 1961 816 2058 archiepiscopus
834 1959 1061 2054 Magantinua
1080 1963 1133 2031 vir
1150 1981 1295 2076 magna-

164 2062 287 2148 nimus,
314 2059 491 2152 religiosus
518 2069 553 2130 et
578 2069 706 2152 potans.
741 2059 843 2132 Rexit
868 2059 1043 2130 ecclesiam
1068 2055 1295 2154 Moguntrnam

165 2151 345 2228 honorifice
364 2161 432 2230 suis
450 2155 660 2250 temporibus.
686 2157 796 2245 (loeo.
808 2159 832 2247 l,
850 2159 978 2248 700⁰)

217 2251 347 2346 [1390]
365 2253 485 2326 Postea
505 2253 589 2324 inira
613 2253 808 2348 quindenam
825 2263 1054 2348 postmortem
1071 2251 1182 2324 Adolfi
1200 2275 1295 2326 mor-

163 2361 242 2424 tana
266 2363 318 2424 est
334 2352 500 2446 Rupertus
524 2355 636 2424 senior
658 2351 727 2423 dux
741 2350 910 2440 Bouaria,
935 2353 988 2445 qui
1015 2347 1182 2422 dicebatur
1204 2351 1296 2424 ratus

163 2445 236 2522 dux
254 2448 366 2542 [1390
383 2448 448 2522 leb.
467 2449 530 2539 16]
548 2453 603 2521 vir
618 2448 900 2542 prudentissimus.
928 2450 997 2520 Suo
1015 2449 1163 2537 consilio„
1180 2445 1296 2542 opibus

164 2555 202 2616 et
218 2549 375 2641 sapienda
394 2549 489 2642 sopiti
506 2558 582 2620 suut
597 2546 653 2618 illc
669 2545 781 2620 risalte
799 2545 840 2617 de
859 2543 1041 2620 civitatibus
1060 2555 1094 2616 et
1110 2543 1214 2639 opidis
1234 2567 1297 2616 so-

163 2645 316 2736 cietates,
334 2644 419 2716 dicte
436 2650 496 2716 der
511 2646 607 2734 baud,
630 2655 792 2739 potestate
810 2665 925 2715 eorum
943 2643 984 2715 ad
1000 2642 1133 2715 nihilum
1149 2641 1295 2713 reducta.

163 2737 202 2812 ln
220 2739 335 2814 diebus
359 2746 537 2816 senectutis
561 2763 622 2816 sue
639 2742 776 2814 viriliter
799 2745 922 2814 resistit
944 2743 1097 2836 pessimis
1115 2739 1158 2812 de
1176 2740 1296 2810 conle-

163 2835 335 2911 deratione
345 2839 525 2912 benedicta
539 2839 696 2930 consiliis„
714 2843 806 2933 quisi
818 2850 1010 2934 prosperato
1023 2839 1176 2927 luissent
1194 2847 1297 2908 tetum

163 2936 426 3010 eeclesiasticam
448 2935 610 3026 ordinem,
638 2939 763 3009 olerum
787 2947 820 3007 et
839 2938 1029 3028 religiosos
1054 2939 1185 3008 omnino
1209 2955 1296 3006 eon·-

163 3033 366 3124 calcassent,
390 3045 425 3106 et
448 3056 531 3126 ergo
554 3037 616 3108 erit
639 3038 748 3128 utique
771 3035 963 3106 immertalis
985 3035 1144 3104 memoria
1170 3036 1242 3104 eius
1262 3035 1295 3104 io

161 3127 391 3204 benedcdone
408 3132 493 3227 apud
509 3132 609 3204 deum
627 3142 660 3203 et
676 3130 836 3204 homiues.
863 3131 1013 3220 (Seiano
1031 3131 1131 3221 375.)

213 3228 315 3302 Anno
328 3229 422 3301 1392
439 3229 608 3302 mula'tndc
624 3229 786 3302 latronum
803 3237 891 3300 tanta
903 3229 961 3302 init
971 3232 1057 3299 cirea
1075 3234 1186 3322 partes
1197 3223 1296 3314 ueni,

162 3325 251 3420 quod
269 3349 367 3399 namo
384 3350 502 3401 secure
519 3351 581 3421 per
597 3327 782 3400 distantiam
800 3324 919 3398 dimidii
935 3327 1071 3398 miliaria
1088 3326 1137 3394 ire
1155 3319 1297 3394 audebat

160 3425 312 3496 samniti
329 3423 510 3497 eorarrdem
523 3447 584 3518 per
599 3423 727 3520 lapsum
745 3425 902 3518 temporis
913 3427 945 3496 in
957 3422 1099 3496 diversis
1116 3419 1199 3494 locis
1210 3421 1296 3513 capti

160 3526 400 3594 suntetrotati
416 3523 517 3594 amu.
542 3523 693 3612 (selaeu
706 3523 807 3611 319.)

213 3619 315 3690 Anno
334 3615 428 3690 1393
452 3631 527 3714 post
548 3619 669 3692 festum
693 3620 924 3712 assumptionis
943 3613 1048 3689 Maria
1065 3616 1108 3689 do
1126 3637 1295 3692 consensu
1311 3631 1381 3690 1393

160 3719 257 3809 regis
278 3717 503 3790 Romanorum
530 3719 631 3812 prinei
718 3725 751 3788 et
776 3720 927 3788 civitates
955 3723 1097 3788 oestrum
1122 3713 1296 3786 Hatnbeim

161 3813 310 3888 secuda
321 3818 398 3886 nine
413 3814 612 3888 obsiderunt.
632 3739 772 3909 §gepae
790 3813 970 3908 proiectum
988 3821 1021 3884 et
1038 3811 1196 3884 bonorem
1217 3831 1296 3884 mo-

159 3910 272 3984 dicam
304 3923 565 4006 mputaverunt.
612 3910 696 3984 Nam
729 3911 817 4006 ptus,
849 3913 948 3982 bomo
974 3913 1008 3981 in
1035 3907 1134 4004 duplo
1169 3912 1295 3980 maiam

205 4047 553 4154 'berchamestede
578 4087 671 4160 gleven
697 4087 765 4144 oder
787 4087 981 4158 laurentriger.
1018 4085 1048 4154 2)
1068 4085 1170 4156 Obiger
1189 4091 1297 4156 vertrag

159 4158 244 4215 ward
256 4159 422 4230 mnaseas
433 4175 484 4216 vor
494 4161 635 4288 (pingatur
649 4160 688 4224 (3.
702 4157 771 4226 inu.)
790 4159 981 4228 suigeriohtet3
1001 4173 1029 4212 er
1048 4158 1118 4212 steht
1136 4156 1171 4212 iru
1192 4169 1297 4228 auszng

159 4228 346 4289 bsibebnranu
354 4231 413 4288 161.
431 4231 484 4287 Der
512 4223 1295 4300 autschordensmeisterheisstdaSeilrr‘dvonVenuingen.
