2982 4824
328 88 360 133 Γ

294 260 471 320 nnommn
489 259 679 322 moranum
698 260 806 321 cosm
824 257 1064 322 nuunnronun.
1173 263 1245 342 659
1308 321 1311 326 ,

115 437 201 511 lorte
224 459 285 535 por
302 437 516 513 Corradirmm
542 439 599 512 vel
621 461 740 534 regern
764 441 909 518 Castolle
932 437 1111 514 credebant
1135 451 1247 514 contre

84 583 89 590 -
116 535 204 609 buno
226 547 260 609 et
284 539 460 611 ecclesiam
486 561 525 612 se
541 543 635 612 tueri.
662 539 739 613 llex
755 543 863 636 itaque
879 543 913 612 in
930 539 1083 613 lusoim
1103 539 1248 613 undidem

115 638 215 725 misit,
239 657 304 730 quc
327 638 360 707 in
384 635 438 708 die
461 657 646 732 paraseeve
667 637 780 730 [1267
797 661 865 734 apr.
884 638 948 728 15]
968 637 1134 711 Florentia
1154 639 1248 734 qusai

116 730 223 806 subito
241 733 424 829 applicavit.
451 734 619 807 Timentes
641 738 741 827 igitur
758 733 908 808 Gibellini
930 757 969 809 se
987 735 1067 829 luge
1091 736 1248 807 commit·-

116 841 188 901 tunt
198 840 232 901 et
242 830 283 902 ad
299 830 394 903 fortia
412 831 484 903 loca
501 835 622 905 civitati
638 837 818 930 propinqua
832 855 871 906 se
884 833 1065 906 conterunt.
1089 831 1158 904 Sed
1173 840 1249 948 post

114 947 240 1022 paucam
265 926 336 1002 dies
360 929 423 1000 alia
440 932 532 1022 regis
555 930 666 1002 militia
684 929 907 1027 subsequente
925 929 965 1004 ad
983 941 1127 1004 castrum
1144 939 1248 1002 sanou
1281 957 1283 962 ¹
1416 975 1418 982 ,

116 1024 216 1097 Ylarii
241 1029 392 1118 veniunt,
416 1024 470 1098 ubi
488 1025 595 1098 Guelli
613 1026 837 1102 Gibidinorum
861 1030 1019 1125 plurimos
1042 1024 1249 1115 obsidebant,

116 1133 150 1196 et
172 1133 281 1196 oestro
298 1122 423 1197 viribus
450 1135 654 1221 expugnato,
678 1130 799 1222 pietate
825 1126 986 1222 deposita,
1009 1125 1089 1198 nulli
1112 1133 1250 1220 pareunt

115 1223 214 1294 sexui
227 1221 283 1294 vel
300 1225 389 1312 etati
409 1220 469 1295 sod
486 1243 603 1296 omnes
621 1228 744 1319 passim
761 1223 922 1298 invadunt
938 1224 971 1296 et
986 1223 1070 1296 ultra
1088 1221 1248 1318 quadrin-

116 1328 237 1409 gentos
257 1317 417 1392 occidunt.
443 1317 551 1392 Guelli
567 1323 675 1418 itaquo
692 1325 725 1394 in
742 1322 860 1395 Tuscia
881 1321 1024 1394 roborati
1041 1321 1084 1393 de
1101 1321 1248 1416 plurimis

115 1425 190 1509 post
206 1413 369 1488 modicum
386 1421 483 1490 terris
493 1415 645 1490 Gibellini
661 1419 835 1514 pelluntur.
856 1421 936 1506 Post
951 1419 1016 1491 heo
1032 1421 1124 1510 regis
1135 1415 1248 1490 llaroli

115 1514 338 1588 marescalcus
354 1515 461 1588 Senes
486 1517 650 1588 accelerat
667 1526 701 1588 et
717 1539 819 1613 prope
843 1519 1008 1590 civitatem
1033 1517 1066 1587 in
1082 1515 1170 1605 loco,
1194 1516 1249 1609 qui
1368 1531 1372 1536 '

114 1607 220 1704 Vicus
241 1611 367 1703 dieitur,
385 1623 493 1686 castra
510 1614 605 1686 locat.
632 1613 700 1686 Sed
717 1614 838 1688 videus
856 1635 935 1688 esee
955 1609 1249 1709 inexpugnabilem

114 1709 294 1801 ciuitatem,
314 1711 505 1784 ueovalens
517 1733 577 1783 eos
595 1711 684 1786 lorus
699 1709 935 1785 adbellandum
954 1709 1143 1798 exacuere,
1160 1707 1248 1806 quod
1369 1787 1373 1796 ,

114 1810 260 1879 maxime
276 1805 450 1882 videbatur
466 1819 636 1904 appetere,
656 1831 698 1881 eo
715 1810 801 1904 quod
818 1813 905 1882 omni
927 1808 981 1882 die
998 1805 1208 1882 descendens
1226 1827 1247 1877 a

112 1913 226 1976 monte
243 1903 448 2002 proximabat
464 1929 561 2001 quarn
580 1906 735 2002 possibile
754 1918 826 1980 erat
842 1917 947 2004 porte,
964 1929 1029 1979 neo
1045 1927 1111 1978 non
1129 1915 1162 1978 ot
1179 1927 1246 1977 au·-

113 2001 224 2093 dens,
248 2002 333 2098 quod
354 2008 532 2097 octingenti
551 2008 669 2079 milites
688 2031 707 2076 a
724 2005 865 2100 Pysanis
881 2008 916 2076 in
933 2005 1090 2078 auxilium
1107 2001 1246 2076 Senen-

113 2104 201 2172 sium
218 2099 436 2194 mittebantur,
455 2105 508 2198 qui
525 2101 612 2198 apud
623 2103 757 2175 Pedium
769 2103 895 2174 Bonizi¹
915 2106 986 2199 ipsa
1001 2111 1098 2175 nocte
1116 2101 1246 2173 merant

113 2196 284 2294 hospitati3
309 2208 426 2295 putans
452 2199 515 2273 illie
540 2222 640 2295 posse
670 2203 703 2272 in
726 2203 843 2272 itinere
859 2197 997 2272 obviare
1014 2199 1070 2270 vel
1087 2201 1120 2269 in
1138 2208 1247 2271 metm
1341 2251 1345 2256 -

112 2299 270 2370 inventos
294 2319 367 2369 oum
389 2297 505 2371 'luscis
528 2295 778 2371 advenientibus
801 2295 977 2387 obsidere„
1004 2296 1046 2367 de
1068 2293 1167 2368 Senis
1192 2291 1248 2366 ubi

113 2403 188 2466 erat
212 2402 308 2466 nocte
335 2392 441 2466 subito
465 2405 572 2468 castra
596 2399 710 2486 movit,
735 2405 768 2466 et
788 2415 849 2468 eos
872 2415 938 2465 non
963 2397 1118 2466 inventos
1141 2393 1174 2462 in
1193 2393 1249 2463 via

113 2494 202 2563 circa
228 2492 337 2564 locum
363 2491 499 2564 fratnun
526 2491 689 2565 Minorum
716 2496 900 2588 proximum
931 2501 1040 2564 castro
1066 2491 1248 2562 exercitum

113 2587 290 2662 collocavit
309 2600 341 2661 et
361 2589 438 2661 illuc
454 2589 660 2664 Florentinos
685 2587 807 2686 pariter
823 2599 857 2661 et
872 2588 1055 2678 uuoensea
1080 2588 1249 2661 Pistoien-

113 2683 193 2758 ses²
210 2697 243 2758 ot
255 2687 434 2760 Pratcnscs
452 2691 644 2783 quantocius
662 2687 846 2760 advocavit.
864 2684 977 2781 ltaque
994 2682 1164 2760 obsidione
1174 2683 1246 2765 lire·

113 2791 217 2874 mata,
235 2783 397 2880 quomodo
413 2787 446 2856 in
463 2795 572 2858 castro
589 2806 706 2859 omnes
726 2782 853 2858 nobiles
871 2783 1051 2858 (libellinos
1069 2781 1248 2854 delineata
1280 2835 1284 2844 .

114 2881 317 2972 inclusisset,
341 2885 415 2974 regi
432 2881 603 2974 significat.
629 2881 706 2954 Rex
722 2903 805 2955 vero
823 2880 963 2955 credens
981 2891 1125 2972 castrum
1144 2878 1249 2951 velo-

114 2981 187 3052 oius
205 2978 397 3075 capiendum
413 2990 515 3074 etpcr
531 3001 740 3074 consequens
751 2979 847 3051 lacile
858 3001 897 3052 se
907 3001 1009 3074 posse
1020 2981 1117 3051 totius
1127 2975 1249 3050 Tuscia

112 3073 264 3149 obtinere
287 3075 477 3167 dominium,
500 3077 718 3172 personaliter
734 3079 827 3148 venit
849 3076 890 3148 ad
915 3077 1024 3149 locum
1046 3085 1078 3146 et
1100 3085 1166 3145 tam
1190 3072 1246 3145 diu

114 3183 259 3248 caenum
277 3172 416 3265 obsedit,
441 3173 548 3246 donoc
570 3195 632 3249 suc
655 3172 764 3246 ditioni
788 3195 827 3247 se
849 3170 990 3246 reddidit
1015 3169 1128 3264 [1267
1151 3169 1242 3260 doc]

114 3271 213 3345 salvo
235 3283 344 3345 castro
367 3276 490 3367 pariter
507 3282 541 3343 et
555 3273 718 3366 personis.
745 3271 824 3344 Post
839 3268 903 3342 bec
918 3292 982 3343 rex
998 3279 1110 3342 contra
1130 3267 1244 3363 Pysa·

112 3389 232 3441 norum
249 3379 355 3442 terras
372 3369 526 3464 perduxit
542 3372 735 3459 exercitum,
761 3377 861 3440 totum
878 3373 1064 3440 comitatum
1081 3363 1245 3438 Maritima

114 3477 148 3537 et
164 3465 270 3540 Vallis
287 3465 355 3538 ure
382 3465 585 3562 depopulans
610 3476 644 3537 et
665 3465 859 3556 devastans„
885 3487 1055 3563 quousupre
1078 3465 1248 3559 &aarum
1340 3461 1342 3468 '

112 3566 327 3658 pervenisset
352 3563 394 3635 ad
418 3573 555 3659 portum.
581 3561 714 3635 Etcum
738 3574 829 3637 esset
845 3567 879 3636 in
895 3567 1044 3636 exercitu
1060 3563 1154 3657 panis
1179 3580 1247 3653 po-

111 3663 221 3750 naria,
237 3671 348 3734 temen
365 3670 452 3733 taum
471 3663 616 3734 carnium
634 3658 828 3733 abundantia
846 3659 888 3732 ibi
901 3669 985 3750 crat,
1002 3669 1038 3731 ut
1053 3679 1139 3730 unus
1156 3659 1245 3728 ories
1301 3737 1304 3744 ,

112 3777 174 3852 pm
197 3780 263 3831 uno
290 3773 377 3854 pane
400 3757 533 3831 daretur
551 3768 584 3830 et
607 3755 666 3832 bos
683 3781 770 3831 unus
791 3779 851 3852 pro
868 3766 996 3924 septem
1014 3747 1151 3851 panibus
1169 3763 1278 3842 tra-J
1385 3765 1387 3770 ’
1471 3759 1474 3770 ’

112 3853 257 3927 deremr.
284 3857 362 3930 Post
384 3855 448 3928 beo
471 3877 533 3928 rex
550 3853 671 3928 bucam
689 3853 817 3927 vadens
834 3864 905 3926 oto
927 3853 1040 3928 sidens
1058 3848 1246 3924 llutroueru
1299 3883 1302 3888 ·
1384 3879 1387 3883 ·
1456 3871 1459 3876 ·

112 3961 148 4024 et
165 3955 300 4047 cupiens
316 3951 393 4025 inde
410 3953 443 4025 in
459 3973 600 4046 regnum
616 3973 779 4026 reversus
795 3960 856 4025 est.

111 4185 121 4210 ff
160 4125 198 4195 l)
215 4125 384 4198 Poggibousi
398 4125 590 4196 nordneptliolu
603 4143 657 4188 von
669 4125 760 4209 siena
794 4124 826 4196 2)
839 4124 866 4182 in
880 4083 928 4182 der
997 4121 1152 4208 epddiener
1165 4122 1242 4184 atelle

110 4195 531 4326 ppgfpp‘psdppoursprdnglicbeu
556 4198 628 4256 baud
652 4215 695 4256 ern
720 4198 803 4310 lureun
826 4215 867 4254 aru
892 4214 939 4254 rau
984 4201 1030 4252 mut
1049 4195 1100 4252 den
1119 4199 1242 4260 mortem

973 4365 1033 4428 42·
