3010 4822
273 227 344 303 544
611 225 786 284 uamrrcus
806 223 1060 284 auuoourrusrs.

190 411 260 468 1356
273 423 351 473 num
378 398 601 476 innocentium
628 423 746 498 papam
773 399 947 476 cardinalis
975 400 1261 492 Petrogoricensis
1290 409 1406 472 nans-

274 501 395 570 missus
413 497 453 568 ad
471 502 590 594 ipsum,
608 499 749 574 acilius
767 501 858 590 regis
875 497 1014 572 Francie
1045 499 1313 590 consanguineus
1336 500 1407 568 im·-

272 599 446 690 peratoris7
464 601 516 692 qui
535 595 681 669 debello
699 600 921 692 suprascripto
939 619 1012 667 cum
1031 595 1138 668 multis
1159 600 1293 668 armatis
1309 595 1407 686 fugit,

273 715 313 764 ac
330 692 497 766 multitudo
516 718 635 788 magna
655 697 836 790 principum
856 694 1031 766 Alamanie
1049 703 1082 763 et
1097 690 1237 763 Francie
1251 695 1409 764 convenit

273 790 314 860 ad
332 793 451 884 ipsump
469 803 502 862 et
518 816 578 888 per
595 792 715 866 festum
733 793 908 864 nativitatis
918 790 1078 862 dominice
1095 789 1228 862 luerunt
1245 788 1332 884 apud
1349 792 1408 882 ip-

271 909 356 960 sum.
406 887 546 962 Daunum
577 892 749 964 transitio
778 887 929 963 ducatum
956 885 1145 978 Brabantie7
1169 885 1223 960 ubi
1253 890 1407 960 civitates

272 983 408 1058 ducatus
427 987 575 1060 eiusdem
593 987 757 1060 dominum
776 986 996 1059 suumducem
1006 981 1181 1056 Brabantic
1196 985 1408 1080 enprderant„

273 1094 306 1154 et
322 1081 506 1156 huiusmodi
524 1108 681 1177 guerram
698 1083 838 1160 sedavit.

189 1171 258 1228 ¹35⁷
321 1178 403 1252 Item
421 1204 507 1253 anno
525 1183 644 1255 domini
664 1182 855 1254 mccclvii.
874 1181 915 1252 de
931 1204 1047 1256 mense
1065 1183 1174 1275 aprilis
1186 1180 1317 1275 quidam
1338 1201 1409 1252 no-

273 1276 345 1353 bilis
362 1279 456 1351 miles
474 1281 579 1355 dictus
595 1281 721 1370 Ekker,
740 1279 794 1350 diu
811 1280 956 1354 ollicialis
974 1291 1009 1351 et
1024 1290 1142 1374 potens
1170 1279 1289 1350 ducum
1312 1277 1409 1348 infe-

272 1377 368 1449 rioris
388 1373 556 1470 Bawarie,
574 1401 612 1453 se
630 1377 821 1450 consederat
844 1401 917 1450 cum
943 1376 1073 1450 domino
1096 1381 1294 1472 imperatore
1321 1397 1409 1470 pre-

273 1472 367 1546 dicto.
403 1473 445 1546 Et
462 1476 503 1547 ob
521 1477 584 1550 hoc
600 1475 698 1547 iidem
716 1474 818 1549 duces
836 1473 1038 1548 obsedemnt
1061 1473 1203 1546 eundem
1221 1473 1356 1546 militem
1374 1475 1408 1542 in
1488 1523 1489 1564 t

273 1583 380 1644 castro
406 1573 630 1647 Natherberch
654 1597 729 1645 cum
756 1584 820 1644 tota
845 1577 987 1668 potentia
1011 1595 1082 1644 suo.
1125 1569 1194 1644 Sed
1226 1575 1410 1665 imperator
1488 1587 1489 1644 t

272 1673 448 1742 maximam
472 1683 606 1766 gentem
632 1669 673 1741 de
698 1669 854 1742 Bchemia
879 1681 912 1741 et
936 1669 1087 1742 illoravia
1113 1680 1147 1742 et
1173 1669 1254 1742 alias
1272 1665 1350 1739 hinc
1375 1676 1410 1736 et
1488 1715 1489 1762 ;

271 1766 348 1837 inde
366 1781 561 1864 congregat,
579 1782 613 1842 et
630 1765 817 1841 inferiorem
834 1767 1022 1842 anariam
1041 1771 1149 1860 intrat,
1173 1766 1339 1839 devastat
1365 1761 1409 1834 Et

272 1886 346 1934 cum
374 1877 509 1963 uterque
534 1870 700 1942 exercitus
730 1865 790 1940 sibi
821 1869 964 1938 invicem
988 1870 1281 1964 appropinquaret„
1308 1867 1355 1934 ita
1373 1871 1409 1931 ut
1488 1881 1489 1920 t

272 1958 393 2035 bellum
419 1965 678 2059 procurreretur,
707 1967 740 2035 in
768 1965 909 2037 cundem
938 1976 1135 2058 componunt
1157 1985 1195 2036 se
1223 1961 1328 2034 duces
1345 1981 1408 2056 pro
1488 2013 1489 2040 t

272 2059 441 2136 voluntate
458 2065 673 2159 imperatoris.
724 2063 788 2134 Pro
812 2083 875 2158 quo
901 2073 966 2136 tota
994 2061 1147 2135 Bawaria
1175 2059 1298 2150 doluit,
1329 2062 1406 2156 quia
1488 2059 1489 2144 ζ

188 2177 190 2182 ·
272 2179 394 2250 magna
412 2159 552 2256 dampna
578 2161 704 2234 iecerat
728 2161 905 2256 imperator
928 2163 960 2232 in
988 2169 1089 2251 terra,
1114 2182 1178 2233 neo
1200 2157 1329 2249 duces,
1354 2155 1408 2252 qui
1488 2225 1489 2228 ,

273 2277 428 2348 magnam
446 2260 649 2352 collegerant
665 2270 813 2352 gentem,
831 2281 869 2332 sc
886 2255 1114 2332 vendicabant.

320 2353 412 2428 ldem
430 2355 548 2428 eodem
566 2380 652 2430 anno
670 2368 704 2428 et
726 2355 767 2426 de
785 2379 901 2429 mense
918 2359 1003 2428 maio
1022 2355 1171 2428 dominus
1186 2351 1407 2449 llarquardus

274 2453 448 2550 episcopus
466 2456 691 2546 Augusteusis
711 2457 950 2550 suprascriptus
968 2451 1123 2526 liberatur
1150 2452 1192 2530 de
1217 2455 1408 2548 captivitate
1488 2459 1489 2552 t

273 2545 393 2622 domini
410 2551 679 2625 Mediolanensis.
705 2550 788 2622 ltcm
805 2555 921 2643 regina
940 2549 1089 2643 Ungaric
1107 2573 1180 2623 conr
1199 2571 1321 2642 magua
1340 2571 1405 2620 co-

273 2648 397 2740 mitiva,
416 2649 569 2722 videlicet
587 2651 803 2744 septingentis
827 2652 919 2744 equis
931 2649 1040 2722 limina
1057 2645 1154 2720 beate
1165 2649 1307 2742 virginis
1320 2650 1408 2720 uisi-

273 2751 318 2814 tat
335 2745 549 2840 Aqmsgrant
567 2758 600 2820 et
611 2747 856 2820 monasterium¹
872 2741 1405 2820 sancteElinabethinillarhurclr.

321 2840 402 2914 Item
420 2843 537 2916 eodem
558 2867 644 2916 anno
660 2843 702 2914 de
722 2866 839 2918 mense
857 2841 1035 2940 septembri
1047 2841 1125 2914 obiit
1135 2841 1193 2914 Ch.
1207 2842 1249 2913 de
1260 2839 1406 2936 Haydck

271 2936 388 3013 nobilis
406 2941 513 3032 miles2
532 2947 585 3037 qui
601 2939 753 3014 fratribus
772 2945 840 3015 suis
858 2964 1016 3036 magnum
1045 2939 1235 3014 thesaurum
1262 2940 1402 3034 reliquit,

272 3045 305 3106 ct
321 3035 362 3108 ob
380 3035 444 3112 hoo
458 3039 578 3114 iratres
596 3051 671 3134 post
687 3037 808 3112 obitum
830 3049 1027 3112 concertant

320 3134 403 3206 ltem
430 3137 548 3208 eodem
576 3159 662 3209 anno
691 3148 725 3208 et
753 3136 795 3208 de
811 3159 928 3211 mense
954 3134 1077 3208 octobri
1108 3138 1141 3206 in
1165 3135 1218 3206 die
1244 3133 1358 3227 Sergii
1374 3143 1404 3204 et

271 3231 391 3304 Bacchi
406 3245 585 3328 martyrum
607 3237 684 3326 [oct.
704 3234 753 3324 7.]
773 3233 849 3306 obiit
865 3233 1030 3306 lohannes
1050 3253 1163 3306 comes
1179 3229 1404 3324 burggravius
1488 3252 1489 3320 t

272 3333 306 3400 in
323 3328 534 3424 Nurenberg,
553 3337 686 3427 sapiens
705 3343 738 3402 et
754 3343 871 3425 potens
896 3334 929 3402 in
945 3330 1141 3420 Franconia,
1159 3329 1311 3423 sepultus
1333 3328 1403 3402 sol·-

271 3425 444 3520 lempniter
461 3432 494 3500 in
512 3432 711 3503 monasterio
728 3433 760 3500 in
785 3429 1005 3524 Hailsprunne
1028 3427 1226 3502 Eistetcnsis
1252 3426 1401 3500 diocesis.
1488 3429 1489 3522 t

272 3521 399 3596 Eodem
416 3548 533 3598 mense
550 3524 628 3598 obiit
644 3525 829 3600 Friderious
846 3529 958 3599 senior
974 3547 1087 3598 comes
1104 3523 1147 3595 de
1163 3523 1331 3616 Ottingeu.
1488 3543 1489 3626 p

189 3610 258 3669 ¹358
321 3621 422 3693 Anno
440 3623 559 3694 domini
577 3625 779 3696 mccclvii.
798 3623 973 3698 demenso
983 3624 1049 3696 iulii
1065 3645 1129 3696 rex
1138 3620 1297 3716 Liphonie
1314 3642 1401 3712 gen·
1488 3627 1489 3656 ¹

272 3719 336 3790 tilis
353 3723 440 3794 misit
450 3721 583 3792 fratrem
602 3745 697 3794 suum
709 3720 974 3817 adprcscriptunr
992 3719 1157 3792 dominum
1173 3723 1399 3814 imperatorem

273 3815 442 3907 Karolum
460 3827 536 3890 tunc
553 3817 752 3911 Nurenberg
769 3821 988 3908 constitutum,
1006 3839 1163 3890 asserens
1182 3827 1268 3890 sect
1281 3827 1397 3886 terram

273 3933 368 3986 suam
384 3915 473 3987 velle
491 3918 640 4010 recipere
654 3915 752 3988 tidem
766 3915 994 4006 Christianam,
1012 3925 1046 3985 et
1054 3925 1172 4010 petens
1184 3936 1223 3986 ae
1235 3909 1396 4007 baptizari.

272 4008 460 4106 Superque
478 4016 611 4104 negotio
630 4016 804 4110 imperator
821 4011 930 4104 dirigit
946 4009 1226 4106 archiepiscopum
1244 4009 1397 4100 magen-

272 4129 344 4180 sem
362 4119 395 4179 et
412 4113 615 4204 superiorem
633 4113 826 4204 magistrum
843 4108 958 4184 domus
976 4109 1154 4182 Teutonice
1175 4111 1207 4180 in
1226 4104 1396 4180 Alampria

328 4227 356 4300 1)
377 4229 425 4285 dm
444 4237 570 4290 mtinster.
