2946 4822
390 271 554 333 mutnus
573 271 914 334 NUEWENBURGENSIS.
1144 271 1216 350 225

47 445 203 518 darunt
256 445 441 519 Venientes
459 469 588 543 quoque
606 443 778 522 Conradus
802 445 863 520 des
881 443 993 518 Kirkel
1011 455 1045 516 ct
1061 443 1216 518 Nicolaus

47 543 95 613 de
121 543 270 616 Salmis
294 543 467 616 Ehenhcin
494 569 568 618 cum
595 545 741 640 pluribus
769 541 942 640 equitibus,
970 545 1094 638 aliquas
1119 545 1217 616 villas

48 646 229 736 episcopi
249 641 477 716 incenderunt.
513 643 697 740 Episcopus
716 665 800 716 vero
818 666 892 714 cum
909 642 1057 714 ducentis
1077 642 1217 734 galeatis

47 739 94 809 ad
115 741 255 812 locum
264 738 438 812 Ehcnhein
454 739 618 814 accedens
637 751 670 812 ct
687 741 794 835 aliqua¹
812 738 1022 828 comburens
1040 761 1115 810 cum
1128 739 1218 810 multi

48 837 96 908 de
124 835 338 909 Ehcnheim
365 842 498 930 egressi
525 843 731 931 sagittarent„
758 842 904 910 irruente
931 841 965 908 in
988 859 1047 910 eos
1071 835 1217 908 Iohanne

48 935 212 1006 domino
233 935 279 1006 de
296 934 518 1030 Liehtenherg
540 937 612 1008 lare
630 958 735 1031 usque
759 934 800 1008 ad
824 957 935 1008 muros
958 933 1058 1030 opidi7
1081 934 1218 1028 aliisque

48 1042 220 1128 repente
242 1032 469 1128 sequentibus,
491 1034 609 1108 multos
628 1035 756 1105 illorum
774 1034 964 1106 vulneravit
981 1042 1014 1103 et
1030 1035 1217 1126 captivavit.

48 1131 207 1202 Eodem
240 1139 354 1202 autem
380 1131 433 1202 die
458 1129 747 1204 Columbarienscs
775 1141 808 1202 et
833 1131 1092 1204 Slctnstatenses
1120 1131 1218 1202 villas

49 1227 303 1300 Piaffenheim
314 1227 567 1302 etGehliswilra
584 1229 735 1302 incendio
754 1239 980 1302 vastaverunt.
1012 1227 1093 1298 Erat
1110 1238 1219 1299 autem

51 1337 129 1398 tota
161 1347 266 1418 gens
292 1331 436 1421 episcopi
461 1331 640 1423 superioris
658 1325 798 1398 hlunttat
815 1337 848 1398 ct
872 1323 972 1398 abbas
990 1324 1219 1398 Morbacensis

51 1448 142 1496 cum
165 1427 225 1497 eis
248 1423 291 1494 ad
309 1424 492 1498 condictum
509 1437 635 1520 parata,
654 1424 714 1498 scd
726 1423 1095 1496 BerhtoldusWaldncr
1107 1421 1219 1496 advo-

53 1533 167 1594 catus
203 1525 356 1616 episcopi
385 1526 514 1615 gravis,
541 1533 677 1615 gentem
704 1520 890 1611 retrahens,
916 1521 1037 1594 iactum
1065 1521 1218 1594 confudit.

51 1621 150 1692 Post
179 1618 253 1690 hec
275 1619 437 1692 Rudollus
462 1620 503 1692 de
528 1617 728 1694 Ohsenstein
755 1629 788 1690 ct
815 1619 944 1713 quidam
971 1619 1024 1690 alii
1048 1619 1090 1691 de
1118 1630 1219 1712 gente

53 1721 247 1812 episcopi,
274 1717 464 1791 auferentes
488 1715 646 1814 quosdam
670 1739 773 1813 equos
796 1719 886 1789 iuxta
910 1715 1079 1808 Sletnstat,
1103 1741 1219 1792 omnes

54 1819 170 1910 quasi
192 1815 240 1886 de
259 1814 429 1906 Sletzstat,
448 1816 563 1911 quibus
576 1825 724 1910 exparte
742 1817 895 1909 principis
913 1815 1050 1888 aderant
1061 1815 1219 1889 hibertus

55 1926 93 1984 et
113 1911 237 2005 Hugo
261 1911 303 1984 de
321 1911 526 2006 Hchenbcrg
548 1912 712 2010 presides„
737 1916 830 1984 exire
854 1923 888 1984 et
910 1917 1036 2006 agitare
1059 1915 1219 1988 fecerunt.

56 2009 158 2082 Cum
181 2021 301 2082 autem
317 2011 481 2104 predictus
493 2011 655 2084 liudolfus
674 2008 833 2106 equitibus
850 2013 1008 2105 episcopi,
1026 2017 1079 2106 qui
1090 2013 1221 2084 luerunt

56 2114 95 2180 in
106 2109 418 2202 Aprimonasterio
436 2121 469 2182 et
485 2114 518 2180 in
529 2107 706 2200 Tambaoh
724 2106 908 2180 huiusmodi
926 2114 1145 2202 agitacionem
1163 2115 1219 2184 in-

56 2212 221 2280 timasse
242 2203 424 2296 debuisset,
441 2217 476 2278 ut
492 2229 653 2302 prospere
671 2209 811 2298 egisset,
829 2205 920 2280 solus
938 2229 1012 2278 cum
1029 2211 1142 2302 paucis
1154 2209 1220 2280 de-

58 2305 207 2376 ducere
236 2303 378 2399 spolium
401 2303 537 2376 credidit
558 2326 681 2377 versus
702 2300 876 2376 Tambaoh.
927 2304 1220 2378 Sletzstatensibus

59 2413 193 2474 autem
218 2413 360 2495 repente
385 2401 645 2497 insequentibus
670 2401 789 2474 multos
813 2399 855 2470 de
873 2399 1037 2473 Tambaoh
1055 2403 1220 2474 vulnera-

60 2509 220 2590 venant,
240 2498 431 2572 occiderunt
449 2511 483 2572 ct
499 2503 761 2596 captivaverunt.

120 2595 289 2690 Cumque
299 2595 485 2668 huiusmodi
497 2597 578 2669 dura
591 2599 770 2670 commocio
781 2593 835 2666 diu
846 2595 1011 2688 durasset,
1029 2598 1221 2672 neoiuissot

62 2697 190 2792 aliqua
201 2693 287 2766 villa
298 2716 343 2766 cx
352 2706 490 2791 utraque
507 2707 613 2790 parte„
631 2717 694 2788 que
712 2715 780 2764 non
796 2693 913 2768 linisset
929 2699 1065 2770 incensa
1077 2697 1135 2768 vel
1146 2721 1221 2770 oum

63 2793 292 2866 adversariis
310 2791 352 2863 de
375 2796 588 2888 pecuniarum
606 2794 742 2865 summis
759 2794 881 2886 pacisci
902 2804 1027 2883 coacta,
1052 2794 1220 2890 ducesque

63 2893 223 2964 Austris
244 2893 336 2981 genti
353 2913 428 2982 susp
451 2912 494 2961 ne
512 2893 668 2984 episcopo
686 2899 798 2961 contra
815 2892 994 2985 principem
1011 2896 1219 2982 assisterent,

63 2987 285 3074 inhiberent,
305 2987 641 3082 Argenturensesque
657 2989 691 3059 in
708 2989 892 3060 inmensum
904 2987 1121 3084 dampnificati
1131 2991 1221 3064 iuis-

65 3097 170 3162 sent:
190 3106 277 3156 ecce
296 3083 563 3178 mgenrtnanses
581 3087 658 3156 inito
676 3084 812 3158 consilio
831 3087 1035 3181 episcopum„
1052 3091 1115 3160 nisi
1133 3111 1220 3160 con-

67 3183 493 3278 cordaretcumprincipeq
506 3181 700 3254 diffidarunt.
727 3183 1219 3278 Tunecpiscopusinexpensis

68 3281 284 3368 exhaustus
303 3303 322 3352 a
340 3285 409 3354 suis
427 3280 617 3369 derelictus,
635 3290 853 3374 metuensque
867 3302 905 3352 sa
916 3304 935 3350 a
947 3285 1016 3355 suis
1028 3282 1132 3377 opidis
1151 3306 1220 3356 ex·

70 3379 164 3452 cludi
176 3377 479 3472 propterfavorcm
487 3377 1220 3475 Argentinensium,annius‚lioetpauloanta

71 3481 107 3548 in
118 3474 272 3570 capitulo
284 3497 358 3566 suc,
368 3474 577 3570 respondens
589 3473 776 3548 consulibus
787 3477 1102 3569 mganrinensibus,
1117 3478 1220 3550 dhre·-

72 3578 132 3646 rit:
139 3577 309 3666 poetasse
319 3577 525 3644 cellcreacrti
534 3576 724 3644 inordiaem
734 3593 827 3644 suom
838 3573 1112 3666 Thouloaimrcm,
1121 3595 1220 3664 pacm

69 3673 231 3760 principi
246 3673 435 3762 homagium
444 3673 606 3760 exhibere,
623 3669 666 3741 de
679 3675 841 3743 communi
853 3671 988 3745 consilio
999 3677 1143 3746 omnium
1154 3696 1220 3746 su-

75 3791 174 3839 orum
187 3767 351 3859 fidelium,
361 3768 456 3863 Spire
470 3765 582 3860 [1339
593 3765 710 3861 nord]
723 3771 903 3864 prinoipem
916 3770 1081 3843 accedens
1093 3769 1218 3865 sibique

77 3865 278 3958 homagium
288 3865 596 3958 laciensmegalium
608 3881 742 3938 suorum
753 3863 793 3937 ab
806 3888 846 3936 eo
860 3875 1011 3960 tanquam
1021 3871 1218 3961 imperatore

78 3967 315 4036 investituram
337 3967 481 4058 aocepit3
508 3973 693 4058 protestans
718 3967 751 4035 in
775 3966 928 4058 principis
952 3968 1146 4058 presencia,
1175 3985 1217 4034 eo

80 4065 340 4152 consenciente,
374 4060 460 4156 quod
483 4083 550 4133 non
573 4063 681 4135 miurus
705 4057 836 4132 domino
859 4083 920 4134 suc
947 4085 1031 4156 pape
1058 4062 1163 4136 vellat
1185 4065 1219 4134 in

80 4159 234 4232 omnihus
245 4158 396 4249 ateana
410 4170 596 4254 protestans
609 4160 714 4232 eciam
724 4171 800 4231 ante
812 4181 986 4234 accessum
996 4163 1030 4232 in
1040 4162 1218 4255 presencia

83 4259 259 4330 mrdtorum
278 4261 432 4329 comitum
449 4265 483 4330 et
505 4256 682 4350 baronump
711 4257 796 4353 quod
821 4256 1005 4332 huiusmodi
1027 4258 1217 4354 homagium

156 4407 459 4451 scamaronrsss.
978 4404 1011 4464 15
