2982 4824
262 261 336 336 660
436 257 614 318 nitidum
632 257 823 320 manumitti
842 259 949 320 ansul
967 257 1208 318 IMPERATORUM.

313 435 513 510 Conadinus
531 436 668 510 Camadi
684 435 783 527 filins,
807 435 850 508 de
868 458 932 530 qua
947 457 1048 530 supra
1068 438 1133 508 iam
1149 433 1308 522 diximus,
1324 434 1386 522 init,

262 556 360 628 quem
378 557 422 606 ax
443 557 558 608 sorore
582 533 673 609 ducis
689 534 858 608 Bauvarie
875 537 1059 626 generavit
1085 531 1254 626 Siquidem
1272 529 1387 604 Fride-

260 635 350 705 iicus
367 654 466 728 snpra
485 636 549 703 iam
562 631 683 723 ‘dictus
701 643 872 726 postquam
888 653 1031 723 regnum
1047 629 1168 726 Apulia
1185 639 1239 702 est
1255 627 1388 724 adeptus

260 728 384 822 hique
400 733 434 800 in
450 733 587 824 imperio
605 741 793 818 coronatus,
814 728 930 802 ducem
947 729 1114 803 Bauvarie
1128 749 1189 821 per
1205 730 1387 800 assasinuu

260 825 338 902 iecit
354 825 470 916 occidi,
488 849 530 898 aa
547 825 634 921 quod
650 831 684 898 in
701 826 862 900 discordia
879 848 976 922 pam
993 823 1154 898 habuerat
1173 844 1247 896 oum
1263 821 1389 912 anne,

261 935 389 1017 partem
416 921 543 997 Ottonis
569 923 701 999 foverat
727 935 793 998 toto
821 945 931 1019 passe.
966 924 1029 998 iiio
1056 933 1165 996 antem
1192 921 1262 996 dax
1289 923 1390 998 taliter

260 1027 409 1096 mortuus
435 1021 518 1096 duos
546 1021 631 1096 lilios
664 1033 697 1096 et
722 1021 822 1100 iliam
849 1043 948 1094 atnam
977 1024 1171 1117 superstites
1200 1017 1390 1115 dereliquid

259 1135 390 1208 gauere
408 1117 568 1214 siquidem
584 1116 724 1208 nobiles,
749 1118 868 1193 ducatu
887 1129 1052 1214 poenas,
1070 1117 1131 1192 sed
1147 1119 1290 1212 mannia
1308 1139 1390 1212 pan-

258 1223 361 1308 peras
373 1227 406 1288 ot
416 1225 504 1288 atate
514 1219 669 1289 minores.
684 1213 831 1290 Dnoatus
843 1239 957 1290 eorum
968 1218 1097 1288 ducenti
1106 1213 1233 1288 Suavis
1243 1224 1301 1290 est
1310 1236 1390 1288 oon-

259 1311 335 1386 linis
353 1323 387 1386 et
401 1311 477 1385 ideo
494 1324 563 1390 erat
580 1315 765 1407 periculosa
782 1324 816 1387 et
827 1313 923 1387 duhia
941 1335 1056 1388 eorum
1072 1311 1245 1388 discordia.
1264 1311 1389 1386 Veiens

259 1411 359 1501 igitur
368 1409 565 1485 Frederious
582 1411 800 1505 tranquillitati
817 1411 953 1486 Corradi
971 1410 1148 1508 providere
1160 1413 1195 1484 in
1211 1419 1390 1502 pasterum,

259 1518 335 1580 aum
360 1506 537 1582 heredibus
554 1507 647 1582 ducis
670 1512 770 1586 occisi
787 1531 904 1603 pacem
920 1508 1043 1582 hahere
1067 1511 1207 1598 curam,
1233 1505 1279 1578 ad
1302 1511 1389 1580 cuins

259 1601 409 1680 stabilem
432 1603 617 1678 nminem
639 1605 739 1679 filiam
761 1610 826 1680 iam
849 1606 923 1680 diati
948 1607 1040 1680 ducis
1057 1604 1205 1678 Carrado
1222 1608 1256 1676 in
1274 1609 1390 1678 coniu-

258 1705 351 1794 gium
364 1702 537 1798 copulavit.
555 1702 611 1776 Ex
621 1702 683 1776 hac
699 1725 782 1796 ergo
799 1726 906 1778 uxore
917 1703 1131 1778 Corradinum
1145 1702 1246 1774 hlium
1265 1706 1389 1795 germ

259 1821 358 1892 quem
374 1811 503 1893 septem
520 1821 681 1874 annorum
692 1801 748 1874 vel
758 1812 832 1874 oota
844 1806 1055 1896 superstitem
1074 1798 1267 1893 dereliquid.
1286 1800 1390 1874 Gum-

259 1917 324 1989 que
341 1900 406 1969 iam
423 1918 507 1991 puer
523 1919 645 1970 annum
662 1901 726 1970 iam
744 1903 874 1972 tertium
892 1900 1053 1972 deoimum
1071 1901 1246 1991 aoigisset,
1265 1899 1390 1972 sollici-

259 2001 367 2067 tantur
384 2015 403 2064 a
421 1991 591 2068 Gihellinis
608 1995 729 2070 Tuscia
744 1999 836 2091 puen'
859 1996 1075 2070 conductores
1100 1999 1218 2068 comite
1241 1994 1309 2068 hoo
1330 2019 1391 2068 oa-

259 2095 402 2164 merario
418 2103 628 2187 procurante,
651 2103 685 2166 ut
708 2115 830 2186 magna
848 2105 981 2190 accepta
1005 2097 1144 2189 pecunia
1160 2113 1302 2186 puerum
1319 2115 1392 2166 oum

258 2192 410 2262 exercitu
435 2191 468 2260 in
492 2189 629 2262 Ytaliam
655 2189 786 2283 ducam.
814 2190 972 2266 stabiliter
998 2195 1226 2286 promittentes
1252 2191 1392 2279 eisdem,

259 2285 348 2379 quod
363 2286 501 2359 faciliter
516 2287 659 2361 Karalus
677 2289 857 2382 pelleretur
874 2313 893 2362 a
910 2311 1029 2382 regna,
1048 2312 1089 2362 eo
1109 2285 1195 2383 qnod
1211 2289 1391 2381 regnicolis

257 2394 353 2458 esset
379 2387 546 2462 universis
574 2405 702 2459 exosus
729 2397 763 2458 et
786 2386 985 2462 Corradinns
1013 2398 1147 2460 econtra
1173 2382 1214 2456 ab
1240 2385 1391 2460 omnihus

258 2483 461 2576 concupitis.
489 2481 603 2577 Itaque
624 2480 809 2556 huiusmodi
831 2483 1100 2579 persuasionibus
1123 2482 1304 2557 inianhdus
1322 2488 1392 2556 cir-

256 2588 457 2652 ccmventus
474 2590 509 2652 et
524 2579 682 2675 deeeptus
700 2583 848 2654 similiter
864 2581 934 2656 dux
944 2583 1121 2672 nameus,
1138 2583 1193 2675 qai
1209 2585 1305 2675 pueri
1322 2593 1394 2654 erat
1481 2663 1482 2666 p

258 2674 463 2767 amnonius.
493 2699 632 2773 pueram
659 2676 829 2754 Gihellinis
856 2678 985 2752 tradidit
1011 2679 1152 2775 Ppsanis
1181 2682 1393 2774 maximeque
1481 2679 1482 2726 l

257 2777 422 2847 mantnt
453 2773 558 2866 igitur
582 2774 782 2850 Camadinus
805 2799 867 2871 per
888 2777 1077 2866 Veronam,
1101 2775 1235 2869 Papiam
1256 2786 1292 2850 et
1316 2775 1393 2848 inde

255 2869 441 2961 Saganam¹
460 2871 658 2962 deveniens,
676 2877 879 2968 campaneis
896 2873 1257 2968 navigioPysasvanit
1275 2873 1393 2965 [1268

256 2986 328 3060 apr.
345 2965 398 3057 41.
430 2966 606 3044 Exercitus
631 2991 714 3044 varo
739 2975 810 3046 eius
837 2993 883 3046 ex
904 2972 1111 3044 Theotaniais
1139 2981 1173 3042 et
1198 2969 1392 3044 lombardis

257 3061 454 3140 marchianis
466 3066 650 3161 Maiaspine
660 3065 779 3140 ducatu
794 3078 987 3162 parternum
995 3067 1185 3141 Lunensem
1200 3090 1276 3142 cum
1289 3069 1393 3140 multa
1480 3089 1481 3126 t

255 3163 403 3256 periuria
420 3163 527 3257 Pysas
545 3168 646 3236 venit.
672 3165 729 3236 Sic
751 3169 851 3256 igitur
868 3170 1000 3240 armatis
1021 3164 1172 3238 omnihus
1189 3176 1224 3238 et
1240 3165 1283 3237 de
1301 3185 1393 3238 novo

256 3262 399 3349 vestitis,
416 3271 537 3334 tomam
547 3259 746 3336 lucensium
762 3265 968 3336 intraverunt
984 3271 1017 3334 et
1032 3261 1149 3336 decem
1164 3260 1294 3353 debus,
1313 3265 1392 3358 qni-

256 3351 319 3429 hns
342 3353 386 3427 ihi
410 3356 555 3448 inerunt,
578 3369 694 3432 cunata
720 3381 784 3454 qne
806 3363 840 3431 in
863 3371 956 3454 parte
979 3359 1034 3432 ilia
1058 3369 1154 3432 arant
1170 3358 1393 3448 vastantibus,

254 3451 364 3544 Pysas
381 3475 555 3546 reversus,
572 3459 718 3549 protinus
730 3457 837 3532 Senes
849 3461 952 3547 venit.
970 3461 1137 3551 missaque
1148 3467 1287 3552 repente
1303 3479 1393 3529 eon-
1479 3497 1480 3536 ;

255 3557 305 3620 tra
330 3552 558 3626 marisoaloum
579 3556 671 3645 regis
695 3557 856 3645 exercitu.
881 3575 956 3634 aum
979 3555 1035 3627 ille
1058 3557 1208 3628 incantus
1235 3565 1270 3628 et
1293 3551 1394 3628 nichil
1479 3547 1480 3570 ¹

255 3646 436 3726 formidans
457 3649 639 3740 incederet.
662 3651 723 3724 sed
746 3648 829 3724 duas
852 3662 963 3746 partes
987 3673 1122 3726 suoram
1145 3651 1283 3724 militum
1307 3673 1394 3745 pre-

255 3747 380 3836 missis,
404 3745 582 3821 debellavit
606 3747 767 3836 eundem,
792 3759 825 3820 et
846 3747 992 3842 piurihus
1015 3747 1196 3820 interfectis
1220 3769 1298 3820 oum
1325 3749 1394 3822 ali-

254 3839 371 3934 qaihus
388 3842 478 3916 illum
502 3847 588 3938 cepit
606 3847 688 3935 [iun.
706 3844 783 3934 25].
817 3843 1016 3919 Corradinus
1042 3845 1085 3916 ad
1109 3847 1234 3918 maiora
1257 3868 1306 3917 ex
1328 3843 1393 3918 hiis

254 3937 405 4013 omnihus
422 3945 583 4014 ammatus
600 3945 747 4023 conatus
763 3941 904 4017 Romam
919 3941 1022 4014 vadit.
1045 3943 1093 4016 At
1109 3939 1273 4036 dampnas
1289 3941 1394 4016 Hen—
1478 3951 1479 4000 ὲ

254 4039 372 4136 ricus2,
397 4041 451 4136 qui
468 4048 546 4110 tuna
568 4050 680 4111 contra
698 4039 902 4111 voluntatem
919 4039 1062 4112 ecclesie
1086 4049 1238 4112 sensnum
1257 4037 1395 4111 tenehat

255 4139 289 4202 et
302 4132 403 4226 ‚plara
430 4138 535 4206 arania
559 4135 771 4228 confregerat
794 4131 1032 4234 thesaurosque
1054 4135 1229 4232 rapuerat,
1255 4146 1395 4234 propter

260 4241 264 4252 '
310 4251 339 4330 1)
357 4256 472 4314 Sauone.
507 4257 539 4330 2)
556 4255 680 4318 Heinrich
698 4244 753 4316 aon
772 4257 910 4332 Castiiien,
928 4251 1026 4317 hrdder
1045 4259 1093 4316 des
1113 4257 1214 4331 haniga
1232 4259 1342 4318 Aliana
