3014 4822
519 238 864 301 oummsulrorros
1183 237 1255 316 ils

125 413 252 490 alectus
277 415 440 490 excisus
460 427 495 488 et
512 417 659 512 sepultus
684 428 744 491 ost.
782 416 883 490 Cuius
909 415 1117 512 sepulchrum
1140 428 1255 512 possea

124 512 242 586 debus
270 517 400 605 triginta
428 517 588 586 anninus
614 535 724 608 pauno
751 520 858 587 serico
885 513 1076 608 legebatur,
1110 512 1256 586 candolis

123 622 265 705 metum
280 609 400 683 ibidem
417 611 505 684 boris
527 611 649 684 divinis
669 611 859 684 ardentibus
877 623 975 706 alque
992 635 1011 682 e
1028 613 1156 684 clericis
1173 633 1256 706 amru

121 706 298 780 benedicta
320 731 393 780 oum
410 712 561 798 maenaa„
587 709 715 804 psalmo
731 711 887 780 Miserere
909 721 943 780 ol
960 709 1094 781 oollccla
1112 729 1173 802 pro
1191 708 1256 779 do-

123 805 246 878 mnas
264 817 341 899 post
355 809 490 878 masam
506 817 542 878 ol
558 806 805 899 completorium
821 810 996 880 visitatum.
1033 807 1151 878 Postea
1170 825 1256 876 anno

123 901 235 990 lousa
261 901 319 974 ll.
336 902 467 974 kalend.
493 899 677 977 decembris
689 905 906 976 mausoleum
931 908 1005 976 sive
1029 901 1255 996 sarcophagus

121 997 282 1072 oumbao
295 1001 506 1092 inscriptions
524 1000 606 1086 (iam
622 999 693 1069 iere
710 1009 776 1070 wia
793 998 982 1092 colueram)
998 1003 1032 1070 iu
1045 998 1154 1069 medio
1167 995 1256 1068 ebori

121 1117 199 1168 oum
214 1099 367 1186 insigniis
390 1101 484 1187 regis
502 1107 535 1167 et
551 1097 732 1167 siccorum
749 1108 802 1168 est
825 1102 1032 1169 consutorum
1049 1117 1116 1167 non
1134 1094 1257 1165 directo

121 1213 226 1285 super
241 1191 455 1286 sepulchrum
472 1193 532 1266 sod
549 1215 652 1288 prope
668 1193 757 1264 illud.
783 1193 973 1288 Sequuntur
989 1193 1126 1288 tylbmi:

411 1327 537 1398 Unlreeo
551 1327 691 1398 sebendl
703 1331 805 1418 simpl

405 1425 488 1495 Dese
503 1429 557 1494 die
573 1433 649 1495 treeo
664 1425 808 1496 sebuden
822 1429 927 1516 nimpi

409 1522 535 1592 Uerres
552 1543 630 1591 meu
646 1525 766 1614 oeulos
781 1524 840 1594 bel

409 1619 536 1689 Uatreu
551 1624 611 1689 mit
622 1619 730 1703 selred
746 1621 894 1691 volobel
906 1627 996 1690 eorl.

170 1751 302 1824 Eodem
324 1775 411 1830 anuo
435 1751 532 1824 1349
551 1752 688 1826 Carolus
713 1776 777 1830 rou
790 1750 982 1844 Boberuiae,
1010 1757 1101 1848 prius
1118 1757 1152 1826 iu
1168 1753 1256 1848 bap-

121 1847 567 1925 osmodictuswenceslaus
580 1848 1090 1924 sedinooulirmalionevocalus
1103 1851 1254 1940 Carolus,

123 1947 183 2018 15.
199 1945 265 2018 bal.
284 1945 351 2021 iulii
375 1945 628 2021 Fruuooiordiae
653 1945 693 2020 ab
717 1945 866 2020 omuibus
891 1946 1087 2022 electoribus
1111 1971 1255 2024 coneor-

123 2041 208 2116 diler
226 2053 279 2117 esi
295 2043 432 2136 electus
454 2042 604 2116 induoius
622 2054 656 2115 el
673 2043 846 2116 exaltatus.
882 2042 945 2118 Die
964 2043 1020 2116 13.
1039 2045 1171 2121 kalend
1188 2047 1256 2121 iulii

121 2138 244 2212 ibidem
255 2144 288 2212 in
304 2141 378 2214 looo
388 2137 671 2232 Sambslegsberg
687 2141 814 2217 incolae
826 2139 1130 2218 Frauoolordonses
1148 2142 1256 2214 eidem

120 2239 326 2310 iuraverunt.
341 2327 344 2332 ¹
359 2237 489 2310 Eodem
513 2237 565 2307 die
582 2237 790 2334 Rudolpbum
808 2248 840 2308 et
858 2238 1040 2333 liopertum
1063 2236 1165 2312 duoos
1182 2237 1255 2310 Ba-

121 2339 240 2420 variae
256 2333 446 2408 infeudavil.
479 2334 542 2406 Die
560 2333 593 2404 3.
611 2358 717 2408 nouas
734 2335 800 2407 iulii
817 2359 881 2408 rex
898 2347 930 2408 et
946 2339 1063 2426 regina
1081 2335 1255 2408 discesse-

120 2433 457 2526 runlAquisgranum
473 2455 533 2528 pro
551 2435 774 2522 coronatione,
792 2429 845 2502 ubi
858 2437 892 2504 iu
903 2432 1015 2525 vigilia
1033 2437 1137 2505 saucii
1145 2430 1256 2504 iacobi

123 2527 196 2617 [iul.
225 2525 292 2618 241
326 2541 509 2602 coronatur.
646 2529 709 2601 Die
743 2529 949 2603 exultationis
983 2540 1117 2602 sancus
1149 2533 1255 2602 erucis

122 2623 297 2720 [seprio]
311 2631 405 2700 siaiio
416 2627 584 2720 generalis
603 2629 714 2722 cappis
732 2629 836 2718 nigris
854 2627 950 2705 uudis
968 2622 1107 2722 pedibus
1123 2637 1256 2721 propter

121 2722 320 2818 epidemiam
342 2723 531 2796 habebatur.

173 2817 314 2891 Eodsm¹
329 2844 415 2894 anno
428 2819 799 2916 13491udaeifercpe1·
815 2832 915 2896 lolam
924 2821 1157 2894 Alemanuiem
1175 2824 1255 2912 igne

120 2920 293 3011 perierunt
307 2942 383 2990 oum
400 2915 548 2993 domibus
567 2943 692 3012 sorum,
711 2923 904 3013 praesertim
914 2917 1183 3007 Francorum,
1200 2916 1255 2993 ubi

119 3024 191 3084 tum
216 3019 370 3108 optimam
392 3025 519 3110 pariam
542 3017 680 3092 cimbalis
703 3015 924 3090 inbabilubani
940 3015 1095 3088 videlicet
1118 3026 1254 3108 sponte

120 3109 166 3182 ad
180 3112 294 3195 'vicum
316 3115 526 3208 piscatorium
550 3112 783 3188 descendendo
805 3113 864 3186 aui
884 3111 948 3184 deu
965 3109 1183 3184 Weckmarkl
1200 3110 1254 3185 ubi

118 3205 380 3306 luillsyuegoga
404 3233 532 3309 eorum,
553 3210 652 3283 bodie
676 3202 792 3284 domus
809 3207 937 3304 publica
961 3208 1015 3279 boi
1040 3207 1100 3282 der
1116 3207 1254 3298 Wagsu

119 3299 230 3390 adbuc
256 3328 377 3390 nomeu
404 3305 530 3404 bubens
555 3307 607 3380 die
629 3305 840 3398 ludousobub
869 3316 1069 3401 occuparunt
1091 3307 1189 3378 eliam
1213 3303 1253 3374 ab

119 3413 194 3484 uiro
218 3426 260 3474 ue
277 3403 382 3475 latere
399 3405 599 3498 praediolum
615 3405 756 3500 plateam
775 3415 910 3498 apoule
933 3403 1039 3477 forms
1057 3425 1161 3497 usque
1178 3424 1255 3475 uum

117 3427 354 3590 Lumbenbrou
377 3512 473 3596 alque
490 3501 533 3577 ad
549 3501 705 3596 templum
729 3505 832 3574 sancti
849 3499 1090 3575 Boulbolomaei
1109 3522 1177 3574 vou
1193 3499 1253 3572 dor

118 3588 356 3690 Meblwagom
379 3595 433 3672 ubi
457 3611 572 3694 postea
595 3601 654 3673 luit
670 3602 913 3689 coemiterium,
940 3597 999 3672 luo
1021 3598 1131 3691 platea
1154 3597 1251 3690 plena

117 3689 326 3782 domunculis
345 3689 481 3784 eorum¹
493 3692 635 3772 Exstant
645 3701 731 3786 vesti
757 3700 788 3768 ie
806 3695 911 3769 adbuc
928 3699 961 3766 iu
978 3692 1137 3788 aliquibus
1153 3691 1261 3777 audie.

117 3789 235 3888 bussei
249 3791 376 3887 liberae.
410 3787 447 3864 lu
463 3789 527 3870 boo
543 3804 647 3879 iraelu
663 3805 715 3870 est
731 3719 848 3866 bornus
866 3815 941 3864 zum
957 3791 1057 3866 Slorlr
1075 3814 1094 3862 e
1112 3793 1251 3881 regione

116 3887 219 3982 turris
238 3899 377 3985 ,bouillo
399 3891 573 3982 ecclesiae,
598 3914 681 3985 quae
704 3889 873 3983 ilalierlur
897 3888 980 3976 dicia
1004 3886 1169 3960 aludaeis
1194 3889 1252 3958 iu-

116 3979 338 4092 bub'ilunllbus
364 3982 456 4068 diolis
481 3985 541 4072 dio,
556 3982 808 4084 Slorbeu.„,Fui
862 3995 972 4059 etum
996 3986 1262 4074 curiaciuiluliu.

117 4080 181 4157 sila
199 4105 241 4188 eo
257 4080 344 4184 loeo„
362 4082 415 4156 ubi
431 4109 519 4158 nune
535 4096 587 4158 est
603 4089 700 4159 turris
719 4087 825 4179 saucii¹
863 4081 1075 4180 artholomaei
1093 4092 1190 4183 alque
1201 4103 1253 4169 ¹eu

149 4190 183 4220 loll
207 4192 212 4226 Ἰ
223 4207 233 4217 .

175 4230 204 4302 1)
224 4232 272 4287 der
290 4195 377 4302 genae
395 4199 524 4304 loigeade
538 4192 678 4290 ¹absohuill
697 4263 729 4274 -
751 4251 805 4290 uon
824 4200 905 4289 credo
926 4229 993 4288 lebll
1011 4229 1036 4287 in
1056 4232 1083 4286 S.
