2960 4832
343 219 517 280 mmmcos
536 219 863 281 onomssannovsn.
1126 226 1174 298 69

69 421 101 466 ac
113 400 195 467 rivos
211 391 425 485 intoxioasse‚
446 399 529 468 sicut
545 406 659 491 postea
676 418 738 491 per
754 417 868 468 eorum
885 395 1128 468 confessionem
1146 407 1179 470 et
1198 405 1269 463 itte

69 497 149 566 etiam
165 491 420 565 Gbrisbamrum
447 505 670 588 corruptorum
693 517 755 588 per
769 493 889 566 ludeos
912 497 1024 589 patuit
1049 499 1102 589 qui
1119 517 1180 590 per

67 590 169 661 lodeos
194 589 315 663 inducti
339 592 468 662 lucrant
489 603 524 663 ut
546 591 725 687 predictum
742 591 868 664 facinus
886 602 1120 686 perpetrarent
1138 593 1181 666 Et

67 687 140 760 idem
160 685 343 760 fatebantur
366 688 494 782 quidam
512 712 556 762 ex
571 688 681 762 lodeis
704 692 835 761 noviter
856 687 1019 783 baptizati,
1044 712 1181 784 quorum

68 785 178 878 quidam
199 798 431 858 remanserunt
453 789 485 858 in
510 785 588 875 fide,
612 786 664 856 alii
689 785 818 880 quidem
842 797 1121 881 apostotavenmt,
1149 797 1183 858 ot

67 893 160 954 tamen
175 886 269 977 positi
288 905 390 977 super
411 895 500 956 rotas
517 882 702 957 fatebantur
718 905 757 956 se
774 905 943 955 venenum
967 887 1131 979 sparsisse
1149 895 1183 956 et

67 1002 153 1073 aquas
162 982 371 1053 mtoxieasse.
388 981 430 1052 Et
441 983 622 1054 sionullum
633 979 763 1053 dubium
773 985 931 1054 remansit
942 1003 1055 1052 eorum
1066 981 1181 1054 frauda

68 1075 187 1149 deboc.
203 1077 292 1149 lnira
305 1081 381 1149 anni
398 1101 565 1170 coronam
582 1077 646 1149 boc
656 1078 829 1152 estaiesto
840 1082 984 1150 omnium
995 1089 1182 1151 sanctorum

68 1177 129 1245 anni
143 1175 185 1246 nl.
208 1178 321 1247 octavi
343 1198 449 1271 usque
472 1175 514 1246 ad
530 1177 650 1250 festum
673 1175 759 1247 beati
775 1174 968 1248 Michabelis
992 1175 1183 1268 archangeli

68 1275 128 1343 anni
142 1273 185 1344 xl.
208 1277 287 1344 noni
311 1293 427 1346 omnes
450 1270 554 1363 ludei„
577 1277 718 1345 iuvenes
742 1283 774 1344 et
797 1277 958 1366 virgines,
984 1295 1084 1348 senes
1108 1295 1182 1345 cum

69 1367 235 1459 maioribus,
253 1376 390 1442 mamati
408 1381 441 1442 et
457 1373 557 1444 occisi
575 1370 823 1445 suntaColonia
840 1393 945 1465 usqum
962 1373 1181 1445 industriam

68 1467 316 1561 propterscelus¹
335 1469 523 1561 predictum.
542 1467 585 1540 Et
599 1467 790 1540 benedictus
809 1467 904 1558 deasq
928 1473 980 1564 qui
997 1472 1181 1563 peremnia

68 1563 315 1658 mpiostradidit,
327 1570 380 1660 qui
392 1567 666 1638 suamecclesiam
674 1563 1068 1658 cedebantemnguere,
1078 1569 1181 1658 igno-

69 1671 160 1734 rantes
182 1683 256 1733 aam
280 1685 363 1736 esso
387 1687 489 1758 super
510 1663 636 1735 lirmam
660 1673 786 1756 petram
809 1664 961 1754 locatam,
985 1687 1081 1759 quam
1104 1662 1181 1736 dum

69 1769 204 1830 conantur
222 1770 383 1832 evertere
399 1783 437 1832 se
454 1764 544 1857 ipsos
562 1761 774 1855 corporaliter
791 1771 824 1832 et
841 1762 1029 1833 eternaliter
1045 1760 1182 1832 occide·

70 1866 136 1927 mnt.
230 1857 332 1930 Nunc
348 1880 432 1929 vero
450 1859 653 1951 singulorum
670 1859 853 1930 occisiones
870 1881 1116 1952 persequemur.
1140 1856 1183 1952 Et

69 1955 185 2044 pmum
201 1957 304 2028 occisi
323 1966 398 2028 sunt
414 1977 476 2028 seo
493 1960 626 2028 cremati
637 1961 668 2028 in
679 1955 840 2028 Solodoro
857 1959 889 2026 in
907 1978 1024 2028 mense
1033 1977 1182 2027 novem-

70 2045 133 2140 bris,
149 2051 263 2122 deindo
273 2056 310 2124 in
320 2053 495 2145 Zovingen
513 2057 596 2148 capti
613 2053 744 2126 luerunt
760 2064 794 2123 et
810 2054 905 2147 aliqui
924 2076 969 2126 ex
985 2055 1035 2125 eis
1052 2057 1085 2124 in
1101 2056 1181 2126 rotis

70 2151 145 2238 positi
157 2148 273 2221 deinde
285 2148 517 2241 inStutgarten
529 2149 1182 2244 omnescremattSimitterintantsperg

69 2245 166 2336 oppido
180 2248 409 2339 Augustensis
427 2246 581 2343 dyocesis
600 2260 632 2320 et
649 2251 681 2320 in
697 2245 825 2320 Btirren
842 2250 875 2318 in
888 2247 1135 2339 Maemmingen
1148 2257 1183 2318 et

70 2339 392 2434 inborgoweiusdem
404 2345 577 2441 dyocessis
589 2355 622 2417 et
630 2350 663 2416 in
671 2343 994 2419 mensenovembris.
1005 2343 1182 2418 Demense

69 2459 136 2510 vero
155 2439 339 2514 decembris
362 2445 396 2514 in
419 2442 471 2513 die
495 2447 598 2514 saneti
614 2442 739 2516 Nicolai
756 2447 787 2514 in
804 2440 985 2534 lindaugia
998 2445 1132 2514 mamati
1149 2452 1183 2512 et

69 2539 148 2607 occisi
159 2537 303 2628 fuerumt„
322 2549 356 2609 et
376 2543 418 2612 vi.
436 2539 509 2612 idus
527 2539 710 2613 decembris
728 2545 761 2612 in
777 2540 974 2631 Rudingem
1001 2539 1074 2611 idus
1097 2560 1181 2611 vero

70 2629 227 2708 decembris
243 2640 279 2708 in
297 2636 469 2728 llaigerlo,
494 2648 528 2708 et
541 2641 608 2710 xiii.
632 2638 697 2710 kal.
721 2639 856 2728 ianuarii
878 2640 911 2708 in
932 2637 1082 2708 llorwen
1100 2659 1182 2708 cre-

70 2727 215 2803 mabantur
240 2737 274 2804 in
303 2732 413 2804 fovea.
441 2733 483 2804 llt
509 2735 607 2826 lignis
635 2736 835 2830 consumptis
862 2744 896 2805 et
921 2735 1025 2828 paleis
1053 2733 1181 2828 quidam

70 2827 185 2902 iuvenes
192 2829 434 2903 etsenesludei
442 2835 843 2922 semiviviremanserant,
855 2830 1021 2926 exquibus
1029 2831 1180 2904 tortiores

70 2923 239 3016 arripiebant
248 2928 358 3001 iustos
376 2937 409 2998 et
425 2928 550 3022 lapidea
568 2938 603 2999 et
618 2930 771 3002 volentes
785 2940 916 3023 reptare
927 2953 971 3001 ex
980 2933 1059 3020 igne
1071 2951 1180 3001 enoe-

70 3017 246 3115 teintona,
272 3035 308 3096 et
324 3027 373 3097 sic
388 3025 428 3096 ad
445 3024 608 3097 infernum
625 3026 831 3098 descendere
848 3022 1012 3117 cogebant
1029 3026 1180 3098 volentes

71 3136 104 3184 ex
116 3121 184 3210 igne
196 3125 339 3214 seiungi.
356 3121 400 3193 Et
410 3123 536 3217 impleri
549 3121 943 3219 videbaturimprecaoio:
960 3127 1095 3213 conpote
1112 3128 1182 3194 etus

69 3231 146 3302 super
165 3239 221 3291 nos
244 3229 278 3292 ct
302 3221 503 3308 superstites
525 3229 659 3292 nosnos.
682 3221 725 3292 Et
740 3225 785 3293 vi.
804 3219 867 3292 kal.
885 3221 1022 3291 ianuarii
1037 3218 1130 3291 ludei
1147 3223 1179 3293 in

70 3305 222 3407 bsslingen
231 3339 271 3390 se
280 3321 373 3412 ipsos
384 3320 417 3388 in
434 3316 582 3391 domibus
594 3329 627 3389 et
638 3340 813 3412 synagoga
824 3321 968 3412 ipsomm
980 3317 1179 3391 cremabant.

70 3403 132 3480 ltem
145 3412 348 3506 inNagelten
360 3425 435 3486 sunt
451 3419 593 3486 cremati.
611 3415 679 3487 Sed
696 3419 729 3487 in
746 3415 1045 3510 oppidoZovingen
1056 3439 1179 3512 supra-

71 3501 136 3577 dicto
150 3523 314 3605 repertum
331 3511 391 3583 luit
406 3533 574 3584 venenum
591 3515 624 3584 in
641 3513 738 3584 domo
754 3512 845 3585 ludei
867 3514 941 3586 dicti
957 3513 1075 3588 lbdstli
1094 3515 1179 3609 quod

71 3607 198 3679 ansulas
209 3611 351 3682 civitatis
368 3608 487 3680 ibidem
502 3613 703 3706 inquirentes
713 3613 931 3705 reperierunt,
949 3621 982 3683 et
996 3635 1057 3707 per
1067 3635 1179 3707 expe-

70 3701 198 3776 o'enriam
220 3705 361 3801 probant
382 3729 461 3781 esse
478 3707 549 3779 iore
571 3711 727 3797 toxicum
751 3720 883 3804 proptor
906 3709 991 3803 quod
1014 3720 1091 3781 tunc
1114 3709 1179 3780 duo

71 3790 141 3869 ludei
161 3814 193 3873 et
213 3827 278 3876 una
296 3803 397 3875 ludea
414 3804 545 3876 fuerunt
567 3809 646 3878 rotis
670 3809 795 3896 inserti7
823 3808 875 3877 alii
893 3829 977 3879 vero
995 3811 1118 3878 servati
1136 3807 1178 3876 ad

73 3896 228 3972 mandatum
246 3900 368 3973 domini
378 3901 505 3974 Alberti
516 3902 607 3975 ducis
615 3903 762 3993 Austris,
781 3909 833 3998 qui
851 3927 910 3975 eos
928 3903 1059 3974 delendi
1077 3927 1179 3974 man-

74 3986 229 4068 latuisset
246 3997 310 4071 hoc
327 3998 488 4071 modicum
506 4001 636 4094 profuit
654 4003 727 4095 quia
745 4002 827 4072 inira
846 4023 966 4071 annum
984 4011 1182 4096 sequentem

101 4190 123 4261 ¹]
136 4197 201 4256 telus
215 4199 258 4260 die
271 4201 313 4260 bs.
350 4201 382 4272 2)
397 4217 429 4260 so
445 4201 488 4262 die
501 4204 541 4264 bs.
