2900 4820
174 233 246 308 284
355 227 574 288 commeatio
593 227 759 286 ΜΑΤΓΗΙΑΕ
777 227 1117 288 NUEWENBURGENSIS.

91 419 161 478 1352
175 401 279 494 otius„
297 406 358 499 ipsi
373 425 411 478 se
422 401 651 478 Swioensibus
665 411 699 474 et
711 399 966 478 Thurioensibus
979 402 1176 496 oolligaruut
1189 400 1303 495 [1353

174 513 265 576 mim
284 503 333 595 6].

222 600 304 675 Item
322 599 440 674 eodem
458 623 544 674 anno
556 602 611 675 lii.
625 599 840 696 rexhytovie
857 623 931 674 oum
949 602 1070 676 auxilio
1080 601 1304 691 Tanarum,

174 723 249 774 oum
277 703 426 772 exeroiiu
450 698 678 772 innumerabili
701 721 764 795 per
785 698 967 794 Russyam,
995 721 1092 795 quam
1117 701 1210 793 quasi
1237 699 1304 770 de-

175 802 305 890 suumn,
327 801 494 872 transiens
517 801 625 870 animo
649 795 845 871 Graeoviam
870 797 1073 889 destruendi,
1100 819 1174 868 eum
1197 795 1304 868 reba-

173 895 301 970 buisset
316 896 452 968 narem
476 917 572 970 suum
596 898 761 992 eaptivnm
778 892 899 968 dudum
917 905 950 966 et
966 918 1041 969 oum
1057 915 1174 967 omnes
1192 896 1304 966 vioiuo

173 1005 263 1066 terre
281 992 322 1066 ad
340 997 411 1068 eins
428 995 656 1068 resistenoiam
676 1003 904 1089 properarent,
928 997 1068 1068 reoessit
1083 997 1117 1066 in
1133 991 1305 1068 Prussiam

173 1095 207 1166 in
223 1090 359 1186 perfidia
376 1113 613 1188 perseverans.

222 1189 304 1264 Item
312 1189 1304 1286 eodemannoliiligapaoisgeneralisAlsaeiebnitainiesto

173 1288 305 1361 Martini
330 1292 424 1381 [nov.
443 1287 507 1378 11]
526 1287 688 1362 Rudolfus
706 1289 871 1363 Palatinus
895 1292 1068 1362 nominans
1086 1310 1126 1362 se
1143 1291 1306 1362 vinarium

173 1388 313 1481 imperii
331 1396 365 1458 et
373 1385 474 1478 Hugo
485 1385 527 1458 de
536 1384 741 1480 Hohenberg
751 1410 825 1459 oum
837 1384 1020 1460 civitatibus
1031 1389 1158 1480 imperii
1168 1386 1307 1460 Menam

174 1485 349 1558 uoluerunt
374 1505 556 1579 prorogare
582 1483 684 1576 ligem
706 1487 811 1580 panis„
838 1489 901 1558 nisi
928 1505 1035 1558 nonus
1059 1486 1221 1574 cognitorq
1249 1485 1305 1577 qrri

173 1593 250 1654 ante
260 1582 319 1654 luit
328 1583 636 1674 Argentineuaium,
647 1581 742 1655 detur
751 1582 936 1656 ainbobus
947 1580 1179 1676 imperialibus.
1196 1579 1305 1676 Epis-

174 1701 257 1774 oopo
274 1689 384 1752 autem
397 1689 432 1751 et
444 1681 576 1752 eiviute
587 1680 828 1773 Argentinensi
844 1677 1030 1754 nolentibus
1048 1689 1174 1750 mutare
1191 1681 1226 1750 in
1242 1677 1308 1752 boo

174 1799 301 1850 morem
318 1781 497 1873 uunquam,
523 1777 590 1870 liga
609 1782 766 1872 exspirat.
792 1781 865 1866 Quo
882 1778 969 1852 laeto
985 1775 1147 1849 Rudolms
1166 1775 1207 1847 de
1225 1775 1306 1848 Ve-

174 1874 343 1968 gersheim
360 1878 507 1968 armiger
519 1876 792 1969 Argentiuensis,
810 1879 864 1970 qui
881 1876 1020 1949 dominis
1038 1873 1307 1968 deVyustingeu

173 1973 308 2045 multum
332 1975 514 2063 servieratq
539 1972 581 2044 de
604 1974 779 2046 multorum
801 1975 923 2048 auxilio
947 1973 1215 2066 Hagenoyenses
1244 1993 1308 2066 pro

174 2091 228 2161 eo,
253 2069 339 2165 quod
355 2073 388 2142 iu
406 2091 492 2143 anno
515 2069 636 2143 iubileo
652 2070 832 2144 Iohannem
855 2071 989 2144 habam
1015 2091 1111 2142 suum
1128 2067 1306 2162 decapitu-

173 2179 305 2258 verunt,
328 2166 487 2242 hostiliter
503 2169 667 2243 invadens
690 2172 781 2264 ipsos
805 2173 924 2242 artavit
941 2167 982 2242 ad
998 2189 1154 2258 magnam
1178 2188 1306 2238 emen-

174 2265 258 2338 dam.
284 2265 386 2338 Anno
410 2269 499 2337 onim
515 2264 635 2338 iubileo
651 2265 817 2340 lohannes
835 2266 877 2338 da
895 2265 1119 2358 Vegersheim
1136 2262 1306 2358 prediatus

173 2364 306 2456 valens,
324 2374 515 2458 parentatus
533 2374 568 2436 et
583 2362 750 2456 robustus,
773 2369 807 2439 in
825 2387 920 2439 saera
937 2364 1061 2436 foresta
1078 2364 1112 2432 in
1129 2363 1307 2435 invasione

174 2460 377 2556 quorundam
394 2463 520 2554 Anglie
543 2466 795 2556 peregrinorum
819 2473 932 2557 eaptus
955 2483 1029 2534 oum
1052 2459 1187 2548 tammo,
1212 2480 1306 2531 eva-

173 2559 273 2631 dente
290 2557 436 2632 Iohanne
454 2557 496 2630 de
512 2558 828 2654 Wolfgangesbeim
851 2560 999 2632 adiutore
1022 2578 1096 2646 suo,
1119 2556 1197 2628 lieet
1220 2578 1308 2650 pro-

171 2655 328 2730 baoiones
352 2678 412 2751 pro
430 2679 471 2729 eo
489 2657 695 2748 offerrentur,
719 2659 805 2752 quod
829 2661 1006 2752 pignorare
1024 2656 1167 2729 voluerit
1183 2675 1307 2746 regem

174 2754 312 2847 Anglie,
334 2756 479 2828 inanius
497 2759 640 2828 sorvieio
663 2757 757 2850 plura
781 2755 987 2850 expanderit,
1011 2761 1086 2849 post
1108 2771 1229 2846 praees
1247 2755 1307 2822 in-

173 2849 396 2926 numerabiles
420 2850 576 2925 nobilium
592 2854 889 2947 Argentinensium
904 2855 1053 2926 virorum
1073 2859 1107 2921 et
1130 2848 1307 2922 mulierum

174 2971 215 3021 aa
231 2950 436 3022 dominorum
454 2951 590 3024 Alsaoie
607 2954 640 3023 in
657 2951 858 3044 Hageuowa
875 2949 1065 3024 deoollatnr.

90 3060 159 3120 1353
224 3049 325 3122 Anno
349 3046 435 3119 dom.
455 3048 634 3122 m.ooe.l.iii.
654 3071 717 3123 rex
735 3047 873 3122 Carolus
897 3047 1065 3140 egreditur
1088 3045 1131 3118 de
1147 3043 1310 3122 Bohemia

174 3147 216 3218 oe
233 3167 351 3220 mense
368 3144 546 3240 septembri
564 3149 749 3220 obveniens
761 3147 891 3219 Ulmum
908 3147 1010 3238 ligam
1027 3146 1118 3238 paois
1136 3146 1309 3236 generalis

173 3244 250 3316 feeit
266 3247 368 3315 omni¹
387 3243 530 3316 Swevie
546 3246 673 3339 imperii
690 3246 869 3333 civitatum
888 3254 922 3316 et
938 3265 1013 3316 oum
1029 3243 1183 3315 iussisset
1192 3238 1310 3316 Eber-

172 3340 310 3414 bardum
328 3341 371 3411 do
388 3339 606 3434 Wirtenberg
621 3340 788 3434 presidem
805 3341 989 3414 huiusmodi
1005 3341 1108 3431 ligam
1124 3342 1249 3430 iurare,
1273 3352 1313 3416 et

172 3440 228 3511 ille
245 3460 285 3511 se
312 3437 438 3510 diceret
461 3438 552 3512 velle
579 3438 764 3512 deliberare
788 3462 863 3512 eum
886 3439 1000 3528 baua,
1027 3458 1092 3509 rex
1117 3435 1311 3527 indignatus

174 3536 269 3609 dixit:
293 3537 440 3608 delibero
463 3545 620 3626 quoomm
642 3541 730 3610 vato.
767 3537 859 3610 Tune
881 3540 1012 3610 territus
1037 3555 1150 3606 eomes
1175 3537 1309 3610 iuravit

173 3633 276 3706 Venit
308 3644 417 3706 autem
449 3638 522 3729 ipse
550 3657 614 3707 rex
641 3634 890 3722 Constaueiam3
923 3632 978 3706 ubi
1011 3655 1087 3706 eum
1120 3635 1313 3710 invenisset

174 3735 268 3806 aives
295 3735 389 3827 quasi
416 3753 533 3806 omnes
560 3743 704 3806 armatos
732 3744 765 3805 et
792 3731 949 3806 eatheuas
972 3753 1034 3827 per
1062 3732 1171 3820 moos,
1198 3735 1313 3806 omnia

173 3830 241 3904 tolli
265 3831 369 3904 iussit.
410 3827 514 3904 Erant
545 3841 655 3904 autem
680 3834 788 3905 omnia
815 3841 1006 3928 paramenta
1032 3849 1150 3901 mense
1176 3849 1240 3902 sue
1266 3830 1312 3916 ad

174 3926 414 4001 eomedendum
439 3938 473 4002 et
498 3927 674 4002 bibendum
701 3940 734 4003 et
759 3929 912 4002 naviurla
939 3930 1110 4002 eontinens
1142 3926 1312 4001 elemosi-

173 4049 251 4100 nam
275 4027 361 4099 illins
387 4047 504 4100 menae
517 4027 564 4100 ule
581 4049 662 4100 auro
688 4050 782 4123 pinos
809 4050 874 4100 nae
898 4030 1069 4122 quiequam
1094 4023 1171 4098 inibi
1198 4049 1311 4122 appu-

175 4122 269 4196 rebat
280 4128 419 4216 argenti.
446 4122 562 4198 Omnia
577 4135 686 4198 antem
703 4125 893 4200 irnleriorum
911 4145 1103 4198 mensarum
1115 4136 1312 4219 paramema

232 4244 262 4312 l)
282 4245 392 4302 omnis?
