2960 4832
384 227 560 288 flammeus
576 227 620 286 llll
640 227 908 288 pinastrtttttvtttt.
1146 229 1218 304 109

83 401 224 472 nationis
246 423 322 472 cum
343 399 405 472 dcc
424 402 613 494 equitaturis
634 400 861 494 peregrinant
877 396 919 468 ad
935 395 1079 492 predicta
1096 398 1167 470 loca
1189 409 1224 472 et
1239 413 1307 470 135⁷

83 497 121 568 ad
139 507 292 586 sanctam
302 495 528 568 Eliuabetham
538 500 571 567 in
582 495 795 590 Marchpurg.
811 498 1009 589 imperatore
1025 505 1059 566 et
1073 497 1223 590 impera-

84 600 177 684 trice,
196 616 297 688 quam
314 598 399 688 ipsa¹
419 594 634 683 conaverat,
657 597 731 687 quia
749 595 995 684 consanguinea
1012 594 1128 686 ipsius,
1148 615 1223 666 eam

81 691 192 762 eundo
218 701 253 762 et
275 690 446 762 redeundo
463 688 751 764 concomitantibus
775 711 881 783 uspue
904 692 937 760 in
956 687 1159 762 Bohemiam.
1181 689 1224 760 Et

79 801 158 880 tunc
168 811 257 882 papa
268 788 410 882 providit
419 789 570 878 ecclesiis
580 789 655 882 plus
663 784 844 860 secuudum
852 783 1222 879 allectionemprivatam

79 887 121 956 ad
146 907 272 980 preces
295 908 415 977 regum
438 896 471 956 et
493 883 661 974 nobilium.
685 906 782 978 quarn
798 880 840 954 ob
858 886 972 954 merita
995 904 1222 978 personarum.

81 983 181 1054 Unde
193 983 338 1055 ecclesie
349 983 551 1075 generaliter
560 981 752 1052 dehimenta
763 985 796 1051 in
808 977 1027 1074 spiritualibus
1040 991 1074 1052 et
1091 991 1223 1076 tempo-

79 1079 208 1152 ralibus
220 1078 440 1172 paciebantur.
452 1079 521 1150 Sed
530 1081 707 1174 imperator
713 1079 838 1172 aliquos
849 1074 992 1152 rebelles
1002 1081 1035 1148 in
1042 1076 1223 1150 bonbardia

80 1200 150 1248 non
161 1179 368 1270 conpescuit.
379 1176 439 1250 sed
449 1187 574 1248 tautum
583 1174 737 1250 volentes
749 1173 809 1249 sibi
820 1184 937 1268 sponte
947 1171 1224 1269 chedirerecepit.

81 1274 172 1345 unde
190 1272 443 1368 presumebatru
459 1272 545 1368 qucd
562 1276 713 1346 astrictus
731 1281 823 1345 esset
838 1292 923 1366 pape
941 1272 1048 1346 nullos
1065 1273 1225 1346 invadere

81 1371 145 1444 sed
162 1369 432 1465 obtemperantes
450 1368 510 1443 sibi
528 1365 645 1464 sponte
662 1373 821 1462 resipere.
840 1367 936 1439 Unde
953 1367 1223 1442 Mediolanenses

81 1473 191 1562 ipsum
204 1479 471 1562 contempserant
481 1477 514 1538 ct
523 1489 587 1539 nec
596 1466 852 1540 sedesRomaaa
863 1487 934 1539 nec·
942 1468 1114 1560 imperium
1124 1465 1223 1538 dela·

81 1565 237 1637 tabantur
253 1563 314 1638 sub
331 1568 421 1660 ipsis

81 1723 161 1792 item
180 1726 272 1810 quod
285 1723 492 1793 lmtoocatiua
504 1741 600 1812 papa
616 1725 657 1792 ci.
671 1725 820 1810 procidit
840 1725 880 1792 de
904 1725 1042 1794 ecclesia
1061 1725 1224 1794 Comica-

186 1821 284 1891 ttcasi
299 1821 339 1888 H.
357 1823 399 1890 de
415 1821 559 1890 litandis
575 1821 689 1890 cbhcti
705 1821 771 1889 loci
787 1821 1037 1892 Heremitcrum.

132 1951 218 2025 Item
228 1949 302 2024 idus
313 1954 389 2023 maii
398 1949 607 2026 Innocentius
620 1974 706 2046 papa
716 1953 760 2022 vi.
771 1950 912 2046 providit
922 1951 965 2022 da
976 1953 1117 2027 ecclesia
1129 1951 1224 2024 Cen·

83 2052 260 2122 stantiensi
277 2047 466 2120 reverendo
482 2052 565 2143 patri
583 2059 616 2118 ct
632 2047 776 2137 domino.
794 2047 1107 2122 dominoHainrichc
1118 2047 1224 2122 abbati

81 2150 146 2221 loci
163 2146 411 2218 Heremitarum
427 2143 549 2220 ordinis
568 2148 672 2218 sancti
687 2144 869 2236 uaneucu.
892 2147 969 2218 licet
991 2157 1087 2218 autea
1104 2151 1224 2242 provi-

82 2244 170 2316 derit
187 2243 319 2314 domino
336 2242 481 2338 Liipcldc
499 2245 654 2338 episcopo
671 2239 943 2334 Babenbergensi
961 2243 1003 2314 ad
1019 2265 1138 2338 preces
1155 2247 1224 2315 im-

83 2344 249 2438 peratoris
266 2339 390 2432 Karcli.
406 2350 442 2414 ut
458 2362 557 2435 supra
575 2349 627 2411 cst
642 2349 796 2412 notabam.
822 2339 916 2411 Unde
933 2342 1110 2434 imperator
1127 2363 1224 2413 ccm-

84 2451 196 2512 motus
210 2434 388 2510 dicebatur.

85 2602 166 2671 item
194 2602 285 2688 qood
310 2601 375 2669 duc
402 2601 548 2688 episcopt
578 2599 771 2669 woicam
797 2597 931 2682 sumunt
949 2601 1077 2688 proctci
1102 2619 1126 2671 c
1148 2603 1224 2672 sede

185 2699 370 2788 apostolica
387 2705 419 2767 et
434 2699 500 2766 duc
512 2699 673 2785 posature·
689 2714 713 2766 c
730 2699 876 2785 capituto
897 2698 1141 2768 Constantiani.
1189 2793 1193 2802 ,

134 2830 220 2904 ltem
231 2851 319 2901 anno
335 2829 403 2902 lvii.
422 2849 539 2900 mense
557 2831 634 2900 iunii
648 2825 779 2900 inerunt
789 2830 934 2922 episcopi
945 2827 1223 2904 Constancienses

86 2930 152 3000 duc
169 2929 299 3022 provisi
315 2949 335 2996 a
352 2923 447 3016 sade,
462 2924 573 2997 ctduc
589 2925 741 3019 postulati
760 2947 779 2994 a
796 2925 948 3019 capitulo,
966 2936 1000 2998 et
1016 2925 1080 2996 duo
1097 2949 1223 3022 prepa-

86 3029 138 3098 siti
156 3035 299 3118 uterque
316 3045 335 3093 a
353 3020 454 3112 sede.
482 3043 568 3095 unus
586 3045 605 3093 a
623 3043 708 3117 papa
725 3019 872 3093 iohanne
894 3025 974 3095 xxii.
999 3044 1084 3094 unus
1102 3046 1120 3093 a
1138 3045 1222 3117 papa

86 3123 289 3194 innocencio
299 3123 359 3210 vi..
377 3117 442 3190 dno
452 3116 583 3212 plebani
600 3121 704 3190 sancti
714 3117 881 3213 Stephani.
898 3117 941 3189 Et
958 3120 1007 3190 sic
1022 3129 1088 3190 tota
1106 3122 1222 3192 civitas

84 3232 118 3292 et
134 3221 250 3292 clerus
267 3213 485 3311 expectabant
501 3218 572 3310 quis
590 3219 642 3288 cui
658 3215 798 3287 finaliter
813 3215 1012 3310 prevaleret
1030 3213 1072 3285 Et
1082 3216 1223 3288 ecclesia

83 3329 163 3388 tunc
182 3315 271 3386 male
294 3317 328 3384 in
344 3311 590 3408 temporalibus,
618 3315 701 3385 etin
717 3310 936 3407 spiritualibus
953 3313 1098 3406 pessime
1115 3335 1224 3406 rege-

83 3413 195 3502 batur,
220 3413 296 3506 quia
312 3414 345 3481 in
362 3409 543 3482 kathedrali
566 3409 708 3484 ecclesia
725 3413 827 3484 missa
843 3431 932 3502 rare,
956 3409 1016 3482 scd
1033 3415 1223 3483 membrum

83 3513 258 3583 rarissime
275 3503 510 3579 celebrabatur.
534 3507 689 3580 Similiter
710 3510 744 3578 in
767 3507 910 3580 ecclesia
928 3510 1031 3580 sancti
1054 3507 1221 3602 Stephani.

83 3609 126 3679 Et
143 3603 281 3702 quilibet
295 3614 392 3699 prout
409 3602 469 3676 sihi
484 3605 605 3700 placuit
621 3604 740 3678 divinis
758 3602 957 3694 intendebat,
975 3607 1125 3675 etcmnia
1136 3629 1222 3678 cca-

83 3706 160 3780 inse
172 3701 369 3796 agebantur.
387 3699 473 3773 Nam
489 3712 557 3776 tres
574 3705 628 3796 qui
645 3724 684 3774 sc
695 3699 857 3794 gerebant
865 3703 1068 3795 provicariis
1079 3704 1222 3774 ecclesie

84 3801 352 3876 Constantiensis
363 3808 458 3870 erant
473 3797 647 3889 inhabiles,
665 3809 697 3870 et
708 3801 812 3870 maior
821 3819 898 3892 pars
910 3799 1039 3892 capituli
1055 3799 1117 3872 illis
1135 3820 1222 3872 con-

86 3903 203 3972 sensit
228 3895 272 3968 Et
287 3896 388 3968 madia
412 3895 636 3989 collegerunt.
660 3907 694 3968 et
716 3894 814 3967 nichil
836 3904 1098 3970 reservaverunt
1113 3895 1221 3968 iuturc

86 3999 258 4090 episcopo.
273 3991 378 4066 lmmc
395 4013 454 4088 prc
472 4016 535 4070 sex
551 3991 680 4068 milibus
691 3993 826 4067 iioreuis
844 4003 975 4086 quartas
993 4001 1027 4062 et
1043 3991 1124 4065 alios
1137 3990 1221 4064 rad-

87 4091 172 4168 dius
189 4092 336 4166 ecclesie
348 4089 609 4168 constantiensis
627 4089 859 4186 obligaverunt
874 4092 909 4163 in
924 4088 1076 4164 favorem
1085 4089 1223 4166 secunth'

122 4221 287 4296 triptota.
