3036 4822
273 255 347 334 302
570 256 678 316 obsta
697 255 881 316 BEli'lllOLDl
899 259 949 314 El’l
969 255 1107 316 ARGENT.

275 436 480 528 gentinensis
499 443 531 507 et
547 436 713 530 preposito
723 434 885 530 Spirensi
903 435 945 506 de
962 437 1036 530 ipso
1053 435 1244 529 episcopatu
1252 429 1397 528 Spirensi

273 533 416 627 providit
433 532 573 624 [13291.
601 533 722 606 Contra
740 557 837 628 quem
854 530 1133 628 ipseBertboldus
1144 531 1397 623 Argentinensis

274 634 448 726 episcopus
465 635 599 704 racione
617 635 769 723 gravium
786 653 1011 726 expensarum
1028 629 1083 702 diu
1100 631 1304 702 municiones
1320 629 1398 723 Spi-

272 750 392 800 renses
411 732 513 800 tenuit
530 753 604 801 cum
622 751 744 820 magno
763 729 932 820 scandale
956 732 1046 822 ipsas
1071 749 1172 822 super
1195 725 1345 800 curribus
1362 726 1398 797 de

274 826 460 918 Argentina
488 825 635 898 cibando.
678 827 812 898 Familia
843 837 952 898 autem
977 829 1103 898 comitis
1124 824 1166 896 de
1186 823 1400 916 Wirtenberg

272 923 447 995 Walramo
467 927 663 998 assistentes
684 924 816 1019 opidum
831 923 992 996 Bruchsal
1011 923 1128 996 fraude
1148 934 1321 1018 ceperumt,
1343 945 1400 994 oa-

273 1032 377 1096 sirom
398 1043 481 1093 vero
502 1020 697 1115 Rotenberg
716 1025 752 1094 vi
772 1020 812 1093 ab
838 1025 912 1117 ipso
930 1020 1127 1110 Bertholdo„
1157 1024 1259 1114 captis
1287 1023 1342 1115 qui
1362 1043 1403 1092 ex

272 1129 366 1214 parte
391 1122 441 1192 sui
462 1118 607 1213 desuper
627 1120 769 1210 fuerent,
796 1129 849 1193 est
869 1122 1024 1192 aviciam.
1060 1118 1247 1212 Kyselowe
1267 1141 1354 1190 vero
1373 1127 1403 1189 et

273 1214 461 1308 Luterburg
476 1221 579 1289 tenuit
594 1217 805 1308 Bertboldua
829 1239 1000 1312 quousque
1025 1216 1085 1288 sibi
1102 1240 1121 1286 a
1138 1214 1285 1288 Iohanne
1309 1239 1403 1310 pape,

274 1313 361 1408 quod
377 1313 441 1384 hec
457 1314 643 1404 dimitteret
662 1325 714 1389 est
730 1326 930 1410 preceptum.
962 1314 1015 1384 De
1034 1335 1097 1410 quo
1113 1317 1187 1408 ipse
1205 1336 1289 1409 papa
1306 1317 1404 1408 peni·

273 1421 362 1502 tens,
387 1410 508 1500 audiun
532 1412 618 1507 quod
634 1416 707 1514 ipse
724 1412 917 1486 Walramus
934 1412 1115 1484 ludewico
1137 1415 1273 1507 principi
1291 1433 1404 1507 perse
1503 1419 1504 1428 ³

275 1509 449 1604 dampnato
473 1508 698 1582 obedienciam
716 1511 853 1602 fecerat,
877 1514 938 1605 ipsi
955 1509 1134 1582 Bartholdo
1151 1519 1186 1580 ut
1202 1511 1405 1582 municiones

273 1610 442 1696 retineret,
461 1631 543 1701 quas
559 1610 624 1680 iam
642 1612 840 1701 resignavit,
857 1611 1036 1703 rescripsit.

325 1704 440 1776 Crevit
457 1716 565 1777 autem
590 1729 711 1798 magna
732 1705 855 1778 invidia
872 1710 960 1779 iuter
975 1705 1188 1779 Bertholdum
1206 1716 1240 1778 et
1256 1708 1406 1778 comitem

275 1802 490 1899 supradictos.
528 1802 611 1874 Cum
635 1815 744 1876 autem
768 1803 854 1876 idem
879 1826 992 1876 eomes
1017 1803 1058 1876 de
1076 1802 1296 1896 Wirtenberg
1319 1815 1407 1876 tem-

274 1923 356 1996 pore
379 1900 533 1973 lobannis
562 1905 707 1996 episcopi
731 1923 772 1974 eo
795 1905 897 1974 invito
921 1925 941 1974 a
965 1900 1140 1974 Waltbero
1166 1911 1200 1973 at
1222 1901 1408 1990 borneto,
1503 1917 1504 2006 p

275 1997 414 2070 dominis
427 1997 469 2069 de
480 1997 647 2092 Horburg,
665 1998 851 2072 carentibus
869 1998 980 2072 liberis
997 2000 1174 2071 dominium
1187 1998 1229 2069 de
1240 1998 1408 2091 llorburgq
1503 2011 1504 2054 t

276 2099 369 2168 ouius
387 2118 508 2189 magna
526 2118 604 2191 pars
618 2095 658 2168 ab
676 2098 819 2170 ecelesia
830 2096 1071 2189 Argentinensi
1088 2095 1262 2170 tenebamr
1280 2101 1314 2170 in
1332 2098 1410 2169 leo-

276 2193 366 2284 dum,
389 2216 449 2288 pro
473 2205 601 2289 septem
619 2193 747 2270 milibus
771 2198 890 2267 marcis
914 2198 1081 2286 emisset,
1107 2195 1222 2268 relicto
1239 2196 1410 2268 usuriuctu
1503 2193 1504 2286 g

276 2312 391 2364 eorum
413 2289 548 2364 cuilibet
575 2315 636 2364 sue
663 2296 776 2386 partis,
810 2303 843 2363 et
865 2303 990 2385 partem
1014 2297 1078 2366 iem
1105 2297 1223 2365 mortui
1247 2291 1411 2365 Waltheri
1503 2307 1504 2372 i

278 2385 322 2479 [b
347 2387 459 2480 1328]
484 2399 625 2480 teneret,
649 2393 721 2484 ipse
743 2389 941 2464 Bertltoldue
966 2394 1157 2464 convocatis
1181 2391 1327 2464 ecclesie
1352 2413 1412 2462 sue
1503 2391 1504 2482 l

274 2486 412 2558 vasellis
442 2496 475 2558 et
497 2485 539 2559 ad
561 2491 813 2582 requisicionem
837 2491 888 2560 sui
911 2491 944 2560 in
965 2510 1093 2579 genere
1117 2487 1236 2560 laetam
1259 2511 1412 2584 pronun·
1503 2483 1504 2566 l

275 2586 359 2655 ciato
375 2605 437 2678 per
458 2606 531 2674 eos,
549 2584 636 2679 quod
652 2584 798 2675 feodum
822 2587 998 2658 alienatum
1016 2611 1034 2656 a
1054 2586 1183 2659 vasallo
1201 2589 1274 2660 sine
1293 2585 1412 2658 domini

284 2703 463 2770 consensu,
481 2682 523 2752 ad
533 2681 699 2754 dominum
716 2683 966 2774 devolveretun
984 2695 1189 2776 congregato
1206 2687 1359 2757 exercitu
1376 2705 1413 2757 se

282 2782 390 2872 posuit
406 2783 440 2850 iu
458 2777 605 2852 Ostlreim
622 2802 725 2874 prope
744 2778 957 2872 uellenterg,
978 2783 1098 2854 volens
1117 2792 1218 2854 totum
1235 2781 1412 2854 dominium
1503 2783 1504 2860 l

283 2879 316 2946 in
333 2875 489 2967 llorburg
506 2880 673 2950 evincere.
705 2877 748 2950 Et
764 2877 873 2950 habito
895 2887 1045 2970 mactatm
1070 2902 1145 2950 cmo
1168 2878 1274 2950 dietus
1299 2901 1413 2952 comes

274 2982 310 3044 et
328 2973 519 3046 Bmlrardus
537 2975 579 3046 de
596 2973 752 3068 Horburg
775 2979 934 3048 resistere
957 2996 1024 3048 nou
1047 2988 1197 3070 possent,
1223 2977 1413 3050 concordati

274 3081 351 3144 sunt
370 3069 483 3162 [1329
500 3074 579 3163 oct]
605 3073 691 3168 quod
715 3073 798 3146 datis
822 3096 883 3168 per
904 3076 1096 3168 episcopum
1114 3077 1222 3146 comiti
1240 3079 1412 3148 sexcentis

273 3172 393 3242 mareis
418 3192 530 3242 comes
554 3169 597 3242 de
627 3169 778 3243 omnibus
805 3169 959 3261 moeret,
985 3193 1049 3266 que
1073 3171 1210 3264 predicti
1234 3173 1357 3247 naues
1382 3175 1415 3243 in

273 3265 408 3338 feodum
435 3265 475 3338 ab
500 3268 642 3341 ecclesia
666 3277 854 3357 tenuerunt,
879 3269 1005 3342 scilicet
1027 3268 1230 3362 Zellenberg
1252 3281 1413 3358 castrum

275 3362 420 3456 opidum,
438 3364 552 3436 villam
568 3389 644 3438 cum
660 3365 810 3438 omnibus
828 3365 944 3440 bannis
957 3377 990 3437 et
1007 3370 1208 3454 attinenciis3
1225 3371 1305 3440 item
1314 3367 1413 3440 Ben-

275 3460 391 3548 wilre;
414 3465 491 3534 item
515 3463 662 3536 redditus
681 3467 797 3556 viginti
821 3485 1006 3536 marcarum
1027 3461 1068 3534 de
1085 3464 1310 3556 Egensbeim3
1334 3470 1415 3538 item

273 3561 400 3630 curiam
415 3562 449 3631 in
466 3558 709 3634 Wetuelsbeim
726 3583 801 3634 eum
817 3559 1001 3634 bominibus
1020 3564 1109 3652 suis3
1132 3565 1209 3634 item
1232 3566 1299 3652 ius,
1323 3561 1414 3658 quod

273 3653 391 3727 dieitur
417 3656 482 3728 die
511 3657 696 3748 sabella,
724 3681 799 3732 eum
826 3657 1020 3754 qmbusdam
1039 3660 1126 3750 aliia
1154 3682 1293 3755 quorum
1313 3681 1414 3733 suam

275 3762 401 3846 partem
425 3754 529 3828 dictus
550 3755 742 3829 Bmluardus
765 3778 826 3851 pro
843 3760 911 3828 vita
937 3779 997 3832 suu
1022 3767 1138 3830 tenere
1162 3757 1312 3849 deberet,
1337 3767 1416 3854 post

274 3854 347 3924 eius
366 3873 449 3925 vero
473 3849 594 3924 obitum
612 3853 653 3924 ad
670 3854 956 3946 argentinensem
982 3854 1158 3928 eeclesiam
1183 3854 1414 3941 devolvenda,

274 3969 341 4019 non
359 3948 510 4022 obstante
522 3954 626 4022 eciam
638 3955 666 4022 si
677 3949 799 4024 liberos
812 3959 1031 4046 procrearet²
1055 3951 1273 4047 Etsicposito
1284 3953 1415 4026 vexillo

330 4124 358 4192 1)
372 4125 478 4194 lilebtlg
489 4126 562 4181 4400
574 4127 661 4196 marla3
673 4129 728 4198 vgl.
742 4127 785 4184 die
798 4127 983 4186 verkaulsurlr.
996 4145 1020 4184 v.
1035 4127 1106 4186 1324
1118 4129 1175 4185 dee.
1186 4129 1203 4184 7
1217 4129 1260 4184 bai
1274 4127 1413 4202 Scludpflin

275 4195 331 4250 ills.
346 4196 371 4250 di
392 4195 447 4262 12,
469 4197 528 4252 132.
565 4198 596 4264 2)
615 4197 676 4323 Vpl.
691 4199 749 4254 urk.
763 4199 903 4255 Bnrkard's
923 4217 976 4256 ron
990 4199 1116 4270 llorhurg
1135 4202 1160 4255 d.
1174 4200 1199 4254 d.
1215 4199 1286 4296 1329
1307 4207 1360 4257 oct.
1375 4199 1412 4255 22

275 4214 411 4342 Senoptlto
431 4268 487 4324 ills.
506 4267 571 4341 dipl.
591 4269 617 4340 2,
653 4271 698 4326 40.
