3012 4820
285 287 461 346 MlNORlTAE
475 287 664 347 FLORENTlMl
684 286 789 346 GESTA
809 287 1048 350 IMPERATORUM.
1163 289 1235 367 6⁸27

109 462 189 536 datis
206 459 373 540 obsidibus
392 465 619 556 solverentur,
638 467 690 563 qui
714 463 848 561 Papiam
873 463 1035 541 vadentes
1059 465 1101 538 ad
1120 489 1235 564 paoem

108 565 196 636 luxtn
233 563 436 636 voluntatem
470 563 764 638 mediolanensium
804 564 1002 638 reducerent
1043 567 1234 661 Papienses.

108 660 323 756 Respondent
340 660 620 752 Mediolanenses,
638 685 761 759 paucos
787 661 851 735 hoc
873 685 938 735 non
962 685 1064 758 posse
1089 663 1235 756 affinem,

109 757 167 832 sed
185 779 245 830 eos
262 781 379 834 omnes
397 757 486 832 abire
527 763 740 850 ermitterent7
759 764 787 835 si
797 759 932 836 obsides
944 760 1147 834 exhiberent.
1163 762 1236 835 lta·-

109 877 172 951 que
189 855 410 930 Mediolanum
428 783 560 931 obsibes
579 863 721 931 omniurn
742 858 960 933 advenerunt.
1013 859 1057 933 At
1074 861 1130 950 tili,
1149 883 1236 932 con-

109 954 180 1027 silio
204 955 290 1027 malo
307 959 376 1046 usi,
404 959 553 1051 captivos
577 967 752 1030 tenuerunt
775 969 950 1054 utrosque,
978 956 1152 1032 credentes
1176 981 1237 1056 per

109 1051 170 1125 hoo
186 1053 319 1146 Papiam
336 1075 375 1128 se
392 1076 493 1150 posse
510 1053 608 1149 pleno
625 1053 767 1128 dominio
784 1054 965 1151 possidere.
1007 1055 1100 1129 'lunc
1116 1059 1148 1128 in
1166 1066 1236 1128 arto

108 1153 202 1246 positi
220 1149 401 1246 Papienses
420 1151 461 1223 ad
478 1153 707 1247 imperatorem
725 1156 757 1225 in
769 1155 976 1228 Alamaniam
987 1157 1126 1245 mittunt,
1136 1157 1235 1228 iusti-

109 1253 183 1320 tiam
201 1247 273 1320 lieri
289 1249 349 1321 sibi
366 1259 479 1345 petunt
497 1259 529 1322 et
549 1273 622 1322 cum
640 1254 771 1324 civitate
790 1274 851 1326 suo
868 1252 1010 1324 dominio
1029 1274 1068 1327 se
1085 1255 1236 1324 commit-

109 1355 188 1419 tunt.
231 1345 366 1420 Mandat
382 1351 480 1440 igitur
497 1347 800 1425 Mediolanensibus
823 1354 1018 1447 imperator,
1044 1361 1079 1422 ut
1102 1349 1235 1424 obsides

108 1465 224 1517 omnes
242 1451 413 1519 restituant
430 1456 462 1518 et
487 1451 635 1542 captivos
662 1459 694 1520 et
717 1446 757 1520 ah
779 1470 894 1522 eorum
918 1448 1079 1522 desistant
1100 1451 1238 1538 iniuriis,

109 1541 214 1616 donec
230 1547 264 1616 iu
281 1542 506 1616 Lombardiom
524 1545 742 1641 personaliter
758 1549 898 1621 veniens
922 1550 1067 1642 utrisque
1085 1548 1237 1619 iustitiam

109 1639 289 1714 exhiberet.
324 1643 369 1715 m
386 1642 431 1715 illl
449 1643 490 1714 de
509 1644 660 1715 mandato
684 1668 750 1717 non
774 1655 905 1734 curantq
936 1644 997 1719 sed
1021 1641 1237 1742 Papiensibus

108 1737 248 1834 dampna
276 1741 418 1814 inferunt
451 1745 616 1834 graviora.
668 1742 903 1840 Imperatorem
931 1747 1029 1836 igitur
1064 1742 1236 1816 sollicitant

108 1837 289 1932 Papienses
307 1849 339 1910 et
355 1842 388 1910 in
402 1863 593 1912 succursum
613 1863 708 1912 suum
726 1864 800 1913 eum
818 1839 983 1914 advocant
1005 1845 1130 1914 iterato.
1164 1839 1237 1914 lta-

108 1957 171 2032 que
191 1932 415 2009 lombardiam
436 1961 510 2010 oum
528 1941 675 2012 exercitu
693 1943 870 2034 imperator
885 1939 1085 2034 ingrediturq
1112 1950 1237 2013 etcum

109 2031 299 2108 lombardis
314 2034 355 2106 de
373 2036 544 2108 concordia
563 2045 723 2127 tractam,
742 2036 818 2109 nihil
837 2036 878 2108 ed
893 2039 1074 2134 perfectum
1092 2037 1238 2128 addunt,

107 2137 182 2227 quia
197 2133 253 2223 illi,
270 2137 302 2206 in
315 2157 375 2206 sua
386 2137 625 2230 conspiratione
637 2146 670 2206 et
681 2139 822 2230 potentia
834 2134 1051 2226 confidentes,
1069 2135 1237 2208 discordes

107 2229 148 2302 ah
167 2251 208 2302 eo
225 2231 396 2306 discedunt
420 2233 546 2327 solique
571 2231 729 2305 adherent
753 2235 888 2400 principi
911 2233 1103 2328 Papienses.
1143 2233 1236 2305 'lonc

107 2331 285 2424 imperator
301 2331 489 2403 Tortonom¹
508 2329 636 2406 obsedit
654 2341 687 2402 et
704 2334 797 2425 oepit.
875 2330 917 2401 ed
935 2342 968 2402 et
984 2329 1176 2402 Laudenses
1195 2353 1234 2404 se

107 2430 242 2525 principi
260 2428 469 2502 tradiderunt.
503 2428 616 2525 ltaque
634 2425 677 2500 ibi
701 2427 851 2501 residens
876 2439 987 2501 contra
1015 2427 1238 2500 Mediolanum

107 2535 142 2596 et
157 2523 357 2598 Placentiam
375 2549 532 2620 guerram
549 2549 686 2598 movere
710 2523 895 2621 temptabat.
930 2525 1004 2600 Huc
1030 2548 1136 2620 usque
1161 2535 1237 2599 sunt

106 2626 226 2717 posite,
245 2635 278 2696 ut
295 2622 404 2696 audivi
422 2625 534 2721 Papia
553 2624 629 2696 dum
647 2623 753 2696 adhuc
771 2646 852 2719 puer
869 2647 996 2718 essem,
1015 2649 1033 2697 a
1052 2621 1236 2699 senioribus

107 2731 210 2814 terre,
228 2725 281 2817 qui
298 2722 497 2818 temporibus
517 2723 580 2796 illis
598 2735 700 2795 erant.

181 2819 310 2892 Verum
333 2831 368 2892 ut
391 2821 490 2894 robur
512 2825 584 2894 eius
608 2831 843 2909 excrescerem
871 2821 1011 2895 Romam
1038 2825 1140 2897 venit.
1175 2817 1238 2894 Ubi

105 2915 339 2992 honorabiliter
356 2945 374 2990 a
392 2943 475 3015 papa
497 2917 641 2992 Adriano
659 2923 753 2992 tertio
778 2928 828 2990 est
853 2931 1047 3017 susceptus,
1070 2931 1104 2993 et
1127 2917 1167 2992 ab
1196 2942 1238 2992 eo

105 3027 159 3090 est
176 3026 352 3090 coronatus
370 3039 456 3090 anno
473 3018 592 3089 domini
611 3019 749 3091 mcliiii.
767 3020 801 3087 in
819 3017 959 3092 ecclesia
979 3021 1082 3092 sancti
1099 3020 1186 3091 Petri
1202 3021 1238 3089 in

104 3114 192 3190 festo
220 3127 408 3189 sanctorum
434 3113 588 3190 lobannis
623 3127 654 3189 et
681 3115 798 3190 Pauor.
850 3115 973 3204 Quibus
1011 3114 1160 3189 omnibus
1189 3119 1238 3187 sio

105 3219 268 3310 peractis,
292 3215 368 3287 duur
399 3225 474 3287 ante
497 3238 618 3288 nonam
640 3217 817 3310 imperator
845 3219 972 3290 exisset
995 3212 1036 3284 ad
1065 3215 1238 3287 stationem

105 3333 214 3401 suam
233 3335 296 3408 que
315 3315 435 3385 eratin
452 3324 544 3409 prato
564 3311 719 3402 Neronis
738 3313 876 3384 Romani
894 3321 1018 3383 armata
1041 3333 1140 3384 runnu
1167 3333 1236 3385 ex-

104 3417 245 3482 tremam
262 3422 388 3506 partam
414 3410 534 3483 familie
561 3413 712 3505 principis
737 3414 931 3482 invaserunt
953 3431 1058 3504 usque
1083 3408 1125 3481 ad
1151 3432 1235 3504 pre-

103 3512 223 3580 torium
242 3507 472 3605 prosequendo
483 3513 632 3604 pretoris.
671 3508 713 3580 At
725 3508 950 3580 invalesoente
964 3507 1235 3582 clamore'l'heo-

103 3609 204 3678 tonici
235 3606 365 3680 adunati
387 3607 554 3680 Romanos
586 3617 719 3678 econtra
747 3605 910 3700 repellunt
937 3607 1120 3704 multosque
1152 3625 1236 3700 pro-

104 3715 264 3796 strantes,
282 3706 437 3800 plurimos
456 3707 780 3801 captivaruntexeis.
806 3701 875 3775 Sed
886 3702 926 3775 ad
937 3725 1056 3872 preces
1067 3700 1236 3797 apostolici

103 3814 184 3876 sunt
200 3801 334 3877 dimissi.
368 3802 481 3898 ltaque
498 3805 601 3876 sancti
618 3803 705 3874 Petri
722 3801 807 3873 lesto
828 3801 908 3892 [iun.
962 3801 1001 3891 9]
1028 3801 1134 3873 Rome
1159 3797 1234 3872 sol-

102 3901 281 3998 lempniter
298 3897 475 3992 celebrate
486 3903 519 3972 in
530 3922 594 3995 quo
606 3921 761 3972 coronam
775 3909 911 3994 uterque
921 3903 1073 3993 portavit,
1085 3895 1235 3992 sequenti

103 3999 159 4070 die
177 3997 219 4071 ab
238 3997 415 4096 apostolico
434 4002 575 4073 secessit
590 4002 623 4070 in
641 4019 736 4095 pace,
755 4007 789 4068 ut
805 3998 952 4088 negociis
964 3994 1154 4090 provideret
1166 3997 1235 4066 im-

102 4099 198 4191 perii.
250 4095 400 4170 Veniens
424 4099 531 4192 itaque
558 4093 732 4191 Tyberim,
759 4104 794 4166 ut
825 4091 1091 4166 rehedifioaretur
1118 4095 1233 4166 civitas

176 4262 207 4330 l)
225 4263 344 4322 Tortona
363 4264 403 4321 hs.
440 4263 471 4331 2)
498 4262 573 4320 diosa
596 4262 813 4334 irriserludnnng
840 4261 903 4318 lond
923 4261 992 4317 1155
1012 4259 1065 4317 ion.
1093 4258 1136 4331 18,
1161 4258 1233 4318 nlohl

103 4333 177 4390 1¹54
197 4333 250 4390 lun.
269 4335 314 4406 26,
333 4336 384 4390 wie
404 4335 460 4390 hier
479 4333 649 4405 angegebem
668 4341 737 4391 stott.

966 4438 1025 4498 40*
