3014 4822
263 233 336 309 ³94
603 233 755 291 annaeus
774 229 1054 290 mmeomnmun

365 442 576 522 munins
601 443 988 520 mnnennunrnm.
1032 411 1295 563 'rans-tene.

312 680 398 756 Nota
422 679 507 776 qued
532 703 620 754 anne
643 679 764 756 domini
787 685 944 756 meaevi.
972 685 1006 754 in
1024 681 1137 774 vigilia
1161 679 1390 775 purificationis

262 778 360 852 beate
370 777 477 850 blarie
488 782 628 872 virginis
646 780 792 871 gloriose
806 777 885 871 [feb.
898 779 936 870 1]
949 783 1037 852 cirea
1053 788 1185 853 nuemm
1202 777 1267 850 due
1284 789 1391 852 turres

262 877 369 972 pontis
387 888 421 948 et
436 880 509 971 ipse
526 898 610 971 pons
621 875 799 950 Frankenl.
810 898 870 973 pre
883 881 998 950 maiori
1014 888 1120 971 parta
1138 875 1246 949 miultis
1265 881 1390 950 utrius-

263 995 327 1069 que
345 996 448 1050 sexus
465 971 650 1048 bominibus
662 974 807 1069 desuper
823 973 996 1066 sanutus,
1012 985 1146 1070 propter
1162 975 1296 1048 nimiam
1314 975 1391 1066 gla-

263 1075 348 1146 ciem
358 1081 392 1143 et
401 1095 560 1167 aquarum
571 1071 823 1146 inundacionem
840 1071 1049 1160 oeciderunt3
1067 1075 1121 1166 qui
1136 1071 1288 1146 homines
1301 1075 1391 1167 quasi

263 1169 305 1242 ad
322 1173 520 1264 pungentes
537 1173 676 1244 estimati
694 1191 811 1242 omnes
828 1193 888 1265 pro
905 1182 983 1244 tune
999 1168 1164 1244 submersi
1179 1172 1358 1264 perierunt

310 1265 393 1338 Item
416 1288 503 1340 anne
527 1265 647 1340 domini
672 1271 867 1342 menexxii.
892 1271 925 1342 in
951 1271 1093 1342 erastino
1117 1265 1203 1338 beati
1226 1266 1391 1340 Valentini

265 1362 345 1456 [feb.
373 1365 436 1456 15]
465 1365 550 1438 laeta
579 1377 631 1440 est
657 1363 776 1438 ibidem
803 1370 838 1438 in
864 1388 885 1437 n
908 1365 961 1438 idn
987 1363 1209 1438 Frankenlurt
1235 1387 1390 1460 aquarum

261 1459 435 1536 inundaeie
460 1463 576 1553 maior,
601 1485 698 1558 quam
722 1485 827 1556 usque
849 1389 906 1536 adJ
915 1462 979 1536 hee
1001 1475 1149 1556 tempera
1173 1462 1215 1536 sit
1232 1463 1327 1550 visa3
1350 1465 1391 1534 ita

262 1557 349 1654 quod
358 1559 481 1652 mogus
498 1557 541 1632 ad
558 1563 764 1656 cymiterium
780 1562 923 1634 ecclesie
940 1555 1276 1636 sanetiBartbelomei
1288 1569 1323 1631 et
1333 1582 1392 1656 per

261 1657 381 1732 multas
397 1661 501 1752 ipsius
518 1657 606 1826 opidi
622 1661 716 1732 viens
733 1657 916 1752 perfluebat
932 1661 1076 1754 copiose.

309 1753 391 1826 Item
418 1777 505 1828 anno
558 1757 657 1830 omini
684 1760 936 1848 meeemxxviii.
965 1781 985 1831 a
1013 1755 1140 1828 deeimo
1167 1774 1255 1826 nono
1280 1753 1390 1828 kalen

261 1855 386 1928 mensis
405 1851 600 1948 septembris
618 1863 652 1926 et
668 1855 767 1944 eireaq
792 1865 827 1927 et
842 1859 935 1949 quasi
951 1877 1013 1950 per
1035 1875 1153 1926 omnes
1169 1860 1282 1946 partes
1301 1847 1391 1946 tingi

262 1951 382 2024 eireum
408 1953 507 2042 enea,
531 1962 564 2025 et
587 1954 691 2024 eeiam
715 1949 790 2024 alibi
806 1965 842 2025 ut
861 1975 921 2048 pro
938 1973 1021 2026 vero
1045 1949 1225 2038 dicebatura
1248 1951 1392 2024 maxima

260 2045 321 2122 fuit
336 2051 428 2141 eopia
447 2059 480 2121 et
496 2047 665 2122 multitudo
682 2049 861 2124 volantium
879 2071 1075 2144 magnarum
1091 2047 1306 2137 locustarum,
1330 2069 1392 2120 se·
1488 2125 1489 2128 ,

260 2155 358 2236 getes
376 2157 412 2218 et
426 2150 575 2238 gramina
594 2146 770 2220 fortissime
788 2147 1020 2236 eomedentes3
1042 2169 1105 2242 que
1122 2166 1229 2239 usqne
1246 2141 1288 2218 ad
1306 2143 1392 2218 diem
1488 2209 1489 2244 p

261 2240 348 2318 beati
358 2241 467 2317 Lueae
479 2245 720 2338 ewangelistae
739 2249 818 2338 [oet.
832 2246 894 2338 18]
915 2243 1063 2320 eiusdem
1081 2246 1158 2316 anni
1176 2236 1393 2330 duruerunt,
1488 2245 1489 2300 ἒ

263 2350 297 2414 et
312 2351 390 2418 tunc
405 2364 467 2436 per
482 2345 595 2416 nivem
612 2363 768 2435 magnam
784 2347 961 2439 perierunt
1488 2347 1489 2378 ¹

309 2437 391 2512 Item
409 2463 496 2514 anne
518 2439 639 2514 domini
655 2443 848 2516 mneeatti.
865 2446 901 2516 in
917 2441 1030 2536 vigilia
1042 2438 1147 2529 *beate
1164 2437 1271 2512 Maris
1287 2433 1393 2532 blag-
1488 2443 1489 2512 i

263 2535 382 2614 delene
403 2539 472 2630 [int
491 2537 554 2629 21]
576 2543 697 2636 etipsa
715 2539 767 2612 die
785 2544 940 2636 usquein
964 2542 1141 2614 crastinum
1162 2533 1313 2610 eiusdem
1331 2535 1394 2612 diei

262 2638 497 2708 maximissimn
521 2635 606 2710 laeta
630 2648 683 2711 est
705 2661 861 2734 equarum
885 2637 1058 2710 inundatio
1082 2635 1175 2731 quasi
1197 2653 1259 2728 per
1275 2655 1393 2712 omnes

261 2743 373 2827 partes
388 2731 569 2807 llreutonie
588 2746 621 2808 et
637 2737 739 2828 lenge
757 2739 873 2827 maier,
941 2758 994 2808 am
1011 2735 1075 2808 alie
1091 2730 1257 2806 inundatio
1277 2729 1393 2822 luerit3
1488 2737 1489 2818 ζ

261 2832 304 2903 ita
333 2829 419 2925 quod
442 2829 564 2924 Megas
591 2833 758 2927 predictus
780 2837 814 2904 in
841 2855 900 2906 een
913 2837 1017 2908 esiam
1045 2831 1148 2906 saneti
1171 2825 1394 2904 Bartholemei

260 2927 421 3023 prefatam
438 2925 561 3000 llnebat
582 2943 793 3026 perpertam
815 2929 965 3022 nrbeam
989 2949 1053 3026 que
1070 2929 1255 3020 vulgariter
1277 2926 1395 3004 diane
1488 2953 1489 2960 ³

262 3023 315 3098 die
340 3023 422 3098 rode
440 3023 534 3117 dure,
557 3051 600 3102 ae
614 3051 697 3124 pens
716 3029 790 3102 dieti
807 3029 893 3125 opidi
912 3051 986 3102 eum
1003 3027 1112 3100 multis
1135 3017 1292 3120 pilaribus
1311 3032 1394 3118 suis,
1488 3099 1489 3102 ,

262 3133 295 3194 et
312 3126 409 3196 tumis
426 3145 548 3217 magna
566 3125 658 3200 fortis
676 3137 710 3198 et
726 3125 873 3201 sublimis
892 3126 1040 3200 eiusdem
1056 3125 1164 3219 pontis
1182 3141 1307 3196 versus
1324 3123 1395 3198 Sa·
1488 3155 1489 3190 r

262 3219 434 3312 ainhusem
459 3245 534 3294 eum
551 3224 677 3318 eapelle
695 3224 825 3319 lapidea
848 3222 993 3318 desuper
1009 3221 1130 3296 ibidem
1147 3221 1208 3292 sita
1226 3239 1287 3312 pro
1305 3234 1394 3310 tune,
1488 3217 1489 3228 ¹

260 3317 342 3392 feria
370 3341 422 3388 nn.
451 3325 602 3416 sequenti
631 3323 701 3414 [iul.
729 3319 793 3412 et]
822 3331 956 3416 propter
989 3339 1147 3416 aquarum
1172 3313 1395 3414 predictarum
1488 3357 1489 3424 3

261 3413 519 3506 magnitudinem
537 3420 725 3492 oeeidemmt
736 3429 769 3492 et
785 3419 927 3495 fundibus
946 3415 1207 3492 destruebantur.
1239 3411 1286 3504 Et
1301 3421 1395 3514 quasi
1488 3425 1489 3484 t

261 3534 321 3607 per
338 3534 456 3586 omnes
473 3517 567 3590 vinos
586 3521 689 3614 ipsius
707 3516 793 3611 opidi
806 3515 983 3590 Frankenf.
996 3515 1118 3607 Magus
1135 3513 1229 3588 lluxit
1246 3527 1283 3588 et
1298 3527 1396 3590 nan-
1488 3513 1489 3592 ζ

262 3613 351 3700 sivit
374 3614 417 3682 ita
443 3611 529 3706 quod
547 3636 591 3685 ex
609 3635 650 3686 eo
667 3618 789 3688 eirenm
814 3618 901 3688 eirea
924 3618 1031 3708 ipsum
1058 3611 1189 3707 opidum
1206 3610 1293 3688 diota
1310 3637 1394 3710 aqua

260 3711 306 3876 pru
317 3705 443 3876 sppsato
466 3710 508 3781 ad
532 3733 687 3804 magnam
715 3709 965 3807 profunditatem
993 3711 1139 3784 similiter
1164 3703 1287 3784 ibidem
1310 3735 1394 3807 pra-

307 3827 327 3876 e
370 3812 406 3878 t.¹
1488 3823 1489 3832 ’

309 3902 391 3976 Item
409 3926 496 3978 anno
513 3905 634 3978 demini
645 3909 851 3983 meenxlix.
862 3919 938 4002 post
953 3908 1075 3982 festum
1091 3904 1215 4002 pasebe
1230 3903 1388 4002 [spnl2]
1488 3889 1489 3922 ³

315 4033 344 4102 l)
363 4033 469 4090 Dnmals
483 4037 595 4093 wurden
614 4037 658 4094 die
676 4039 794 4096 brttelren
814 4039 880 4096 aber
899 4039 951 4096 den
964 4037 1031 4095 llain
1050 4037 1105 4094 nnd
1124 4036 1167 4094 die
1180 4034 1266 4093 Niddr
1278 4053 1311 4092 ao
1328 4035 1390 4092 selu

260 4105 434 4176 besebttdigt,
459 4106 522 4162 dees
547 4107 637 4165 lraiaer
655 4109 769 4182 Ludwig
794 4111 876 4166 durch
901 4109 995 4184 privile
1016 4109 1059 4166 ’en
1084 4125 1147 4166 vom
1170 4107 1215 4164 23.
1234 4114 1302 4181 sept
1321 4103 1388 4162 tete

260 4176 311 4244 (im
323 4175 353 4232 0.
367 4176 392 4233 d.
405 4177 536 4235 llnenofr.
549 4179 603 4236 tte
621 4179 674 4237 und
689 4181 756 4250 579)
775 4183 918 4252 erbb'bung
936 4181 984 4237 der
1020 4179 1191 4236 rttelrenadlle
1209 4196 1257 4235 aur
1274 4175 1386 4235 niedar-

260 4245 428 4319 lternlellung
446 4245 596 4319 gebmttete.
