2904 4822
335 244 844 308 mmonsonomsssmovnn.
1110 245 1153 318 Μ

42 417 151 492 ΚιιιιΙιι
172 419 239 492 lilio
264 441 327 492 suo
343 423 535 512 licuerim„
559 430 592 492 et
614 419 656 490 ibi
674 443 748 491 oum
765 417 1009 513 archiepiscopo
1026 415 1161 487 Treve-
1176 398 1245 460 ¹³⁴⁰

42 523 121 590 rensi
136 529 168 590 et
185 519 434 614 archiepiscopo
453 518 653 608 Coloniensi,
670 539 755 608 rege
771 515 930 588 Bobemie
948 524 980 585 et
997 513 1081 586 duco
1091 511 1161 584 Sa-

40 620 131 688 xonie
147 616 309 689 deliberat
325 618 368 687 de
385 620 523 688 termino
541 613 737 688 electoribus
755 612 949 710 prefigendo
967 610 1007 682 ad
1026 612 1162 702 eligen-

41 713 107 784 dum
124 735 243 806 regem
260 715 492 788 Romanorum.
510 713 553 784 Et
569 714 633 785 hec
649 711 845 783 deliberacio
862 711 945 782 lacta
957 709 1014 781 luit
1027 708 1163 780 Treve-

40 815 80 882 n‘s
96 833 182 884 anno
199 813 298 901 xlvi,
316 836 349 884 v.
368 813 432 884 kal.
451 815 529 883 iunii
549 813 629 902 [mai
646 810 722 900 28]Ἴ
741 820 775 881 et
791 807 1010 902 proclamatus
1020 807 1078 878 fuit
1088 815 1161 876 ter-

41 913 138 982 minus
156 909 198 980 ad
217 910 409 1001 eligendum
426 910 507 982 laria
525 913 625 981 tercia
638 911 786 1003 proxima
804 914 1041 1001 postoctavam
1058 925 1163 997 apos-

41 1007 170 1078 tolorum
194 1009 281 1078 Petri
300 1020 333 1079 et
356 1008 465 1096 Pani,
490 1031 553 1102 que
576 1017 648 1078 erat
670 1029 703 1078 v.
729 1004 801 1078 idus
819 1005 885 1076 iulii
905 1002 975 1093 [iul.
995 1001 1058 1091 11]
1078 997 1164 1094 apud

42 1104 144 1176 uillam
168 1105 273 1178 Rene.
293 1105 355 1177 Ubi
373 1104 507 1199 predicti
530 1108 695 1200 principes
714 1109 992 1182 conveneruntet
1008 1096 1164 1169 Karalum

42 1199 132 1272 lilium
147 1207 242 1293 regis
253 1201 412 1274 Bobemie
423 1206 455 1274 in
465 1225 583 1295 regern
593 1203 816 1274 Romanorum
828 1201 1003 1291 elegerunt
1019 1196 1061 1268 do
1078 1217 1165 1268 con-

42 1321 134 1370 sensu
151 1311 186 1370 et
204 1304 394 1371 auctoritaie
411 1323 495 1395 pape
512 1301 640 1390 conlisi,
658 1303 711 1395 qui
727 1297 942 1372 Ludewicum
958 1294 1103 1368 inutilem
1120 1313 1166 1366 ex

43 1400 142 1469 causis
167 1402 399 1493 suprascriptis
421 1401 598 1492 reputavit,
623 1400 774 1492 quamvis
793 1400 864 1491 ipse
881 1393 922 1466 ab
941 1395 1165 1466 amministra-

43 1497 120 1564 tione
145 1498 246 1585 regni
269 1517 335 1566 non
359 1495 545 1586 desisteret
570 1495 629 1568 sed
658 1517 696 1568 se
713 1497 746 1565 in
762 1497 877 1569 xxxiii.
896 1513 983 1564 anno
999 1491 1096 1582 regni
1114 1487 1166 1560 sui

42 1589 204 1682 scriberet,
222 1595 350 1688 imperii
366 1615 450 1665 vero
468 1615 554 1664 anno
569 1595 663 1668 xviii

46 1957 207 2044 Oucnmdo
230 1977 293 2028 rec
314 1959 457 2030 Korolns
479 1962 615 2029 enuncias
637 1961 829 2048 sollempnes
852 1960 900 2029 od
917 1959 1107 2030 Clementem
1123 1959 1165 2026 ol.

133 2059 232 2126 mitid
248 2065 363 2146 petens
379 2075 472 2126 enum
489 2059 676 2126 electionem
693 2059 884 2139 confirmari
895 2057 1074 2143 etquenam
1085 2055 1165 2125 elin.

86 2242 300 2315 Adveniente
320 2247 459 2314 termino
476 2242 517 2314 ad
535 2243 724 2334 eligendum
741 2244 869 2339 prolixo
886 2253 919 2315 et
930 2243 1090 2315 electione
1102 2263 1166 2314 ce·-

45 2339 156 2412 lebrata
181 2341 224 2411 de
248 2339 370 2413 llurolo
388 2339 453 2412 filio
476 2347 567 2433 regis
584 2340 743 2413 Bohemie
759 2345 791 2413 in
808 2363 926 2433 regem
943 2341 1166 2413 Romanorum

44 2461 120 2510 anno
135 2439 231 2510 alui.
252 2461 285 2510 v.
297 2439 370 2510 idus
394 2440 458 2511 iulii
480 2434 631 2530 [iul'il]
650 2463 711 2535 per
727 2443 867 2536 quinque
886 2439 1047 2510 electores
1066 2457 1165 2534 snpra

45 2542 218 2608 nominatos
244 2539 277 2608 in
300 2537 379 2609 villa
397 2537 502 2626 Reus,
527 2535 716 2610 absentibus
734 2536 860 2610 duobus
879 2534 1088 2626 electoribus,
1107 2537 1165 2608 vi·

44 2632 151 2706 delicet
169 2632 360 2706 marchione
377 2633 690 2726 Brundenburgensi
708 2633 951 2707 lilioLudewici
962 2634 1166 2730 predictipro

45 2734 232 2824 inperatore
251 2753 289 2804 se
317 2735 476 2822 gerentis
505 2755 545 2804 ac
571 2737 688 2805 comite
714 2731 860 2827 liuperto
884 2733 1065 2804 Pollentino
1081 2731 1166 2803 Renl

46 2825 101 2899 ilio
129 2829 240 2900 fratris
265 2833 386 2922 ipsius,
410 2852 547 2924 quorum
577 2828 731 2902 absencia
755 2828 988 2902 nonobstante
1006 2826 1165 2925 publicata

46 2937 88 2996 est
105 2927 222 2998 electio
241 2925 284 2996 do
301 2925 422 2998 llarolo
440 2928 542 3000 iacta²
564 2951 624 3022 per
645 2931 808 3023 principes
832 2932 1087 3022 prenominatos.
1106 2925 1166 2998 Cui

46 3023 187 3095 electioni
199 3027 369 3096 consensit
386 3035 420 3095 el
436 3047 474 3098 se
491 3035 526 3096 ul
535 3024 757 3097 Romanorum
767 3049 831 3098 rex
841 3025 1037 3122 principibus
1048 3035 1168 3097 osten·

47 3118 94 3207 dit
112 3133 144 3192 et
160 3121 316 3194 electioni
332 3121 374 3192 de
392 3143 430 3194 se
448 3121 533 3194 lacte
552 3127 730 3214 consensit,
749 3121 925 3196 honoratus
944 3121 1044 3195 abeis
1061 3133 1169 3194 utrex

47 3215 264 3292 Romanorum
286 3228 322 3291 ut
344 3218 451 3290 decuit
467 3224 604 3294 nuncios
629 3244 708 3294 suos
726 3221 924 3315 sollempnes
943 3223 1029 3294 misit
1046 3219 1086 3291 ud
1102 3241 1169 3314 pa-

48 3335 114 3405 pam
131 3315 339 3388 Clementem
364 3320 421 3407 vi.q
440 3317 634 3390 electionem
652 3317 693 3388 de
712 3341 750 3390 se
767 3319 885 3391 lectiam
902 3322 1085 3408 insinuans,
1103 3338 1170 3412 pe-

49 3421 178 3508 tensque
203 3437 265 3508 per
288 3414 565 3510 archiepiscopum
589 3417 794 3508 Pregensem
818 3428 851 3488 et
875 3417 956 3488 ulios
975 3417 1169 3488 electionem

50 3529 134 3581 snam
157 3511 344 3583 confirmari
368 3535 407 3583 oc
429 3536 605 3607 personum
623 3513 793 3609 approbari
811 3517 844 3585 in
861 3536 979 3607 regem
995 3513 1170 3586 Romano·

51 3627 122 3678 mm.
148 3607 177 3679 Ο
201 3633 265 3680 rex
281 3607 420 3699 Karole,
445 3622 479 3682 tn
501 3615 675 3704 ingressus
700 3615 875 3702 canonice,
893 3633 1032 3706 operare
1049 3623 1084 3683 ut
1099 3614 1170 3681 iure

52 3703 167 3796 imperii
185 3707 416 3798 reformemus
435 3731 532 3803 spero
551 3713 638 3804 enim
655 3721 687 3780 le
704 3710 847 3782 futurum
858 3709 1085 3782 Alexandrum
1102 3710 1170 3778 im-

53 3803 312 3876 noseounduml
329 3803 448 3878 Divide
460 3811 569 3901 pueris
582 3809 645 3880 tuis
657 3806 732 3880 dum
744 3809 839 3880 vales
851 3805 935 3879 bona
953 3809 1090 3902 imperii,
1109 3823 1173 3898 qne

26 3929 27 3954 ι
54 3917 105 3988 per
119 3911 279 3994 tyrannum
297 3901 415 3998 ubique
432 3907 647 4000 usurpantur!
671 3903 747 3998 lpse
771 3927 855 3977 vero
872 3929 936 3976 rex
952 3903 994 3974 de
1012 3901 1172 3974 electione

26 3955 30 4099 (ι
57 3993 163 4070 eadem
181 3997 234 4070 die
251 4003 310 4072 ivit
326 4005 360 4072 in
378 4001 634 4094 &inuenerant
652 4001 771 4074 deinde
783 4000 911 4076 vadens
924 4000 964 4072 ad
983 4003 1173 4097 episcopum

90 4177 115 4246 l)
133 4182 206 4239 nubit
223 4185 286 4240 lelrlt
304 4184 331 4241 in
352 4184 400 4241 der
417 4184 457 4242 bs.
493 4190 525 4255 e)
544 4187 616 4244 lacto
635 4187 661 4244 in
681 4189 729 4244 der
746 4188 787 4245 hs.

923 4311 964 4370 μ
