2900 4820
440 271 604 332 MAiTHidS
623 269 964 332 NUEWENBURGENSIS.
1191 273 1265 348 259

132 448 242 522 inscio
265 457 380 544 patruo
399 452 636 522 matrimonium
653 447 863 541 contrahens,
886 450 988 543 ipsius
1006 443 1135 522 Alberti
1161 448 1265 544 penui
1282 463 1351 520 rnre

134 543 289 637 dolentisq
316 569 390 620 earn
407 571 482 620 curn
505 552 619 642 imperi
637 553 854 639 contraxisse
879 558 913 619 et
933 547 1046 622 forsan
1061 549 1204 619 timentis
1228 567 1267 621 se

135 665 197 741 per
219 648 326 740 ipsum
347 650 498 718 comitem
522 669 623 740 super
645 646 826 718 hereditate
850 649 977 735 vexari,
1001 644 1266 738 indignacionem

136 745 279 814 incurrit.
311 743 430 816 Postea
449 754 558 816 tamen
578 747 676 836 [iun]
695 747 828 818 reversi
844 747 906 838 ipsi
923 763 986 816 rex
1003 753 1036 816 et
1053 743 1121 815 dux
1137 741 1265 816 ldrero-

136 861 209 910 rum
227 843 363 934 nupcias
380 841 602 936 perfecerunt
627 841 711 913 duce
734 853 844 914 tannen
860 845 894 913 in
919 839 1102 917 huiusmodi
1119 841 1265 913 amicicia

130 935 322 1032 excipiente
339 937 460 1012 liberos
479 940 641 1034 quondam
652 939 821 1012 Ludowici
837 940 1003 1034 principia
1022 937 1137 1034 quihus
1153 942 1187 1010 in
1197 940 1266 1011 vita

133 1039 290 1130 principis
309 1039 412 1110 extitit
429 1038 591 1129 alligatus.
624 1038 779 1110 Reverso
797 1049 905 1109 autern
924 1034 966 1107 de
982 1034 1127 1132 partibus
1144 1035 1266 1130 Apulia

138 1131 275 1224 Ungero
292 1146 426 1228 propter
447 1136 686 1230 pestilentiam,
713 1134 871 1209 Albertus
891 1134 959 1209 dux
975 1134 1133 1206 Karolum
1149 1131 1266 1206 Bohe-

131 1251 238 1322 mum„
263 1230 478 1304 Ludowicum
494 1234 661 1307 Bavarnm
680 1233 901 1306 marchionem
925 1235 959 1303 in
975 1230 1217 1324 Brendenburg
1232 1239 1268 1302 et

129 1328 220 1401 walios
238 1329 356 1402 multos
374 1333 406 1401 in
423 1331 593 1404 Patavium
616 1330 657 1402 ad
682 1330 875 1403 dominicam
898 1339 973 1428 post
988 1328 1097 1404 laeobi
1117 1329 1187 1423 [iul.
1198 1327 1263 1417 27]

137 1445 198 1519 pro
217 1428 382 1499 tractanda
401 1427 574 1502 concordia
592 1433 798 1502 convocavit.

136 1591 217 1662 tem
236 1594 278 1662 de
298 1596 499 1664 noeumane
526 1597 732 1682 quorundam
753 1596 966 1682 dominorum,
993 1593 1135 1681 proditer
1156 1590 1267 1662 note-

235 1709 306 1760 mus
321 1695 451 1760 cominu
468 1692 607 1762 Romani
622 1696 711 1782 repis
727 1693 838 1762 debuit
853 1694 1026 1764 comuste
1041 1699 1163 1762 terram
1180 1690 1267 1761 Hot-

237 1791 349 1858 tanae
367 1791 447 1872 filiis
466 1793 555 1880 repta
574 1791 691 1880 Anptr'e
711 1797 744 1860 ot
761 1789 962 1862 Iuliocenon.

185 1919 318 1995 Interea
341 1923 427 1996 sama
453 1925 583 2015 evolet„
611 1922 697 2019 quod
724 1935 882 1998 tractante
910 1923 994 2000 duce
1017 1920 1200 1999 Brabanoie
1227 1941 1268 1996 ao

136 2021 341 2095 'ireveransi
369 2033 402 2094 et
429 2027 546 2094 comite
572 2021 747 2096 Inliaoansi
773 2022 939 2096 Bohemus
967 2028 1099 2096 nomine
1126 2021 1267 2094 Romani

136 2123 229 2212 regis
257 2131 362 2194 terras
387 2119 559 2192 Hollandic
587 2131 620 2192 et
642 2121 818 2212 Selandie,
846 2145 927 2216 quas
953 2121 1152 2194 Wiihelmus
1181 2119 1266 2192 fflius

137 2217 302 2312 quondam
319 2217 488 2290 Lndowiei
505 2221 657 2313 principis
681 2228 784 2307 tenet
809 2219 882 2292 tiliis
902 2223 994 2312 regis
1012 2216 1137 2310 Anglie
1154 2228 1188 2289 et
1203 2215 1266 2288 Iu-

136 2315 293 2388 liaoensis
311 2317 494 2408 conruent,
512 2319 657 2387 amicicia
675 2319 760 2388 inter
769 2315 952 2390 Bohemum
970 2315 1161 2408 atAnglum
1178 2335 1265 2385 eon-

130 2423 259 2504 'tractm
286 2417 320 2485 in
344 2438 407 2508 qua
430 2423 540 2485 tamen
563 2411 730 2487 Bohemns
753 2413 916 2486 Franoum
940 2415 1079 2582 excepit.
1131 2412 1268 2504 Propter

136 2533 201 2604 qne
218 2507 386 2584 Bohemus
405 2521 438 2582 et
454 2509 785 2604 Brandenburgensis
804 2513 981 2603 aPatavia,
1000 2537 1017 2582 a

135 2607 210 2680 chio
234 2631 309 2679 curn
332 2607 458 2681 duobus
484 2605 610 2682 milibus
636 2613 778 2703 equiturn
802 2620 954 2700 venerat,
981 2608 1101 2680 infecto
1125 2607 1268 2698 negocio

134 2717 362 2798 recesserunt,
386 2705 587 2797 marchione,
612 2706 698 2800 quod
714 2705 896 2778 Bohemunr
914 2728 1079 2801 nunquam
1103 2725 1165 2798 pro
1182 2725 1267 2796 rege

131 2801 288 2874 Romano
305 2826 350 2877 ex
366 2804 509 2898 predicta
527 2804 689 2875 electione
706 2801 837 2895 habeat
862 2815 1045 2878 asserente.
1095 2799 1262 2874 Bohemus

135 2909 247 2972 autem
271 2911 305 2972 et
319 2901 485 2974 Australis
510 2905 645 2993 navigio
662 2900 831 2976 Austriam
857 2899 1108 2974 descenderunt.
1158 2898 1263 2991 Signa

135 3002 225 3069 enim
241 2999 420 3092 imperialia
438 2999 629 3094 aquilarum,
653 3000 790 3072 Patauio
807 2999 960 3094 hospiciis
977 2998 1115 3071 Bohemi
1133 2999 1263 3090 impieta„

179 3120 197 3166 r
219 3095 375 3168 familiam
402 3095 616 3186 marchionis,
647 3100 821 3190 presertim
844 3096 1022 3189 Hngonem
1045 3097 1196 3168 comitem
1223 3090 1265 3162 de

135 3117 354 3286 ffihemerg,
373 3193 570 3266 stercoribus
588 3204 664 3266 sunt
680 3192 801 3285 deleta,
819 3204 852 3266 et
869 3192 965 3264 barre
978 3197 1011 3264 in
1022 3191 1160 3264 vioubus
1178 3187 1264 3262 hos-

135 3293 297 3384 piciorum
311 3289 449 3364 Bohemi
467 3301 588 3388 aperta.
639 3289 748 3364 Factis
766 3301 875 3363 autem
892 3301 927 3362 et
944 3291 1015 3363 aliis
1033 3289 1179 3370 terminis
1197 3287 1265 3356 mi-

136 3390 226 3458 nime
244 3386 491 3462 concordarunt.
603 3385 687 3460 Obiit
703 3399 814 3461 autem
832 3411 872 3462 eo
890 3399 1037 3486 tempore
1058 3388 1151 3479 [nug.
1164 3382 1202 3475 1]
1223 3380 1266 3454 de

136 3483 278 3556 Francia
296 3507 380 3560 uxor
396 3490 498 3580 regis.

1059 2532 1155 2605 quam
1173 2530 1267 2580 mar-

136 3633 188 3705 Dc
208 3637 424 3709 destructione
444 3639 546 3710 castri
564 3639 800 3730 iirr'tndeebcrp.

187 3763 238 3840 Eo
256 3778 403 3866 tempore
420 3773 453 3844 in
470 3773 625 3867 principio
643 3775 774 3865 augusti
790 3771 857 3864 liga
868 3771 959 3866 pacis
970 3769 1106 3844 Alsacie
1118 3777 1261 3842 castrum

137 3862 376 3960 Frttudesberg
397 3880 531 3964 propter
554 3867 712 3966 quosdam
736 3879 935 3942 mercatores
959 3869 1106 3940 Swevos
1133 3870 1168 3937 in
1190 3874 1265 3936 ter-

138 3967 235 4036 minis
252 3964 321 4057 lige
335 3963 414 4036 inibi
431 3978 543 4062 captos
562 3964 734 4058 destruxit
753 3971 901 4061 captivos
919 3964 1109 4040 absolvens.
1177 3963 1266 4033 Tre-

138 4066 295 4157 'verensis
312 4085 442 4159 quoque
460 4087 533 4136 curn
551 4087 672 4160 magno
690 4075 791 4158 gente
810 4073 951 4140 castrum
969 4118 977 4135 .
997 4117 1004 4134 .
1024 4117 1032 4134 .
1052 4067 1074 4132 .¹
1094 4057 1136 4131 de
1154 4058 1269 4134 Ysen-

142 4207 233 4337 Treppr
244 4207 343 4354 tgtpplr
361 4209 469 4280 (ostiich
482 4227 535 4270 ron
548 4187 737 4285 tinburg'tm‘
749 4209 838 4272 iinken
858 4213 918 4270 uter
936 4211 983 4268 der
995 4206 1177 4304 iniust-agi.
1191 4213 1268 4298 gesta

1000 4387 1058 4448 ii*
