2918 4824
275 269 347 346 2214
575 263 1100 330 nannusuunweununonusrs

192 461 261 518 1347
277 447 327 516 lle
344 449 604 616 copprevpeeiope
624 447 825 518 Treuereasis
842 452 959 516 eontra
971 447 1121 516 domium
1135 446 1178 516 de
1198 443 1368 530 l'seuburp
1385 449 1458 511 et

400 566 417 615 e
474 554 556 616 ester
577 564 646 635 erp.

325 687 452 760 Eodem
476 710 593 762 mense
618 697 846 780 oongregente
867 688 1069 759 Treverensi
1094 689 1281 758 exereitum
1307 688 1415 756 animo
1457 679 1458 778 ἦ

277 785 455 858 invadendi
472 785 621 860 dominos
639 785 681 856 de
691 782 917 877 Westerburg
934 796 968 856 et
985 784 1026 854 de
1037 783 1234 899 Ysenburg:
1253 807 1338 854 eece
1350 805 1414 878 po-

277 883 373 978 pulns
386 881 580 956 Leodiensis
598 904 796 998 expugnans
815 882 978 976 quoddam
996 894 1139 955 eastrum
1157 884 1310 976 episcopi
1301 880 1414 950 Leo-
1457 917 1458 958 ι

278 979 401 1054 diensis
420 981 574 1054 custodes
592 983 690 1054 oasin
701 979 909 1074 decapitavit
928 977 1055 1052 nobiles
1067 990 1102 1050 et
1111 977 1274 1073 plebeios
1305 979 1414 1072 Prop-
1457 967 1458 1056 l

277 1088 329 1149 ter
345 1078 431 1172 qrrod
449 1082 623 1174 episeopus
642 1078 684 1149 de
700 1076 857 1148 adiutorio
869 1079 1103 1166 'lreverensis7
1122 1077 1215 1148 ducis
1226 1075 1414 1146 Brabaneie

278 1185 311 1245 et
328 1175 464 1246 aliorum
483 1187 570 1248 terre
588 1185 779 1268 magnatum
790 1175 909 1247 volens
926 1173 1080 1247 obsidere
1091 1173 1267 1264 Leodium,
1284 1168 1458 1268 populisl

278 1272 363 1343 illius
382 1275 568 1346 stallorum
585 1273 725 1368 plurium
743 1274 923 1361 civitatum
947 1295 1011 1365 que
1028 1272 1125 1343 illis
1116 1295 1149 1343 ιιι
1167 1271 1332 1342 auxilium
1350 1271 1458 1350 ιιι-ι

278 1381 441 1441 venerant
442 1367 717 1462 egredientibus
735 1379 847 1441 oontm
867 1392 939 1460 eos„
957 1369 1141 1460 confligens
1160 1391 1236 1439 eum
1256 1373 1411 1458 eistergu
1457 1323 1458 1454 l

276 1424 500 1558 vertentibbs‚
528 1467 644 1539 deeem
665 1467 751 1538 milia
769 1467 886 1539 ooeidit
909 1489 953 1537 ex
975 1467 1048 1539 illis.
1077 1465 1241 1536 Dominus
1260 1470 1350 1536 enim
1374 1465 1458 1544 del

278 1561 509 1657 Vallrenburg‚
527 1565 629 1637 frater
645 1567 744 1659 priori
761 1586 847 1637 anno
865 1562 985 1635 ibidem
1001 1567 1114 1653 oeoisia
1134 1573 1168 1633 et
1178 1585 1297 1636 eomes
1310 1545 1458 1634 Μοι-

277 1662 362 1732 eium
385 1665 506 1734 nemini
529 1669 757 1756 pepercerunt
808 1660 929 1756 Sisque
953 1663 1128 1756 episeopus
1147 1659 1349 1732 Leodiensis
1373 1659 1412 1730 de

276 1759 397 1851 populo
414 1757 589 1833 Leodiensi
607 1759 766 1854 disposuit
783 1770 818 1830 ut
834 1757 977 1832 volebat.

276 1928 327 1997 De
344 1931 507 2098 elpeetoue
522 1929 637 2000 leeobt
653 1929 832 2002 naereses
848 1932 1022 2018 prudentis
1037 1929 1162 1999 noterit
1185 1931 1222 1998 ia
1247 1929 1411 1998 moenum

404 2047 603 2098 omeumum.

325 2175 453 2252 Eodem
470 2202 587 2252 mense
604 2177 883 2274 quidamlaeobus
894 2175 1078 2267 laurencii
1095 2178 1244 2248 notarius
1264 2176 1410 2272 prudens

278 2285 312 2348 et
334 2277 513 2368 ineundum
541 2275 709 2371 plebeius7
733 2276 840 2347 Rome
863 2279 897 2348 in
919 2274 1082 2348 tribunum
1104 2274 1252 2364 eleseu,
1283 2274 1410 2348 seelera

277 2373 449 2447 vindicans
467 2399 507 2446 ao
522 2397 655 2446 omnem
672 2372 927 2446 iurisdietionem
945 2371 1034 2446 urbis
1050 2393 1230 2462 exercens
1249 2395 1355 2444 unurn
1372 2372 1410 2441 de

276 2471 406 2546 Ursinis
430 2473 632 2568 decapitans
663 2481 696 2542 et
719 2471 982 2566 Columpnenses
1006 2469 1047 2542 ab
1071 2469 1153 2542 urbe
1171 2475 1410 2542 exterminans.

275 2570 631 2662 ArguenteRomanos
648 2591 732 2663 papa
746 2568 788 2640 de
806 2569 866 2642 hiis
885 2568 1027 2641 turbato:
1046 2571 1135 2657 quod
1150 2572 1217 2637 atsi
1233 2568 1332 2653 infra
1347 2589 1410 2638 eu-

275 2687 353 2737 num
376 2672 502 2740 rediret
524 2671 572 2738 ad
596 2669 722 2758 urbem,
752 2687 787 2738 se
814 2688 886 2738 mem
913 2670 1069 2740 Romanis
1095 2669 1198 2737 otium
1224 2687 1261 2737 se
1285 2687 1410 2756 pepon

276 2775 471 2855 creaturum,
491 2763 669 2859 respondit.

274 2936 326 3005 De
352 2937 497 3118 qdmdd
513 2929 690 3003 Humberto
710 2935 866 3023 neptim·
892 2937 973 3022 quiet
998 2935 1104 3023 eperit
1120 2951 1226 3003 unere
1250 2953 1316 3004 sue
1346 2936 1405 3003 de-

390 3053 454 3104 urae

324 3165 374 3238 Eo
391 3176 539 3259 tempore
556 3161 755 3235 Humbertns
773 3163 938 3258 Delphini,
963 3167 1017 3260 qui
1039 3187 1101 3260 per
1123 3185 1245 3235 annum
1271 3174 1405 3236 steterat

275 3265 360 3335 inter
375 3264 514 3352 'lbueosp
538 3261 690 3333 defuncta
717 3259 793 3332 inibi
811 3286 917 3334 uxore
934 3285 1008 3378 sua,
1032 3273 1130 3356 nepte
1148 3259 1315 3355 quondam
1333 3262 1406 3334 llo-

275 3359 357 3431 berti
381 3363 471 3452 regis
498 3382 543 3430 ex
566 3381 752 3474 sororeqm
720 3358 840 3431 infecto
864 3365 1005 3452 negooio
1030 3368 1082 3432 est
1103 3380 1276 3432 reversus.
1321 3360 1405 3475 Papa

275 3461 363 3529 enim
380 3461 470 3530 iuxta
487 3460 684 3550 promissum
703 3479 798 3528 suum
815 3481 880 3530 neo
896 3459 1087 3530 thesaurum
1104 3479 1169 3528 nee
1185 3465 1325 3547 gentem
1342 3461 1405 3526 mi-

276 3559 317 3626 sit
334 3554 450 3626 eidem.
493 3555 571 3626 Rex
587 3556 676 3624 enim
692 3553 886 3646 Turcorum,
911 3578 985 3626 cum
1002 3557 1154 3626 venisset
1169 3551 1359 3647 Delphinus
1374 3558 1403 3624 in

275 3663 396 3723 terram
420 3673 513 3726 suum
540 3655 574 3723 in
601 3651 763 3744 quandam
788 3655 953 3724 civitatem
977 3653 1093 3724 fortem
1118 3673 1179 3746 per
1203 3649 1403 3722 Christianos

274 3749 460 3839 obtentam
488 3771 534 3820 ex
556 3769 620 3843 quo
644 3752 777 3820 nomine
801 3751 945 3822 eoelesie
969 3759 1109 3822 venerat
1131 3750 1309 3841 suspicans
1332 3771 1402 3820 eum

274 3869 430 3939 magnam
449 3804 634 3918 babituram
659 3848 842 3940 sequelam,
866 3857 1002 3939 treugas
1026 3848 1103 3918 lenit
1126 3869 1200 3917 oum
1218 3867 1272 3934 eo,
1299 3851 1402 3916 animo

273 3944 427 4017 visitandi
450 3965 636 4039 personam.
687 3942 730 4012 Et
752 3945 940 4060 intelligens
959 3944 1043 4039 quod
1061 3942 1186 4038 absque
1204 3941 1400 4014 Alemannis

273 4053 425 4134 venerat
442 4065 507 4114 nee
523 4064 569 4114 ex
585 4041 697 4112 laeto
687 4046 827 4135 imperil,
845 4064 988 4113 oernens
1006 4039 1199 4112 muliebrem
1210 4061 1399 4134 personam

273 4141 379 4233 ipsum
402 4138 646 4233 parvipendens
670 4143 810 4214 recessit
826 4151 861 4212 et
884 4142 991 4231 magis
1016 4161 1061 4214 ex
1084 4138 1230 4210 adventu
1256 4141 1330 4210 eius
1354 4149 1400 4208 est

273 4237 440 4308 animosus
459 4237 573 4308 laetus.
