2982 4824
297 251 473 312 moenia
496 249 687 312 moamrnu
708 251 815 312 ousm
834 249 1074 350 mnaaroanu
1176 253 1248 330 637

119 433 151 502 in
180 433 412 526 imperatorem
442 453 516 502 oum
543 453 625 526 paee
649 433 829 527 principum
857 433 1027 504 coronavit
1053 433 1086 503 in
1113 430 1247 506 basilica

118 533 222 602 sancti
247 529 332 600 Petri
357 550 443 601 anno
470 529 591 601 domini
616 531 777 604 mccviii'.
804 528 933 622 [1209]
965 527 1169 623 pontificatus
1198 531 1247 601 sui

116 626 312 699 duodecimo
330 648 426 698 enno.
458 627 666 723 Vacavitque
683 631 853 722 imperium
878 631 972 700 annis
996 627 1068 699 fere
1097 625 1248 698 undecim

117 735 261 797 amorte
285 724 417 797 Henrici
442 747 547 820 usque
575 725 618 797 ad
647 729 890 798 coronationem
919 724 1066 817 Ottonis,
1093 727 1248 819 usquein

117 845 240 894 annum
258 822 379 895 domini
396 827 549 916 mecm,
567 826 620 920 qui
631 847 737 897 annus
752 823 1031 898 iuitduodecimus
1043 821 1247 920 pontificatus

114 919 295 994 innocentii
313 923 413 994 tercii.

166 1016 242 1091 Otto
269 1019 338 1092 dux
360 1017 506 1093 Saxonie
535 1043 553 1091 a
578 1043 662 1116 papa
685 1018 878 1094 Innocentio
905 1023 1005 1094 tercio
1022 1042 1178 1093 coronam
1195 1029 1248 1092 est

116 1115 255 1211 adeptus
268 1119 392 1211 imperii
410 1122 442 1190 in
461 1117 593 1192 basilica
612 1122 716 1192 sancti
727 1119 814 1190 Petri
832 1141 918 1192 anno
935 1119 1055 1193 domiui
1072 1121 1247 1208 m.cc.viii.‚

115 1213 322 1309 pontificatus
348 1215 497 1288 eiusdem
524 1215 703 1288 innocentii
730 1215 923 1289 duodecimo
947 1239 1056 1308 anno,
1082 1219 1248 1312 tenuitque

115 1317 288 1408 imperium
306 1317 401 1387 annis
419 1314 490 1387 fere
507 1312 608 1388 trihus
626 1337 731 1409 usque
761 1317 792 1385 in
819 1338 940 1388 annum
964 1315 1084 1388 domiui
1108 1317 1246 1388 mcoxi.

114 1409 179 1483 Hic
206 1409 279 1483 Otto
307 1411 367 1484 fuit
393 1434 530 1508 corpore
558 1413 794 1508 poteramus,
818 1411 917 1486 rebus
944 1411 1094 1487 omnibus
1119 1413 1247 1504 largusq

114 1511 217 1582 armis
235 1510 345 1582 militie
361 1508 496 1605 probusa
515 1509 575 1584 sed
589 1514 696 1584 minus
715 1531 821 1583 verax
838 1514 872 1583 in
885 1509 997 1583 verbis
1014 1521 1048 1583 et
1062 1513 1157 1584 nimis
1171 1511 1248 1582 eia-

114 1617 168 1680 tus
186 1609 219 1678 in
236 1606 339 1680 iactis.
374 1608 435 1681 Hic
452 1619 625 1703 antequam
643 1629 797 1680 coronam
822 1613 1007 1703 accepisset
1031 1610 1156 1705 imperii
1174 1631 1248 1680 curn

112 1703 292 1777 Frederioo
319 1706 442 1778 infante
463 1729 613 1802 regeque
630 1705 740 1780 Sicilie
764 1729 879 1801 pacem
897 1728 1037 1780 servare
1056 1711 1193 1795 iuram„
1217 1718 1249 1778 et

112 1824 182 1874 non
199 1805 348 1898 inpetere
365 1807 472 1900 ipsum
488 1827 630 1897 regnum
647 1808 720 1900 ipso
731 1807 914 1876 iuramento
925 1805 1078 1896 firmavit,
1090 1827 1162 1877 oum
1175 1807 1248 1878 eius

112 1904 298 1996 proprietas
317 1924 383 1974 non
401 1901 623 1997 adimperium
642 1901 703 1975 sed
723 1901 958 1975 adRomanom
977 1905 1152 1978 ecclesiam
1163 1926 1248 1999 per-

114 2003 243 2071 tineret.
276 1999 345 2072 Sed
363 2012 537 2075 coronatus
556 2003 708 2074 continuo
726 2024 798 2073 oum
810 2001 968 2076 Romanis
986 2025 1132 2097 pugnam
1150 2025 1247 2074 com-

112 2099 211 2170 misit
236 2095 361 2172 Iurevit
381 2102 478 2170 etiarn
489 2101 715 2193 patrimonium
727 2103 830 2171 sancti
842 2099 930 2172 Petri
942 2099 1092 2173 Romane
1104 2100 1247 2174 eeclesia

112 2215 322 2269 conseruere
340 2207 437 2292 atque
455 2196 646 2270 defendere.
664 2195 785 2268 Contra
803 2195 879 2268 hoc¹
892 2200 1071 2292 igituripsa
1089 2197 1142 2269 die
1158 2198 1246 2288 iecit

112 2303 147 2366 et
163 2295 237 2388 quia
254 2293 412 2368 Romanis
428 2316 494 2367 non
512 2295 670 2368 satisfecit
688 2291 728 2365 de
740 2298 898 2389 expensis
917 2292 977 2368 sibi
991 2294 1121 2386 tebius,
1133 2305 1244 2367 eontra

111 2413 191 2462 eum
210 2401 243 2463 et
253 2391 470 2466 Theotonioos
483 2403 718 2488 pugnaverunt
733 2393 916 2487 multosque
930 2415 974 2465 ex
985 2396 1033 2468 eis
1045 2392 1245 2484 occiderunt„

111 2499 147 2560 et
163 2500 297 2585 propter
313 2488 377 2563 hoo
393 2513 554 2584 egressus
572 2489 613 2562 ab
630 2487 712 2561 urbe
732 2493 928 2564 munitiones
946 2501 979 2563 et
1009 2500 1115 2566 cestra
1139 2512 1246 2562 occu-

110 2591 217 2683 pavo,
235 2609 299 2682 que
317 2599 411 2661 erant
426 2593 478 2662 ius
497 2593 598 2662 sancti
617 2589 713 2661 Petri.
747 2587 790 2660 Et
807 2611 893 2662 auno
911 2588 1030 2662 eodem
1047 2591 1171 2684 prestiti
1189 2591 1245 2660 in-

110 2707 242 2757 memor
258 2688 430 2759 iuramenti
448 2699 559 2759 contra
576 2707 662 2783 pape
679 2685 866 2758 mandatum
877 2710 952 2759 cum
965 2691 1113 2759 exercitu
1125 2709 1246 2779 magno

108 2781 224 2856 Sicilie
241 2805 382 2875 regnum
400 2789 533 2875 invasit,
562 2795 595 2857 et
619 2795 747 2880 partem
771 2787 950 2880 surripiens
978 2795 1080 2858 totum
1102 2783 1245 2879 undique

110 2880 327 2977 perturbavit.
353 2881 439 2955 Nam
457 2885 490 2956 in
507 2883 692 2978 Principatu
712 2886 805 2977 quasi
822 2881 941 2957 balium
960 2907 1056 2958 sunm
1073 2881 1244 2956 'libuldum

110 2983 282 3051 comitem²
298 2983 418 3074 posuit,
434 2984 608 3053 occasione
626 2983 717 3053 ouius
741 2981 844 3074 prede
871 3004 1012 3074 regnum
1039 2984 1142 3075 potuit
1167 2983 1245 3052 uni-

110 3099 261 3152 versum.
300 3077 414 3175 Itaque
430 3077 626 3152 Fredericus
654 3076 754 3149 rebus
778 3082 871 3171 quasi
898 3077 1047 3150 omnibus
1072 3079 1245 3173 spoliatus,

109 3179 230 3248 castris
247 3175 380 3272 perditis
399 3188 432 3250 et
448 3179 544 3269 regIa
560 3185 721 3271 potestate
738 3178 905 3270 privatus,
923 3179 986 3248 iam
1005 3197 1071 3248 non
1095 3198 1158 3249 rex
1182 3175 1242 3247 sed

109 3273 251 3366 regulus
280 3272 466 3364 dicebatur,
494 3276 641 3368 tyranms
672 3276 725 3368 qui
752 3293 894 3365 regnum
921 3277 1113 3346 invaserant
1139 3275 1246 3368 potius

111 3369 281 3446 subiectus
302 3372 578 3468 quemdominus.
613 3369 697 3442 Nam
714 3391 828 3444 comes
839 3371 1003 3445 Ronerius
1021 3370 1244 3459 desertione

110 3489 241 3562 genere
258 3471 400 3562 tuscum
417 3470 561 3542 Sioiliern
579 3479 800 3562 occupaverat
824 3480 857 3541 et
874 3469 998 3543 diversi
1016 3469 1169 3542 diversos
1188 3472 1245 3539 in-

112 3578 273 3641 vaserant
289 3571 480 3658 comitatus,
504 3577 539 3638 ut
565 3563 741 3638 Frederico
764 3565 841 3638 nihil
863 3571 993 3662 penitus
1015 3569 1242 3640 remansisset.

110 3665 249 3760 Propter
266 3666 328 3738 hec
345 3687 429 3758 ergo
447 3666 531 3737 mala
556 3665 684 3760 aliaque
707 3664 836 3756 similia,
865 3668 950 3737 iuter
973 3687 1036 3760 que
1065 3668 1243 3757 romipetas

111 3764 161 3833 ire
178 3762 319 3836 Romam
335 3761 545 3859 impediebat
564 3784 649 3857 papa
667 3765 965 3835 excommunicavit
982 3760 1134 3834 Ottooem
1153 3771 1186 3831 et
1202 3757 1242 3829 ab

111 3861 272 3955 imperiali
290 3863 434 3954 etregia
452 3858 610 3953 dignitate
628 3858 794 3955 deposuit,
822 3858 971 3932 omnibus
995 3857 1145 3932 fidelibus
1175 3860 1243 3930 suis

111 3989 434 4136 idddiiid‘iidi,
447 3989 965 4119 'tttfflttitttt'ttatttcitit·
986 3988 1240 4129 'vaditdiidi't

111 4150 163 4190 nur
182 4135 251 4190 nootr
272 4134 348 4208 obiit,
366 4151 423 4192 was
443 4135 522 4206 donn,
546 4132 634 4204 gieieh
659 4134 792 4204 auderem,
817 4131 886 4186 baim
914 4131 1012 4188 binden
1037 4131 1239 4202 abgesctrnitten

110 4205 331 4346 wuridjemmer
349 4275 387 4332 iss
407 4277 475 4335 iicet.
512 4275 543 4346 2)
564 4275 675 4351 diepoid
696 4291 747 4331 ron
767 4273 908 4346 Vohburg.
