2918 4824
367 192 533 252 nummus
551 191 892 252 uuawnnaunonnsrs.
1119 195 1193 268 247

50 367 1191 466 nemfinunsumn,pluriosmnmgaurexemtmsodnngliexe-
1207 379 1278 438 1³47

49 473 155 542 citum
173 489 242 541 non
260 469 414 556 accessit
431 470 466 538 in
482 469 640 563 principio
656 469 789 558 augusti
803 467 1073 561 appropinquavit
1083 490 1193 541 exer·

48 565 172 640 sitibus
184 567 291 658 Angli
303 564 598 638 etb'iandrensium
616 563 658 636 ad
675 587 774 636 unum
791 565 929 636 ieuosm.
956 565 1028 652 Qua
1045 576 1191 661 proptor,

48 667 192 738 nolente
208 664 339 756 Angla,
356 660 580 736 Flendronses
594 662 696 736 Kalos
714 661 756 734 ad
773 663 919 754 graciam
929 674 1140 758 receperunt
1158 673 1192 736 et

48 764 215 836 forenses
240 772 275 832 et
296 763 494 834 intrinsecos
511 759 615 852 Angli
638 763 752 852 gracie
776 763 1010 833 commiserunt
1032 761 1124 854 [aug.
1135 761 1189 851 41.

47 860 153 948 Quod
170 881 316 934 cernens
326 858 474 932 Francus
492 880 552 953 pen
568 867 638 934 tres
653 859 767 932 leucas
785 859 859 930 ilico
876 862 1075 932 retrocessit.
1109 859 1191 932 An-

49 960 132 1050 gins
151 967 279 1047 autem
302 959 417 1030 eiectis
441 956 556 1030 incolis
578 966 613 1028 et
633 959 800 1050 occupatis
823 953 1002 1046 thesauris,
1026 959 1191 1029 civitatem

47 1059 147 1130 rexit
163 1077 228 1150 per
243 1055 388 1146 Anglos.
413 1053 498 1128 Data
517 1063 593 1128 sunt
610 1064 719 1126 autem
736 1057 779 1144 ei,
800 1063 866 1126 tam
883 1075 944 1148 per
961 1053 1078 1128 sedem
1094 1077 1192 1150 quam

48 1178 115 1248 per
133 1164 260 1226 terram
276 1151 407 1243 Franci,
433 1155 597 1245 octoginta
615 1152 702 1224 milia
719 1173 916 1241 marcarum,
941 1150 1027 1247 quod
1044 1151 1191 1230 indusias

51 1250 228 1348 usquead
246 1251 368 1324 festum
391 1249 478 1322 beati
494 1249 649 1322 Iohannis
672 1248 812 1344 baptiste
836 1253 1013 1342 concessu,
1036 1252 1080 1322 ito
1104 1249 1191 1348 quod

49 1353 84 1422 in
103 1357 211 1440 sum
228 1370 293 1443 quo
310 1371 399 1420 nuno
415 1357 503 1439 sunt,
521 1343 654 1443 quilibet
669 1356 867 1420 remaneret.

53 1523 104 1592 De
128 1518 503 1610 compescebant,
524 1517 590 1602 tilii
605 1517 782 1610 Ludowioi,
806 1526 841 1589 ot
861 1519 1003 1590 ommam
1027 1521 1193 1592 ciuitatum

157 1617 345 1689 Saucoorom
362 1635 434 1688 cum
451 1635 499 1688 ao.

102 1769 238 1843 &dom
257 1791 344 1840 anno
361 1769 454 1842 xlvii.
466 1767 510 1839 de
526 1790 644 1840 menso
662 1767 852 1864 septembri
870 1789 944 1842 oum
963 1768 1093 1862 egrossi
1104 1767 1193 1840 bris-

51 1879 131 1942 sent
152 1866 358 1962 stephanus„
375 1865 462 1938 iilius
479 1863 649 1940 Ludowioi
665 1869 832 1962 principis,
857 1877 891 1938 et
907 1887 1024 1940 omnes
1042 1867 1193 1940 mvitates

50 1968 200 2039 Swevie
217 1987 293 2038 oum
311 1985 352 2034 eo
368 1967 458 2037 iuxta
475 1963 586 2056 Zoire,
611 1967 720 2036 animo
737 1962 915 2038 invadendi
931 1962 1087 2054 barones,
1105 1985 1193 2058 quo-

52 2086 128 2136 mm
145 2061 334 2135 octodecim
350 2065 449 2156 priori
467 2083 553 2132 anno
571 2065 604 2133 in
622 2059 812 2134 Obemdori
830 2062 923 2134 ducis
946 2060 989 2132 de
1005 2060 1078 2132 Tek
1106 2083 1193 2133 oon-

52 2167 266 2250 iureverant,
285 2169 319 2232 et
335 2162 388 2254 qui
405 2159 562 2231 Karolnm
581 2160 721 2231 electum
739 2157 930 2232 dicebantur
952 2157 1086 2231 favere:
1114 2161 1192 2254 opi-

53 2261 132 2332 dum
152 2255 367 2349 Heohingon¹
388 2261 513 2330 conatis
532 2256 574 2327 do
591 2257 689 2328 Zobe
706 2277 848 2329 vacuum
867 2261 1082 2343 invenerunt3
1107 2255 1193 2351 quod

53 2355 255 2452 quibusdam
271 2357 374 2450 pactis
392 2357 478 2427 initis
496 2378 562 2426 non
579 2354 761 2446 fregerunt.
802 2350 997 2426 Volentibus
1015 2363 1125 2424 autem
1143 2355 1193 2426 eis

54 2454 215 2528 obsidere
233 2452 365 2547 opidum
383 2451 474 2524 Suitz
486 2451 649 2524 Waitheri
667 2451 708 2523 de
721 2450 952 2540 Geroltsocire7
971 2453 1142 2522 servitoris
1161 2457 1195 2522 et

54 2553 303 2642 consanguinei
321 2553 473 2622 oomitum
491 2549 533 2621 de
544 2547 778 2642 Wirtenberg:
795 2549 895 2621 iidem
906 2551 1054 2640 comites,
1073 2570 1194 2644 quam-

56 2649 110 2722 uis
130 2647 252 2722 essent
267 2646 419 2743 presides
432 2649 599 2744 principia
618 2657 810 2722 asserentes
824 2645 969 2719 heosine
982 2649 1096 2718 eoruin
1108 2667 1194 2718 con·

56 2748 133 2819 silio
150 2744 317 2836 inchoato,
340 2749 538 2818 restiterunt.
590 2742 714 2833 Quibus
733 2754 766 2817 ot
783 2745 891 2817 eidem
908 2743 1082 2816 Walthero
1106 2753 1195 2815 tunm

56 2845 191 2918 affluxit
215 2840 371 2915 nobilium
399 2841 587 2933 multitudm
623 2841 709 2935 quod
737 2845 887 2916 civitates
914 2851 1128 2916 recesserunt
1153 2840 1196 2914 do

57 2965 191 3038 campo.

59 3117 112 3186 De
134 3111 264 3184 duobos
286 3110 447 3196 frutribus
467 3112 679 3182 semiorum
694 3112 869 3208 Ludowioi·
880 3111 1045 3200 priocipia
1068 3110 1197 3181 buben-

163 3211 249 3282 ts'bua
265 3212 483 3282 maionem
499 3213 594 3280 iaetu
609 3212 726 3282 siloam
743 3211 904 3280 Bobemia

110 3365 219 3438 Erunt
236 3373 344 3436 antem
362 3359 426 3435 duo
450 3361 569 3438 iratres
593 3361 753 3436 habentes
777 3363 995 3435 municionem
1018 3363 1108 3434 inmte
1133 3360 1197 3432 sil-

61 3487 140 3536 vam
153 3460 327 3552 Bohemie
343 3463 498 3556 principis
511 3463 706 3551 servitores
725 3459 799 3531 dicti
810 3459 1041 3549 Kamerowom
1059 3481 1198 3553 quorum

63 3565 173 3634 iunior
196 3558 326 3632 dicens:
353 3560 417 3630 sibi
435 3561 622 3649 principem
646 3561 696 3628 nil
716 3561 813 3648 dure,
836 3557 959 3631 Karolo
975 3555 1134 3630 Bohemic
1158 3577 1197 3628 so

63 3661 227 3733 astrinxit
278 3659 436 3751 Princeps
459 3679 544 3730 vero
569 3659 734 3729 seniorem
752 3659 961 3728 innocentem
978 3657 1112 3750 capiens
1131 3651 1197 3724 de-

66 3758 211 3831 collavit.

122 3855 176 3929 Eo
201 3865 351 3952 tempore
365 3847 519 3927 iohanne
543 3853 675 3927 ducissa
692 3852 830 3926 Austris
855 3853 997 3924 veniens
1015 3851 1198 3946 Alsaoiamp

67 3977 104 4026 se
120 3955 379 4046 Argentinensi
401 3951 576 4026 Basiliensi
593 3963 627 4023 et
645 3949 894 4024 Constanciensi
921 3951 1097 4044 episcopia
1121 3949 1199 4020 item

68 4049 325 4125 Thurioensibus
347 4059 381 4122 ot
396 4046 621 4125 Bemensibus
645 4048 832 4142 colligavit,
860 4057 991 4122 etcum
1015 4044 1133 4122 Ottone
1157 4043 1199 4122 'do

122 4201 151 4273 1)
172 4217 205 4256 so
226 4199 306 4272 Ursi,
325 4195 476 4271 Hohliogeo
496 4197 522 4254 Β.
544 4197 598 4256 und
617 4197 649 4258 Α.
