3010 4822
255 233 328 308 558
598 229 1045 290 numnrcusnnenoarunsrs.

170 417 240 474 1342
304 406 459 484 Clemens
478 419 594 486 sextus
612 409 702 502 prins
721 415 859 480 vocotus
876 403 1007 497 Petrus,
1025 402 1309 494 Rothomagensie
1326 425 1382 474 ar·
1484 413 1485 416 ‘

255 505 481 602 chiepiscopus
501 518 533 579 et
550 506 723 579 cardinalis
735 526 821 577 anno
835 503 954 577 demini
966 501 1157 575 m.ecc.xl.ii.
1171 499 1386 573 decimonono

254 603 307 674 die
325 609 448 678 mensis
467 607 541 676 maii
559 605 728 677 Avinione
748 604 874 674 electus
892 604 924 672 in
941 623 1059 696 papam
1084 599 1126 670 ad
1149 602 1385 693 promotionem

255 705 346 793 regis
363 701 514 793 Francis7
532 705 625 775 euius
643 704 674 771 in
693 702 829 776 consilio
847 702 936 794 prius
954 699 1034 790 luit,
1052 697 1138 771 sedit
1159 701 1254 772 annis
1274 697 1387 768 decem

256 797 423 873 mensibus
443 823 506 874 sex
522 797 638 872 diebus
657 797 892 893 septemdecim
912 809 946 870 et
962 793 1039 868 obiit
1056 800 1089 868 in
1106 795 1159 868 die
1178 793 1265 866 beati
1284 793 1387 867 Nico-
1484 837 1485 896 i

254 895 297 967 lai
315 895 358 967 de
375 920 491 972 mense
509 895 684 968 decembri.
721 896 783 969 llic
805 915 892 968 anno
916 917 980 968 suo
1004 897 1109 989 primo
1127 892 1242 967 indum
1267 915 1388 964 annum

254 993 407 1066 iubileum
425 995 467 1066 de
486 1005 597 1066 cetere
622 992 807 1066 habendum
830 997 862 1066 in
886 1013 973 1064 anno
996 995 1228 1088 quinquageno
1249 993 1286 1061 in
1311 989 1389 1062 urbe
1484 985 1485 1000 ³

255 1091 417 1183 Romana,
435 1115 532 1188 quem
549 1090 737 1165 Bonilecins
751 1115 836 1187 papa
849 1101 988 1164 octavus
1000 1093 1241 1185 suprascriptus
1252 1087 1388 1160 indixe-

255 1199 305 1260 rat
322 1188 466 1284 quolibet
483 1193 675 1278 centesimo,
694 1200 729 1261 ut
745 1200 834 1285 patet
851 1209 896 1262 ex
923 1190 1152 1261 constitutione
1174 1187 1282 1280 ipsius
1306 1185 1388 1258 Gle-

254 1291 383 1361 mentis.
420 1287 462 1359 Et
477 1291 511 1360 in
528 1287 668 1383 quodam
686 1308 854 1379 sermone,
872 1307 969 1381 quem
998 1295 1077 1358 tune
1099 1286 1177 1357 iecit
1199 1283 1243 1355 de
1271 1284 1388 1356 eodem
1484 1335 1485 1342 κ

255 1406 343 1457 anno
366 1386 407 1457 ad
436 1387 623 1480 petitionem
648 1385 891 1476 Romanorum,
911 1384 1054 1479 appellat
1070 1405 1109 1458 se
1127 1383 1389 1456 ducentesimum
1484 1391 1485 1474 i

255 1485 384 1556 tertium
409 1484 466 1555 vel
494 1491 624 1557 sextum
651 1505 767 1578 papam
794 1482 955 1558 disiunote
980 1507 999 1554 a
1023 1491 1172 1578 tempore
1198 1478 1288 1553 beati
1304 1481 1389 1552 Petri

255 1581 393 1674 apostoli
411 1583 503 1676 primi
521 1603 616 1676 pape.
650 1581 730 1653 ¹llic
757 1603 898 1674 magnus
924 1579 1038 1652 docter
1060 1583 1094 1651 in
1116 1579 1306 1670 theologia„
1331 1577 1389 1652 sed

255 1687 365 1750 tamen
382 1690 529 1774 tempore
547 1681 556 1748 i
599 1681 650 1754 ius
667 1681 809 1751 maxima
831 1681 969 1752 simonia
987 1677 1074 1774 apud
1092 1675 1206 1750 sedem
1225 1677 1387 1772 apostoli-

254 1797 325 1847 cam
343 1777 530 1851 insurrexit.
594 1779 719 1850 arulum
736 1776 837 1849 lilium
854 1781 946 1870 ragis
963 1775 1122 1848 Bohemie
1145 1774 1388 1870 infrascriptum

254 1873 331 1966 eligi
342 1878 382 1945 in
405 1895 523 1968 regem
543 1875 767 1948 Romanorum
789 1885 901 1948 cenna
924 1873 1139 1946 ludewicum
1162 1883 1260 1967 prout
1288 1893 1387 1967 snpra

253 1977 450 2138 procuravit.
500 1970 577 2068 lpse
601 1983 711 2046 antem
735 1974 884 2047 insolitas
902 1983 936 2044 et
959 1970 1119 2046 inauditas
1136 1974 1388 2045 reservatiencs

229 2077 231 2084 ’
276 2067 487 2142 eneficiorum
511 2071 728 2165 quorumlibet
755 2093 817 2167 per
838 2071 1064 2144 universalem
1098 2071 1277 2143 eeclesiam
1299 2069 1387 2152 feeit,

254 2189 390 2262 quarum
407 2171 505 2240 etiam
522 2170 665 2263 reliquas
684 2173 802 2244 timens
819 2167 1009 2244 scandalum
1026 2171 1208 2241 revocavit
1246 2167 1311 2240 llic
1327 2187 1389 2240 sa·

254 2287 328 2338 cros
346 2265 499 2358 ordines„
517 2267 629 2361 plures
648 2269 745 2338 etiam
764 2268 879 2357 simulq
908 2277 1001 2339 extra
1020 2277 1158 2361 quatuor
1179 2275 1330 2361 tempora
1354 2273 1386 2334 et

254 2362 316 2433 alia
343 2362 566 2436 indifferenter
590 2375 702 2437 contra
726 2364 995 2438 consuetudinem
1021 2363 1061 2436 ab
1084 2366 1162 2437 olim
1184 2367 1218 2435 in
1245 2364 1387 2435 ecelesia

253 2471 421 2534 servatam
439 2462 572 2534 coaddit
589 2471 622 2534 el
639 2463 780 2534 conferri
797 2460 972 2535 mandavit.
1015 2461 1100 2534 Dicit
1114 2473 1226 2533 tamen
1242 2459 1389 2532 Gmllel-

254 2579 327 2630 mus
345 2561 378 2630 in
395 2558 557 2631 Rationali
573 2557 627 2630 lib.
646 2563 690 2632 vi.
710 2563 743 2632 in
759 2562 919 2656 proemio,
937 2571 970 2631 et
987 2569 1084 2634 sexto
1102 2559 1192 2632 titulo
1209 2558 1253 2630 de
1272 2557 1387 2632 sabato

254 2658 378 2729 mensis
396 2659 537 2824 slpptimi
555 2656 641 2752 qucd
658 2656 844 2753 Simplicius
864 2679 947 2753 papa
972 2661 1004 2731 in
1021 2655 1187 2728 februario
1204 2655 1389 2728 celebravit

254 2775 368 2827 sacros
386 2775 406 2826 c
446 2757 532 2844 ines,
553 2765 586 2825 et
602 2759 711 2828 statuit
728 2753 899 2828 celebrari.
950 2753 1013 2828 llic
1029 2754 1180 2849 deposuit
1196 2753 1387 2826 Heinricum

254 2847 535 2947 arehiepiscopum
562 2850 791 2945 Mogontinum
816 2856 1090 2948 suprascriptum
1119 2863 1152 2923 et
1179 2855 1278 2924 etiam
1304 2851 1388 2922 duos

254 2947 483 3040 suffraganeos
502 2948 651 3023 eiusdem
668 2953 859 3045 provincie5
882 2961 1014 3048 propter
1040 2953 1307 3024 reservationem
1330 2972 1391 3046 per

253 3047 360 3138 ipsum
377 3043 508 3137 iactam
525 3046 681 3119 videlieet
697 3048 919 3122 Eistetensem
944 3059 978 3120 et
999 3047 1252 3141 Angnsicnsem
1278 3047 1389 3143 depc-

253 3145 328 3234 suit,
347 3151 381 3215 et
397 3143 469 3217 aliis
487 3143 529 3214 de
547 3143 597 3218 his
615 3145 765 3220 ecclesiis
783 3145 937 3240 providit7
954 3157 990 3217 nt
1006 3171 1034 3218 o.
1052 3149 1071 3217 i.
1090 3147 1244 3219 invenies
1274 3156 1309 3217 et
1325 3169 1391 3220 su-

252 3260 311 3332 pra
329 3243 472 3332 tangitur
490 3251 623 3336 propter
649 3243 827 3338 predictam
853 3244 1046 3316 electionem
1070 3242 1181 3314 Karoli
1205 3241 1391 3315 celebran-

252 3335 337 3408 dam.
374 3335 417 3408 Et
433 3339 575 3432 providit
591 3338 633 3410 de
650 3340 768 3414 eadem
785 3342 928 3414 ecelesia
940 3340 1071 3414 domino
1084 3337 1227 3412 Gerlaco
1244 3340 1391 3412 adoles-

253 3438 336 3505 centi
370 3432 436 3506 lilio
466 3434 596 3509 Gerlaci
628 3441 753 3512 comitis
790 3438 832 3510 de
863 3437 1039 3513 Nassawe.
1090 3435 1133 3510 Et
1165 3447 1242 3510 tunc
1270 3441 1393 3510 iterum

253 3551 408 3624 magnum
426 3532 569 3608 schisma
587 3535 620 3606 in
638 3536 728 3608 clero
753 3547 786 3608 et
808 3536 929 3632 populo
947 3536 1087 3611 diocesis
1104 3533 1393 3628 moguntinensis,

251 3631 350 3700 immo
368 3628 526 3704 desolatio
543 3635 687 3704 omnium
705 3645 908 3724 castrorum,
931 3637 1142 3706 munitionum
1170 3641 1203 3706 et
1219 3632 1392 3706 hominum

251 3725 401 3798 eiusdem
429 3729 572 3803 ecclesie
605 3730 869 3822 Mogontinensis
898 3735 1086 3807 insurrexit.
1137 3729 1221 3802 Nam
1256 3731 1392 3826 qnidam

252 3827 428 3897 eanonicus
446 3827 588 3900 ecclesie
605 3825 869 3920 Mogundnensis
888 3828 991 3902 dietus
1009 3828 1051 3900 de
1069 3827 1202 3918 Kirkel,
1220 3851 1392 3924 precura-

251 3931 302 3992 tnr
318 3925 350 3993 in
368 3923 599 4018 temporalibus
618 3926 760 3999 ecclesie
776 3927 881 4000 factm
899 3950 960 4021 per
976 3925 1164 3998 lleimicum
1182 3926 1385 4021 depositum,

251 4030 365 4114 eaptus
391 4021 449 4092 luit
478 4044 539 4116 per
561 4022 679 4096 iratres
703 4021 833 4096 Gerluoi
857 4023 1109 4119 archiepiscopiq
1135 4035 1269 4119 propter
1293 4021 1382 4118 quod

252 4115 432 4194 adirescres
447 4123 517 4194 eius
536 4123 722 4195 comitatum
744 4122 871 4196 illorum
896 4121 938 4194 de
957 4121 1124 4196 Nassawe
1148 4121 1387 4196 destnrxerunt

251 4214 410 4290 incendiis
429 4227 461 4288 ct
478 4221 609 4314 rapinis.
647 4218 793 4292 Tandem
811 4219 866 4292 ille
885 4217 926 4292 de
944 4219 1057 4293 Kirkel
1073 4244 1092 4292 a
1110 4223 1296 4316 captivitate
1328 4216 1384 4286 di-
