2882 4818
368 216 861 278 unuurousunoussnnovm.
1100 218 1170 294 115

48 393 152 482 „violis
163 389 505 470 uitumoattualom
514 395 614 484 igitur
623 391 1095 485 eorruptelnmpropternelum
1107 413 1170 485 quo
1188 405 1256 462 teos

47 511 141 581 „ergo
152 489 287 560 domum
305 489 359 560 dei
376 489 533 562 affioimur
541 487 780 562 noumodiurm
790 487 1006 578 detestantes,
1023 499 1169 561 nostrum

46 587 215 678 „dieotum
232 585 380 658 studiose
398 585 549 660 duximus
567 585 818 674 exhortandum,
835 597 872 656 ut
888 608 988 679 super
1005 585 1065 658 hiis
1083 589 1169 656 eirca

46 687 160 774 „ntum
179 693 216 754 et
231 705 344 754 mores
354 683 553 777 prelatorum
567 695 599 754 et
617 684 810 755 elericorum
822 706 862 753 oo
874 681 1169 755 ecelesiastioorum

45 803 279 875 „porsonamm
312 801 374 853 sue
406 785 576 874 proviuoie
615 781 697 852 velit
735 780 948 852 elleouruliter
980 779 1171 875 providere,

44 877 205 970 „rebelles
229 888 264 950 et
286 881 320 948 in
343 887 439 949 antea
462 877 645 951 huiusmodi
667 878 827 951 lasoiviis¹
854 889 888 949 et
909 875 1096 950 levitatibus
1113 881 1170 950 in-

44 975 219 1065 „lerentes
229 973 394 1048 admones
405 978 506 1048 vitam
524 985 557 1046 et
572 977 859 1048 conversationem
877 973 1070 1064 laudabiles
1089 979 1172 1048 siout

45 1073 102 1162 „etl
117 1077 193 1146 eius
213 1083 341 1166 spernat
357 1071 509 1160 omnum,
533 1072 770 1167 compellendo.
791 1073 998 1167 Requirimus
1016 1075 1121 1143 eciam
1139 1081 1173 1142 et

44 1191 237 1258 „monemus
253 1168 435 1263 prediorum
451 1173 641 1264 episeopum
657 1169 957 1259 Constantiensem,
982 1181 1016 1242 ut
1033 1168 1075 1240 ad
1091 1191 1172 1240 oor-

44 1273 242 1355 „reotiouom
249 1267 447 1360 prelatorrun
455 1289 581 1340 morum
591 1279 625 1340 et
634 1270 703 1340 vite
710 1267 903 1340 olerioorum
913 1278 948 1338 et
956 1287 1172 1362 personarum

44 1367 543 1458 „wolesinstioonrmuuiusque
555 1387 659 1438 sexus
670 1386 731 1438 sue
742 1363 957 1458 tyoouonst
974 1385 1172 1456 assurgens„

45 1465 169 1548 „omnia
195 1465 231 1532 in
252 1464 425 1554 premissis
444 1463 477 1532 in
494 1459 604 1534 habitu
621 1466 689 1534 vita
706 1459 850 1535 moribus
868 1464 1122 1536 eonversatione
1139 1471 1174 1533 et

43 1559 226 1653 „exemplis
245 1579 382 1652 pensos
400 1571 507 1631 arata
524 1559 691 1650 reformor,
710 1570 743 1631 et
758 1562 792 1632 io
809 1569 928 1632 statum
945 1559 1073 1650 redigat
1090 1561 1173 1632 siout

43 1657 180 1744 „melius
205 1659 325 1748 poterit
347 1655 542 1746 salutarem,
566 1660 672 1728 amieo
693 1679 760 1728 non
783 1678 937 1750 parcens,
961 1659 1084 1751 potenti
1106 1677 1172 1726 non

43 1751 234 1840 „defensum
258 1774 323 1824 noo
339 1755 489 1824 timorem
506 1756 633 1826 iusu'oio
649 1757 683 1824 in
698 1751 762 1824 huo
777 1763 870 1847 parte
887 1776 947 1848 pre
991 1775 1088 1844 neus,
1113 1750 1173 1826 sed

43 1853 168 1942 „potius
180 1847 942 1945 oontrotliotoresatquereltellesadhoopersu
964 1853 1173 1924 suaotionom

43 1947 249 2035 „reddituum
260 1956 294 2017 ot
303 1947 465 2018 lruotuum
473 1948 912 2020 suorumeoolesiastioorum
922 1948 1066 2022 distriote
1076 1969 1174 2019 oom-

43 2045 207 2136 „pattena
225 2041 333 2115 donee
343 2043 417 2116 talia
428 2048 586 2116 universa
598 2044 799 2116 sullloienter
809 2045 998 2136 emendent,
1012 2055 1045 2115 et
1056 2044 1097 2116 de
1108 2067 1174 2115 non

42 2139 341 2232 „uansgrediendo
362 2143 397 2211 in
421 2139 482 2212 hiis
506 2141 641 2213 ulterius
658 2140 809 2213 idoneam
828 2151 860 2212 et
881 2143 1096 2214 sufficientem
1114 2138 1174 2214 sibi

43 2239 563 2330 „pruffltorintoauoionemoum
574 2237 758 2330 indigueris
770 2239 862 2311 altori
872 2241 1172 2334 vivatquiminis-

42 2332 319 2422 „umeoltnriltus
331 2331 504 2408 onmesoit
522 2335 681 2426 llinoest
699 2333 785 2430 quod
797 2335 1174 2408 devocionemvestrom

42 2435 194 2520 „seriose
203 2435 399 2526 requirimus
417 2442 453 2503 et
466 2430 633 2504 hortamur
653 2441 788 2521 attenta
805 2443 966 2527 quotems
977 2431 1174 2504 antedictum

42 2527 354 2619 „constantiensem
372 2532 562 2624 episeopum
578 2533 702 2604 vestris
719 2529 761 2600 ad
776 2527 840 2601 hoo
855 2541 970 2602 tenere
987 2529 1130 2602 oonsiliis
1142 2535 1177 2602 et

43 2625 224 2714 „inducere
246 2627 374 2698 iusticie
398 2649 438 2698 ao
462 2636 576 2698 nostre
599 2625 868 2700 oonsiderutionis
890 2631 1004 2700 mann
1028 2627 1176 2719 diligen·-

42 2725 191 2810 „tissime
204 2721 375 2813 studeatis,
385 2733 421 2794 ut
430 2733 519 2796 tanto
529 2723 713 2796 ferventius
723 2726 894 2819 premissis
905 2723 1175 2797 omnibusrefor-

43 2819 194 2908 „mandis
206 2820 369 2912 invigilet,
381 2830 415 2891 et
424 2841 487 2894 vos
499 2825 603 2892 eciam
614 2844 677 2892 uno
690 2843 764 2893 oum
774 2823 845 2914 ipso
857 2823 1032 2914 invigilare
1042 2825 1176 2910 oureus,

42 2927 188 3011 „qanto
200 2919 398 3012 propensius
408 2927 519 2990 monto
528 2915 830 3014 proponttonilrust
849 2922 877 2992 si
893 2923 1001 3014 ipsum
1018 2930 1051 2991 et
1066 2939 1130 2991 vos
1141 2921 1177 2989 in

43 3013 127 3104 „liis
142 3017 373 3088 invenerimus
383 3015 609 3108 negligentes,
620 3037 714 3089 suum
725 3025 937 3111 vestramque
950 3028 983 3088 et
996 3014 1177 3088 eorundem

43 3111 270 3205 „prelatorum
279 3111 473 3184 olerioorum
484 3123 517 3184 et
528 3134 744 3208 personarum
755 3114 1051 3188 eeclesiastioarum
1061 3111 1177 3202 negli-

44 3211 223 3300 „genuam
240 3217 276 3280 et
291 3229 467 3300 exeussus,
491 3231 629 3304 prorum
645 3213 787 3282 morum⁵
806 3221 839 3282 et
855 3215 957 3283 vitam
979 3231 1046 3282 non
1070 3209 1176 3283 solum

44 3303 164 3397 „nichil
175 3304 342 3396 eumont,
353 3305 414 3378 sed
422 3310 528 3398 magis
535 3306 816 3382 vitamtlestruunt
825 3307 1178 3399 aliorummtlsanotis-

45 3405 141 3490 „simi
157 3405 260 3498 patris
278 3407 380 3478 nostri
397 3403 517 3476 domiui
538 3427 581 3507 pa
643 3404 791 3499 perferre
814 3407 977 3496 notioimn,
1001 3417 1036 3478 et
1050 3407 1177 3490 interim

44 3497 267 3594 „principibus
291 3501 411 3572 nostris
436 3501 577 3573 secular'
600 3523 640 3574 us
663 3504 697 3572 in
720 3505 947 3598 episeoporum
971 3513 1004 3574 et
1030 3513 1179 3577 vestrum

46 3595 237 3684 „delectum
246 3595 327 3668 dare
338 3595 701 3688 seriosisinmautlatis‚
711 3609 747 3670 ut
757 3598 1135 3674 demriversisfruotibus
1146 3607 1180 3669 et

46 3690 249 3786 „prebendis
259 3694 457 3788 prelatorum
474 3704 509 3766 et
525 3695 822 3768 aeoleslastioarum
832 3717 1047 3792 personarum
1059 3696 1180 3768 huius-

48 3788 157 3876 „modi
180 3811 222 3862 se
245 3793 393 3884 protinus
416 3795 638 3882 intromittant,
661 3815 701 3865 ao
723 3797 903 3888 pereipiant
925 3804 959 3865 et
981 3801 1181 3867 oonservent

47 3887 222 3976 „eosdem
247 3885 355 3960 donee
370 3910 430 3982 per
451 3891 560 3983 ipsum
576 3887 743 3961 danninum
758 3913 876 3985 popam
894 3893 1068 3985 responsio
1085 3887 1180 3961 nobis

49 3987 227 4075 „extiterit
250 3984 328 4078 quid
343 4007 419 4057 oum
442 3985 552 4058 tulitum
575 4009 792 4080 personarum
812 3992 978 4082 oooupotis
994 4007 1056 4081 per
1072 4008 1131 4058 eas
1150 3996 1183 4057 et

50 4079 160 4167 „male
168 4080 312 4156 detentis
321 4103 381 4154 seu
391 4086 519 4158 invasis
526 4082 942 4159 ecelesiastoisrelditihus
954 4087 996 4160 sit
1005 4082 1182 4180 agendum.

89 4215 287 4283 lJlnnnirislrs.
324 4219 356 4288 2)
369 4221 583 4294 proposuimus?
618 4223 649 4292 3)
664 4222 754 4280 lltifler
769 4241 866 4280 mores.
934 4295 973 4349 8*
