3014 4822
272 231 344 303 474
601 227 754 288 imaum
773 229 826 286 sm
841 229 1073 288 nummuoms.

188 410 437 499 lamoensium
461 407 537 479 olim
554 409 587 478 in
610 405 698 478 bello
712 405 952 480 Mediolanensi
973 413 1130 502 neptuim'„
1156 405 1245 502 apud
1260 407 1404 482 lienum

273 507 438 584 civitatem
457 506 577 600 Apulis
599 508 632 576 in
657 505 720 576 alta
744 516 835 576 turne
857 505 1040 600 suspendit
1064 508 1221 576 vestitum
1244 510 1350 593 eonio.
1372 519 1405 580 ut

272 601 418 676 cadaver
426 627 468 676 eo
478 603 601 674 tardius
612 613 819 697 puuesoateu
830 604 1052 697 spectaculum
1063 602 1330 697 pretereuntibus
1341 605 1403 678 fiat
1490 627 1491 640 ³

320 701 397 798 lpso
413 723 500 774 auno
518 700 726 774 Coloniensis
744 700 1023 795 anmiepiscopus,
1048 702 1186 774 oolleoto
1204 705 1356 774 exercitu
1373 713 1405 774 et
1490 689 1491 764 l

272 805 392 873 civium
411 799 654 873 Coloniensium
672 798 876 870 multitudine
894 798 1088 889 madenam,
1113 809 1259 870 eastmm
1276 800 1404 894 Tulpa·
1490 803 1491 808 ’

265 909 338 972 tum
350 896 486 968 obsidet.
514 897 728 971 Advemaniis
743 899 947 985 intensus,
965 896 1403 970 seilicetoomiteluliaceusi
1490 941 1491 944 =

272 1008 306 1068 et
322 993 515 1090 quibusdem
531 993 692 1066 nobilibus
715 1004 817 1084 terre,
844 1005 956 1066 eontra
973 998 1080 1088 ipsum
1096 997 1241 1068 militiam
1262 996 1404 1070 validam

271 1092 505 1166 adducentibus
522 1097 710 1164 interventu
727 1092 930 1186 quorundam
948 1103 1067 1184 treuge
1083 1096 1324 1182 interveniunt„
1341 1117 1404 1188 pon
1490 1167 1491 1170 ,

271 1197 373 1264 lunata
399 1191 571 1281 sigilletur,
595 1189 656 1262 sed
679 1189 829 1262 diutuma
852 1213 919 1262 uon
937 1193 1064 1276 existit3
1088 1189 1176 1262 unde
1193 1189 1403 1266 Coloniensis
1490 1281 1491 1284 Ἴ

272 1289 537 1382 archiepiscopus
559 1286 687 1358 obsidet
709 1299 852 1359 castrum
869 1287 977 1358 Bnuoh
998 1310 1099 1381 super
1114 1287 1238 1359 liuram
1257 1290 1402 1360 fluvium.

271 1387 343 1474 Quo
360 1397 508 1479 tempore
520 1384 692 1457 Comedus
706 1384 790 1457 filius
808 1389 1026 1480 imperatoris,
1044 1389 1188 1479 apauoie
1206 1384 1403 1480 principibus

271 1489 304 1556 in
332 1505 449 1575 regem
473 1483 697 1554 Romanorum
726 1483 864 1572 electus5
892 1482 1050 1554 leodium
1075 1487 1180 1570 venit
1207 1492 1242 1555 el
1269 1482 1347 1554 inde
1373 1487 1404 1554 io

271 1581 576 1675 ramispalmarum
604 1583 687 1674 [apr.
706 1581 745 1672 8]
771 1579 940 1652 Coloniam
965 1581 1106 1652 veniens
1129 1585 1215 1652 inter
1238 1579 1404 1652 dominum
1490 1573 1491 1666 l

272 1679 503 1751 Colonieosem
522 1687 557 1748 et
572 1677 698 1749 nobiles
724 1689 813 1750 terne
838 1683 909 1750 eius
933 1677 1145 1750 adversarios
1172 1687 1312 1768 treugas
1330 1676 1405 1750 belli
1490 1669 1491 1736 l

272 1780 381 1850 statuit
406 1799 512 1870 usque
531 1773 767 1870 pentheooslen
793 1777 872 1866 [iun.
893 1775 957 1867 3]ἢ
980 1787 1057 1848 luno
1080 1775 1166 1868 apud
1184 1775 1403 1848 Fraulueul‘urt
1490 1739 1491 1814 1

271 1877 423 1948 iustitiam
441 1872 584 1966 pontibus
602 1873 760 1963 lecturus
781 1878 809 1946 si
827 1895 886 1946 eos
904 1897 970 1945 non
988 1873 1213 1944 ooneonderel.
1245 1873 1330 1945 llluo
1346 1898 1402 1946 ar-

272 1971 483 2066 ehiepisoopo
499 1992 566 2042 uon
583 1973 740 2042 veniente
758 1971 818 2043 sed
842 1972 1055 2066 responsales
1080 1973 1227 2044 mittente
1242 1994 1320 2060 rex,
1342 1995 1402 2043 re-

272 2069 445 2162 sponsales
463 2090 530 2140 non
549 2079 705 2164 reputans
731 2069 882 2158 idoneos,
905 2073 1081 2140 occasione
1100 2069 1174 2141 talis
1198 2079 1401 2162 eontemptas

137 2177 139 2182 ’
271 2167 347 2238 lieet
363 2165 533 2238 videretur
549 2165 748 2238 excusabilis
766 2171 873 2238 minus
891 2165 1099 2260 probabiliter
1116 2165 1321 2239 adversariis
1339 2190 1401 2238 au-

271 2263 384 2336 xilium
408 2263 581 2357 impendil3
605 2275 802 2358 quopropter
825 2261 946 2336 bellum
970 2263 1182 2344 neuroidesoit
1219 2263 1300 2336 Dux
1316 2263 1402 2336 Bra·-

271 2361 422 2433 lmntinus
446 2361 581 2434 oolleote
606 2383 704 2431 mauu
724 2365 856 2454 eopiosa
881 2385 955 2432 oum
980 2361 1063 2434 duee
1087 2361 1128 2432 de
1146 2360 1354 2434 Nanscedio²
1372 2371 1404 2432 et

271 2461 379 2531 multis
405 2469 470 2529 tam
488 2457 621 2530 Gallicis
648 2481 744 2552 quam
764 2458 973 2533 Theuloniois
999 2469 1140 2531 castrum
1168 2457 1403 2553 arehiepiseopi

271 2554 454 2628 Leohenioh
478 2555 622 2642 obsidet„
651 2555 881 2628 assistentibus
906 2556 966 2630 sibi
987 2554 1113 2628 oivibus
1133 2555 1352 2650 Aquensibus
1371 2567 1404 2627 et

272 2655 342 2726 aliis
361 2651 591 2748 imperialibus.
618 2653 748 2725 lolenea
767 2655 885 2726 milites
904 2658 1028 2726 comitis
1046 2651 1088 2724 de
1101 2651 1216 2726 Monte
1233 2677 1312 2726 oum
1328 2659 1403 2751 quui-

272 2751 408 2823 busdam
428 2754 632 2845 imperatoris
655 2749 838 2823 hominibus
864 2751 1022 2823 adiunctis
1039 2749 1219 2844 presidium
1236 2751 1403 2848 arehiepi-

272 2853 363 2942 soopi
380 2853 468 2918 iuxta
482 2847 635 2918 liedeme
653 2847 816 2920 {innatum
832 2852 965 2942 inopino
981 2850 1102 2920 insultu
1119 2871 1180 2943 pen
1191 2848 1303 2922 dolum
1320 2851 1403 2924 isoio

272 2950 402 3040 oapiunt
413 2955 446 3016 el
457 2944 595 3016 diruunt.
623 2945 901 3040 Anohiepisoopos
916 2957 1037 3032 eutem,
1054 2945 1128 3040 plus
1147 2949 1403 3036 magnanimitati

272 3045 367 3116 solite
384 3064 480 3136 quem
498 3045 624 3114 ratione
641 3047 758 3136 previe
777 3047 811 3114 in
828 3043 891 3116 hoo
908 3067 987 3116 oasu
1004 3043 1195 3136 indulgens„
1217 3067 1403 3136 aggressus

273 3141 411 3214 dillioilia
430 3141 529 3212 villss
558 3145 642 3213 eirea
671 3151 813 3213 oestrum
830 3137 983 3214 Beusbun
1001 3163 1076 3213 oum
1092 3139 1192 3216 valde
1216 3145 1335 3236 paoem
1352 3147 1404 3214 in-

273 3238 391 3327 oendit
416 3237 478 3310 sed
495 3263 515 3308 a
533 3237 757 3311 castrensibus
774 3243 1017 3311 oinoumveutus
1037 3243 1070 3310 in
1089 3239 1221 3312 maxilla
1240 3241 1404 3314 vulnera-

273 3348 333 3408 tur.
359 3335 435 3429 lpse
447 3359 531 3406 veno
545 3337 671 3408 sortiter
686 3337 898 3410 adversarios
919 3340 1116 3432 reprimens,
1135 3339 1205 3408 suis
1225 3336 1289 3408 sibi
1311 3357 1404 3434 opem

272 3443 461 3506 oonstanlen
484 3431 687 3524 ferentibus7
714 3457 781 3506 non
807 3437 879 3507 sine
903 3434 1022 3506 damno
1043 3433 1248 3530 quorundam
1271 3457 1405 3510 suomm

272 3531 391 3602 emolit.
428 3529 609 3624 Statimque
628 3541 703 3625 post
727 3531 789 3602 hec
812 3535 948 3604 transito
971 3530 1102 3622 llhono5
1126 3535 1221 3625 quasi
1246 3555 1315 3605 non
1341 3539 1405 3607 im-

272 3650 399 3699 memor
419 3632 539 3722 antiqui
556 3634 621 3700 imo
641 3633 784 3700 neeentis
802 3631 963 3716 vomens„
984 3652 1074 3700 arma
1092 3633 1190 3722 oepit,
1210 3653 1310 3723 mom
1327 3632 1407 3726 pln-

271 3729 372 3798 timos
386 3729 476 3797 iuxta
490 3723 578 3796 aliud
591 3737 734 3797 oastnum
746 3726 903 3797 Bedebun
915 3749 989 3798 eum
1007 3749 1110 3818 parva
1131 3749 1229 3798 mauu
1250 3728 1407 3800 auduus

271 3824 438 3910 assiliens
465 3821 519 3892 ubi
540 3823 741 3895 Fn‘derioum
763 3823 805 3894 oe
824 3823 1079 3916 Ryitersehetdu„
1103 3824 1271 3898 dominum
1296 3829 1406 3912 castri

272 3925 379 3992 vinum
399 3920 541 3992 nobilem
566 3929 598 3991 et
621 3941 820 4014 pugnacem
843 3922 984 3992 letaliter
1007 3923 1215 3994 vulneratum
1239 3935 1275 3995 et
1293 3925 1406 4018 plores

272 4017 366 4106 alios„
392 4020 468 4090 lieet
485 4017 648 4090 laboriose
669 4041 780 4111 pugno
801 4029 908 4089 tamen
927 4029 1060 4113 propter
1077 4041 1252 4092 numerum
1270 4041 1406 4094 suorum

308 4167 337 4235 1)
350 4167 425 4223 Peter
437 4167 558 4293 Tlepolo,
577 4167 713 4238 gelangen
727 4168 753 4225 in
768 4169 816 4225 deu·
828 4169 945 4225 sohloohl
959 4169 1002 4225 boi
1017 4171 1186 4226 Conlonuova
1204 4169 1274 4226 1237
1287 4187 1346 4226 nov.
1360 4149 1404 4225 27

271 4237 303 4305 2)
322 4237 394 4294 wohl
413 4254 466 4293 uon
508 4253 584 4308 ancy,
603 4238 628 4293 (l.
648 4239 673 4293 h.
694 4239 954 4310 (ibon-lothringiam.
