2882 4818
449 292 540 352 nuco
555 293 804 352 11111111111111.
1122 297 1193 370 137

63 467 241 540 Videbatur
258 491 382 564 nempe
400 467 473 560 sibi,
492 467 578 564 quod
590 469 703 541 similis
715 465 956 540 ioretSamueli
968 468 1098 539 etAhie
1110 493 1193 562 pro-

62 567 171 662 plcu'm
190 571 246 661 qui
265 567 373 638 adhuc
389 565 578 638 viventibus
595 566 732 657 regibus
749 564 931 660 reprobatis
949 567 1030 636 alios
1048 569 1080 637 in
1099 569 1193 638 iutu-

62 690 107 740 1111
123 687 233 756 reges
252 663 433 756 eligebant
451 676 598 759 utsupra
615 669 716 758 patuit
734 663 915 735 evidenter.
942 662 1008 734 Sed
1021 663 1082 735 sub
1095 664 1193 736 dubio

62 775 103 835 est
127 767 203 858 quis
222 763 281 834 vel
304 764 410 856 qualis
433 763 507 836 finis
531 765 573 834 sit
597 769 795 836 secuturus.¹
833 765 915 849 outa
933 784 1015 855 sepe
1038 762 1192 835 voluntas

62 883 216 956 paparum
233 861 341 930 iuerat
359 861 513 933 frustrata
532 871 567 930 ut
583 871 672 954 patet
688 860 751 932 illis
771 863 824 954 qui
834 859 1014 954 Speculum
1025 860 1193 934 Historia-

62 983 124 1031 rum
143 969 178 1028 et
197 959 281 1030 alias
299 961 447 1030 cronicas
465 958 619 1030 diversas
637 959 813 1051 perfectius
832 956 1047 1029 intuebantur.

101 1061 243 1127 ll...tcra
261 1059 397 1147 „astruo
415 1056 477 1128 Hic
495 1054 662 1147 subiungit
676 1055 867 1149 autorquotl
877 1079 937 1149 pre
948 1058 1068 1126 ceteris
1080 1056 1193 1127 archi-

63 1158 222 1252 episcopis
241 1164 275 1225 et
292 1158 454 1248 episcopis
471 1154 580 1225 littere
598 1155 789 1226 asolutionis
814 1177 833 1224 a
859 1152 990 1225 domino
1007 1176 1091 1248 papa
1109 1154 1193 1227 Cle-

63 1263 165 1324 mente
178 1261 278 1324 scuto
290 1251 350 1322 sub
363 1250 450 1324 bulla
464 1250 749 1323 dominoFridrico
760 1249 1192 1345 cpiscopoBabenbergensi

63 1352 245 1444 specialiter
262 1349 530 1422 committebatur.
566 1351 627 1436 Qui
646 1348 707 1421 sub
725 1369 812 1419 anno
829 1347 950 1418 domini
964 1349 1191 1420 m.cco.xl.viii.

63 1459 131 1520 unte
148 1447 271 1518 festum
289 1447 520 1542 purificationis
539 1457 654 1519 sancto
671 1445 776 1516 Marte
793 1469 866 1517 cum
885 1446 1053 1538 sepedicto
1070 1446 1192 1518 Karolc

63 1569 141 1636 rege
157 1547 303 1616 venitin
321 1545 450 1616 Ulmam
468 1547 635 1617 civitatem
654 1543 915 1615 Constantiensis
934 1544 1109 1636 dyocesis,
1127 1542 1192 1614 ab·

64 1641 223 1715 solvendo
241 1640 362 1712 ibidem
379 1647 519 1713 etetiem
531 1646 564 1712 in
576 1641 647 1712 aliis
659 1641 741 1712 locis
753 1641 902 1712 donrinos
913 1651 1001 1712 terre
1015 1645 1193 1735 ctinsuper

63 1743 196 1812 clericos
220 1740 394 1814 seculares
417 1751 450 1811 et
472 1739 648 1830 religiosos
673 1750 706 1809 et
732 1736 863 1832 plebem
887 1742 1055 1832 utriusque
1088 1761 1191 1812 sexus

63 1843 199 1912 iuvenes
224 1841 375 1928 virgines
400 1859 500 1910 senes
525 1860 599 1908 cum
622 1835 814 1908 mulieribus
838 1840 1061 1930 cuiuscunque
1088 1847 1192 1908 status

65 1959 121 2008 seu
139 1933 341 2007 condicionis
358 1933 508 2008 nissam.
536 1933 604 2006 lllis
622 1945 732 2005 autom
749 1937 802 2028 quui
816 1932 1075 2006 absolvebantur
1084 1933 1192 2005 dabu-

64 2045 111 2104 tor
126 2033 230 2105 lorma
258 2032 384 2104 iurandi
407 2032 448 2103 ad
471 2043 585 2104 sancta
610 2031 663 2102 dei
681 2033 858 2122 evangelia
877 2041 1005 2125 sumpta
1033 2055 1078 2102 ex
1105 2031 1192 2102 bulla

64 2131 165 2225 papali
182 2130 366 2202 secundum
383 2141 532 2200 tenorem
549 2129 633 2200 inira
652 2132 816 2221 scriptum.
850 2128 922 2199 Nec
939 2132 1108 2222 quisquam
1126 2127 1192 2200 ab·

65 2226 250 2299 solvebatur
267 2231 330 2298 nisi
348 2231 437 2321 prius
454 2249 515 2321 per
533 2251 572 2300 se
589 2227 646 2299 vel
664 2247 724 2319 per
734 2237 918 2298 curatorem
933 2225 1099 2320 ydoneum
1115 2225 1192 2298 sul-

65 2326 206 2396 lin'enter
223 2327 415 2398 instructum
433 2328 568 2412 iuraret
586 2323 729 2394 eundem
747 2335 895 2396 tenorem
908 2345 1094 2418 peromnes
1107 2327 1192 2394 arti-

66 2425 150 2493 culos
173 2420 236 2495 sibi
254 2424 435 2516 implicatos
459 2445 498 2494 sc
518 2421 594 2493 dolo
612 2431 646 2492 et
663 2420 779 2494 [raude
798 2426 932 2493 semotis
958 2423 1087 2513 penitus
1112 2443 1192 2492 ser-

67 2531 219 2591 vaturum.
247 2520 402 2614 Sequitur
417 2531 513 2591 tenor
529 2519 750 2608 articulorum„
769 2542 850 2613 quos
869 2519 978 2589 clerici
995 2519 1141 2609 religiosi
1160 2529 1193 2588 et

68 2618 228 2691 seculares
247 2617 395 2688 iurabant
412 2637 452 2689 se
469 2627 683 2689 servaturos:
708 2615 783 2709 Ego
802 2617 960 2688 confiteor
974 2639 1027 2686 mc
1045 2619 1192 2687 tenuisse

68 2725 98 2784 et
116 2727 229 2786 tenere
248 2713 347 2784 fidem
370 2707 623 2786 katholicam'et
648 2715 786 2785 credere
812 2725 844 2785 ct
865 2725 980 2785 tenere
1006 2736 1068 2806 quc
1090 2713 1193 2784 credit

69 2823 148 2884 tenet
169 2823 205 2884 et
226 2811 325 2884 docet
347 2823 460 2884 sancta
484 2822 589 2883 mater
612 2813 752 2884 ecclesia
778 2855 820 2862 —-
852 2813 909 2882 vel
934 2834 1048 2882 coruum
1073 2809 1191 2904 aliquid

71 2911 193 2983 ulterius
210 2910 343 2997 lacere3
359 2921 470 2980 contro
482 2913 698 2980 iuramentum
709 2933 769 3003 per
781 2931 834 2979 me
846 2913 1014 3003 prestitum
1026 2907 1192 2980 veniendo

71 3010 99 3076 in
116 3008 275 3100 predictas
295 3011 475 3078 sententias
493 3006 670 3077 reincidam
684 3009 756 3102 ipso
769 3009 865 3078 lacto.
890 3007 1009 3077 Datum
1025 3009 1192 3076 Avinicne

72 3107 107 3172 iii.
116 3103 364 3176 kal.decembris
374 3104 689 3198 pontificatusnostri
702 3115 892 3176 annosexto
906 3103 1018 3192 [1347
1026 3123 1103 3172 nov.
1114 3100 1190 3189 29].

74 3199 163 3274 Laicis
180 3201 358 3293 legebatur
375 3213 470 3272 tenor
479 3203 657 3273 litterarum
669 3200 924 3295 subscriptarum
935 3223 1032 3294 quem
1044 3196 1191 3268 iurabant

75 3319 107 3367 se
121 3304 187 3371 sinc
204 3299 280 3372 dolo
301 3310 336 3371 et
351 3299 467 3370 fraude
484 3299 619 3371 firmiter
635 3311 837 3372 servaturos.

107 3445 131 3512 l]
145 3449 188 3503 der
200 3449 265 3504 veri.
281 3465 355 3503 muss
377 3449 433 3504 also
455 3447 524 3502 noch
548 3449 637 3502 lutther
654 3447 833 3573 §eschrieben
854 3447 949 3517 huben,
969 3447 1007 3502 uls
1022 3447 1081 3504 llarl
1098 3447 1141 3504 lV.
1157 3447 1191 3502 im

79 3519 177 3576 esschen
192 3519 321 3589 belestigt
335 3536 401 3587 war,
416 3519 472 3575 also
489 3519 557 3574 noch
572 3535 623 3574 vor
638 3519 661 3573 l'
672 3521 715 3575 50.
