2946 4822
251 243 324 324 222
551 241 715 302 namma
735 243 1077 302 mawamunemsrs.

253 446 313 496 eos
331 425 483 514 totaliter„
501 445 566 494 non
583 426 615 493 in
626 433 731 517 parte,
748 433 844 516 prout
861 423 956 518 aliqui
975 425 1144 516 sapientes
1155 432 1191 493 et
1200 415 1393 517 probissimi

252 543 328 592 eum
352 543 453 617 posse
481 533 514 593 ct
540 520 662 592 debere
687 520 906 592 decernerent
928 523 1018 591 iuxta
1041 521 1183 592 litteram
1208 521 1391 591 concionis

252 621 388 715 Propter
405 620 490 714 quod
516 623 632 691 iterum
655 623 741 690 inter
764 618 928 713 predictos
947 616 1136 689 Conradum
1154 629 1189 690 et
1205 617 1390 688 Iohannem

252 729 286 788 et
302 741 416 789 ecmrn
434 719 610 812 complices
629 738 736 808 mave
755 715 945 789 scandalum
963 726 1014 788 est
1035 715 1218 788 subortum.

310 817 477 886 Veniente
494 825 603 886 autem
621 815 684 886 illis
703 812 817 886 diebus
838 811 951 903 [1338
964 816 1071 904 marn]
1090 813 1276 886 Ludowico
1293 818 1392 910 prin-

251 918 324 1008 cipe
338 912 591 1003 columbarium.
609 910 744 1007 predicti
756 912 1015 1004 Argentinensis
1033 911 1274 985 etBasiliensis
1294 915 1391 1006 epis-

251 1015 324 1105 copi
341 1015 447 1105 ipsum
466 1033 541 1082 cum
560 1032 683 1102 magna
708 1019 907 1081 armatorum
930 1009 1133 1082 mudtitudine
1156 1019 1390 1084 accesserunt.

252 1109 390 1203 qualiter
417 1111 503 1180 circa
530 1110 814 1200 Argentinensem
843 1117 949 1179 actum
985 1117 1036 1179 est
1071 1117 1281 1182 enarrantes.
1331 1107 1391 1180 llle

252 1217 374 1295 autern.
393 1207 550 1279 simulans
568 1228 607 1280 se
625 1206 751 1295 dolere7
769 1205 810 1275 ad
829 1204 1065 1276 adtrahendum
1083 1227 1143 1280 ecs
1162 1228 1225 1279 suo
1244 1209 1390 1279 servicio

251 1302 438 1390 insistebam
453 1305 709 1396 Argentinensis
721 1313 830 1373 autem
842 1306 1144 1396 congregacionem
1156 1307 1388 1400 episcoporum

251 1405 420 1495 provincie
431 1401 624 1494 Moguntine
635 1403 807 1496 persuasit.
826 1397 949 1488 Quibus
962 1400 1034 1472 lere
1044 1401 1141 1496 Spire
1155 1400 1274 1492 [1338
1281 1403 1387 1490 marr]

252 1504 477 1591 congregatim
505 1523 544 1570 ac
567 1499 721 1570 Heinrieo
747 1497 992 1593 archiepiscopo
1017 1497 1215 1591 Moguntino
1240 1501 1389 1572 similiter

252 1597 340 1670 sedis
359 1599 537 1691 apostolice
555 1599 702 1691 proviso„
727 1599 780 1689 qui
799 1599 920 1691 etipse
941 1599 1134 1700 principi-se
1153 1597 1386 1690 colligaverat

251 1693 293 1764 ad
310 1694 529 1767 inducendum
548 1697 581 1766 in
605 1694 637 1766 id
660 1697 767 1788 ipsum
785 1694 1068 1786 Argentinensem
1092 1695 1271 1788 plurimum
1289 1693 1387 1766 laho-

250 1803 360 1864 rante:
379 1795 542 1864 communi
560 1793 695 1864 consilio
713 1793 804 1863 missi
822 1791 1039 1863 suntUlricus
1051 1796 1229 1888 episcopus
1241 1793 1388 1864 Curian-

252 1893 312 1962 sis¹
333 1901 365 1962 et
389 1890 548 1962 Gerlacus
573 1911 686 1962 comes
711 1887 753 1959 de
776 1888 945 1962 Nassowe
969 1901 1130 1984 exparte
1153 1894 1386 1986 episcoporum

252 1987 446 2079 Moguntine
464 1991 633 2081 provincie
657 1985 699 2058 ad
722 2008 840 2080 papam
865 1996 899 2058 et
922 1985 1106 2059 cardinales
1131 2009 1192 2083 pro
1216 1988 1387 2060 reforma-

252 2089 346 2156 cione
369 2089 522 2180 principis
546 2084 744 2156 laborantes
795 2083 919 2170 Quibus
947 2106 1032 2179 papa
1060 2107 1119 2180 pre
1146 2089 1268 2158 timore
1296 2090 1387 2177 regis

251 2183 389 2255 Francia
407 2206 554 2255 annuere
571 2204 638 2255 non
655 2179 813 2269 audebat3
842 2184 954 2276 sicque
978 2182 1099 2255 inlecto
1122 2187 1269 2276 negocio
1292 2184 1389 2256 cele-

252 2283 331 2354 riter
349 2291 424 2354 sunt
441 2283 581 2355 reversi.

253 2434 302 2504 lle
319 2438 389 2524 lipu
404 2437 570 2523 generalia
583 2437 680 2523 paca
697 2437 892 2506 auctoritate
904 2437 1068 2523 principa
1086 2438 1120 2504 in
1130 2435 1271 2506 Ahaeiu
1288 2435 1387 2520 sucta

301 2564 433 2638 lnterirn
451 2577 561 2638 autem
577 2567 662 2638 lacta
680 2577 733 2640 est
747 2567 815 2658 liga
838 2567 1006 2658 generalis
1024 2569 1115 2661 pacis
1134 2566 1176 2637 de
1195 2571 1387 2640 auctoritate

253 2667 405 2759 principis
416 2667 449 2735 in
460 2664 608 2755 Alsacia
625 2675 691 2736 tam
709 2686 769 2757 per
786 2667 976 2758 episcopum
994 2687 1091 2760 quam
1103 2669 1257 2738 ciurana
1272 2664 1384 2757 [1338

254 2761 413 2852 mailllJ,
440 2783 564 2834 novem
581 2759 802 2853 cognitoribus
821 2760 967 2856 desuper
984 2765 1175 2835 constitutis.
1222 2763 1386 2836 Rudollus

252 2870 362 2930 autem
378 2869 412 2930 et
429 2860 482 2931 alii
499 2856 541 2929 de
558 2858 761 2932 Hohenstein
779 2871 923 2932 castrum
935 2858 1151 2950 Hohenstein.
1169 2865 1267 2934 errius
1285 2865 1388 2932 maior

252 2977 329 3050 pars
352 2956 413 3028 luit
434 2958 579 3051 episcopi
597 2957 872 3048 argentinensis7
900 2979 960 3051 pro
985 2980 1024 3030 se
1046 2969 1221 3049 tenentes.
1250 2959 1293 3030 ab
1318 2963 1387 3053 ipso

252 3065 360 3126 castro
378 3053 533 3126 custodes
551 3057 697 3148 episcopi
715 3055 938 3128 excluserunt.
979 3055 1142 3128 Restituto
1160 3067 1273 3128 autem
1292 3061 1386 3150 epis·

252 3173 334 3246 copo
351 3151 392 3224 ad
409 3151 597 3223 mandatum
618 3173 742 3224 novem
766 3155 983 3244 cogniturum,
1010 3157 1200 3248 episcopua
1226 3173 1386 3228 asserens

251 3252 341 3342 ipsos
367 3249 409 3320 de
433 3247 636 3322 Hohenstein
661 3249 840 3340 infregisse
864 3261 957 3343 pacta
981 3253 1098 3339 castri,
1126 3250 1214 3321 idem
1240 3261 1384 3324 castrum

251 3347 464 3419 fortissimum
479 3347 622 3420 funditus
640 3346 818 3419 demolivit.
857 3348 945 3441 Papa
964 3359 1072 3419 antem
1086 3347 1304 3439 Benedictus.
1322 3349 1386 3420 de·

251 3446 411 3516 nuncians
435 3446 616 3516 iuramenta
634 3447 779 3538 episcopi
797 3456 831 3516 et
853 3442 1003 3518 obsidum
1025 3446 1128 3534 nulla,
1157 3456 1191 3516 et
1213 3447 1385 3534 relaxans,

253 3539 340 3611 dedit
358 3551 569 3632 executores,
593 3545 647 3636 qui
670 3553 782 3614 eontra
806 3541 987 3637 predictum
1005 3541 1192 3614 Conradum
1210 3553 1245 3615 et
1262 3543 1386 3617 obser-

252 3649 372 3710 vantes
389 3637 574 3732 obstaginm
592 3650 834 3734 processerunt.
861 3639 1044 3735 Episcopus
1063 3645 1168 3712 eciam
1186 3641 1229 3712 ad
1247 3663 1288 3713 se
1305 3641 1384 3713 om-

252 3737 403 3808 cialatum
433 3747 466 3807 et
488 3759 604 3811 omnes
628 3736 787 3810 officiatos
810 3736 916 3808 iudicii
940 3760 1124 3828 revocans7
1154 3740 1236 3811 alios
1263 3742 1386 3811 statuit.

252 3845 364 3910 orntra
388 3834 567 3928 predictum
591 3833 777 3906 Conradum
801 3845 835 3906 et
858 3834 918 3907 sibi
945 3839 1140 3908 assistentes
1166 3838 1387 3930 mrdtipliciter

252 3932 480 4026 procedendo.
509 3937 615 4026 ipsum
634 3932 839 4022 Conradum7
861 3931 1041 4004 Iohannem
1067 3933 1109 4002 de
1134 3933 1385 4025 Swaraenbarg
1459 3975 1460 3988 .

253 4028 431 4120 decanumq
460 4041 492 4100 et
515 4031 626 4125 plures
651 4033 825 4104 canonicus
851 4041 883 4100 et
907 4032 988 4102 alios
1014 4031 1159 4126 prelatos
1188 4041 1222 4103 et
1247 4033 1386 4104 cler-icus
1459 4101 1460 4128 p

307 4177 336 4244 l)
356 4177 493 4232 curiensis
514 4177 681 4248 lontrina,
706 4179 775 4234 doch
802 4179 837 4234 ist
860 4195 934 4235 raum
954 4179 1032 4236 dulim
1051 4177 1186 4250 gelassen.
1225 4181 1290 4252 Vgl.
1313 4181 1386 4237 utri-

254 4261 322 4316 gens
342 4248 412 4303 ohan
432 4265 458 4319 p.
476 4249 539 4303 209.
