2960 4832
263 207 314 282 48
605 211 1116 272 nnumcusonomssunnovnn.

265 379 316 450 Dc
332 383 527 454 oooitottlus
540 391 705 474 perceptis
721 389 762 457 dc
778 397 880 458 morto
897 391 1026 459 Andrco
1042 391 1131 478 repis
1147 391 1273 476 Aputte.

182 525 250 584 1345
314 517 464 591 Poedicto
491 521 595 590 eciam
623 541 709 592 anno
737 529 771 590 et
796 542 914 592 mensa
943 531 1212 614 supervenenmt
1237 545 1329 594 nova
1357 522 1400 594 de

265 625 370 687 morte
395 619 486 707 regis
510 617 632 711 Apulie
654 617 811 707 Andrea,
835 621 889 712 qui
913 629 984 688 erat
1006 618 1108 689 irater
1124 622 1217 710 regis
1235 618 1399 711 Ungarie,

264 713 349 806 quod
374 736 449 784 eum
481 717 531 786 sui
555 713 740 787 cubicularii
764 715 1039 807 strangulassent.
1064 713 1113 786 Ob
1138 739 1399 810 quamcausom

262 807 445 905 Delphinus
468 815 530 882 iter
553 821 682 906 ceptum
706 822 817 883 conda
841 813 966 884 Turcos
989 815 1097 885 omisit
1113 812 1155 883 ad
1172 824 1318 908 tempus7
1337 815 1399 886 sed

263 917 373 980 mmen
396 913 559 982 transiens
583 931 744 1002 prospere
768 907 829 982 sihi
852 913 1030 1000 successit,
1054 919 1087 980 et
1103 921 1237 1005 propter
1254 923 1398 984 mortem

263 1008 370 1078 soceri
394 1009 462 1097 sui„
487 1011 541 1101 qui
557 1029 618 1101 per
634 1007 777 1078 medium
793 1007 853 1078 luit
870 1017 1016 1080 serratus
1033 1007 1184 1102 perillus
1203 1011 1257 1102 qui
1276 1031 1397 1102 regem

262 1101 433 1175 Andrean
451 1103 648 1196 strangulari
665 1114 935 1197 procuraverunt.

186 1313 189 1320 ·
264 1271 433 1360 Quomodo
456 1291 563 1342 comes
584 1273 758 1342 Hcooootc
784 1274 1008 1343 ctHcltcodc'c
1025 1282 1104 1362 post
1123 1277 1226 1350 molto
1240 1276 1398 1346 virtutum

360 1389 464 1457 opero
481 1390 545 1458 por
567 1371 719 1439 Frtsoocs
735 1373 904 1459 occiditur,
927 1379 961 1440 ct
974 1375 1015 1441 dc
1032 1374 1174 1441 ciusdem
1191 1377 1324 1460 comitas
1340 1394 1397 1444 so-

358 1469 488 1537 roribus
504 1475 537 1537 et
551 1487 666 1537 corono
681 1469 801 1558 tiberis,
820 1477 852 1538 ot
866 1471 1005 1556 quedam
1023 1473 1064 1538 do
1081 1473 1196 1539 comite
1206 1471 1396 1541 loticccost.

308 1581 436 1656 Eodem
454 1585 559 1653 eciam
576 1602 693 1652 mense
710 1581 851 1654 octobris
868 1586 998 1654 occisus
1016 1583 1075 1654 fuit
1092 1604 1205 1655 comes
1216 1583 1396 1658 Hannonis
1467 1645 1468 1698 p

259 1693 293 1753 et
308 1679 482 1754 llollandie
499 1703 560 1773 per
575 1679 732 1754 Frisones
757 1702 831 1751 cum
848 1702 969 1771 magna
987 1680 1188 1751 multitudine
1206 1682 1347 1754 militum
1364 1695 1397 1754 et
1467 1713 1468 1740 1

258 1780 402 1875 peditum
419 1799 566 1868 suorum,
583 1787 755 1871 postquam
766 1780 930 1850 civitatem
941 1777 1188 1850 lraiectcnsem
1199 1801 1396 1872 superave-

258 1889 308 1950 rat
326 1887 359 1948 et
375 1885 546 1972 postquam
564 1875 765 1967 sepulturam
781 1874 902 1948 domini
920 1877 1115 1948 visitaverat
1137 1899 1178 1946 ac
1193 1875 1236 1947 de
1254 1875 1394 1950 Brussia

257 1985 409 2064 venerat
428 1971 469 2044 ad
486 1995 583 2067 quam
599 1975 632 2043 in
649 1973 798 2045 savorem
816 1971 892 2043 fidei
909 1971 1066 2044 catholice
1090 1973 1290 2045 militaverat
1306 1998 1395 2046 con·

257 2083 307 2143 tra
324 2093 485 2167 paganos.
502 2069 600 2142 Miles
617 2073 971 2164 imperterritusraptus
990 2079 1054 2158 est,
1071 2091 1115 2140 ne
1131 2071 1259 2142 malicia
1276 2083 1393 2144 muta·
1468 2105 1469 2154 t

257 2180 309 2242 rot
325 2170 524 2241 intellectum
541 2170 631 2252 eius;
649 2167 769 2239 volens
787 2177 923 2258 gentem
946 2166 1134 2239 indomitam
1156 2167 1293 2238 domare
1318 2193 1394 2242 curn

258 2270 327 2340 suis
344 2266 500 2340 occiditur
522 2289 541 2336 a
558 2263 749 2336 Frisonibus
772 2286 890 2338 mense
906 2263 1051 2358 predicto
1068 2287 1155 2339 anno
1172 2264 1296 2336 domiui
1312 2267 1394 2338 mu-

257 2365 373 2438 lesimo
397 2363 560 2452 ccc.rtl.v.‚
584 2384 650 2432 uon
674 2362 863 2456 relinquens
887 2360 1063 2451 teretem,
1088 2361 1149 2434 sed
1173 2373 1241 2436 tres
1265 2373 1393 2436 tantum
1469 2414 1470 2472 p

258 2484 406 2550 sorores,
424 2481 561 2554 quarum
577 2482 641 2530 una
659 2456 770 2530 habuit
786 2459 950 2530 danninum
966 2457 1182 2530 ludewicum
1199 2459 1241 2530 de
1258 2459 1392 2532 Bawa-

257 2563 305 2630 ria
322 2563 376 2651 qui
394 2579 432 2630 se
449 2577 508 2649 pro
525 2559 722 2650 imperatore
739 2554 889 2647 gerebat,
907 2579 953 2628 ex
969 2578 1032 2649 qua
1050 2556 1161 2649 plures
1173 2555 1257 2630 lilios
1275 2579 1393 2650 geue-

257 2659 354 2745 ravit
380 2653 441 2727 sed
464 2655 679 2746 primogenito
698 2675 743 2726 ex
758 2675 811 2743 ea,
835 2655 941 2726 Rome
958 2663 1069 2724 natum
1087 2665 1121 2724 et
1137 2677 1183 2726 cx
1199 2677 1241 2725 eo
1257 2653 1393 2727 Roma·-

257 2756 341 2824 rium
359 2750 568 2846 appellatum,
584 2773 648 2824 rex
666 2749 828 2822 Cracovie
845 2751 943 2821 liliam
961 2773 1055 2821 suam
1073 2752 1250 2846 copulavit
1267 2753 1392 2826 volens

256 2854 363 2944 ipsum
381 2871 458 2920 esse
475 2869 593 2940 regem
610 2857 685 2941 post
699 2851 806 2940 ipsum
824 2871 897 2920 cum
909 2848 1009 2918 lilium
1020 2847 1240 2920 nonhaberet
1259 2849 1392 2922 Avun-

257 2948 330 3019 cul0
355 2957 464 3018 autem
481 2956 515 3017 et
532 2947 624 3016 matri
643 2943 792 3018 decrevit
809 2944 988 3020 succedere
1005 2944 1203 3018 ludewicus
1221 2945 1392 3039 predictus

256 3041 471 3116 Wilhelmum
494 3042 595 3114 lilium
620 3066 716 3116 snum
739 3041 889 3115 inbonis
913 3041 1047 3136 predicti
1071 3046 1209 3132 comitis,
1231 3043 1310 3116 licet
1326 3066 1392 3118 rex

255 3141 381 3234 Anglie
397 3139 585 3212 Edwardus
603 3143 708 3211 eciam
725 3164 823 3212 unam
840 3139 978 3212 haberet
993 3138 1035 3210 de
1046 3141 1199 3234 predictis
1218 3141 1390 3216 sororibus

256 3261 302 3312 ex
318 3262 381 3333 qua
399 3241 502 3309 eciam
519 3236 659 3310 hahebat
675 3239 787 3332 plures
804 3235 935 3310 liberos.
987 3237 1142 3309 Similiter
1159 3261 1270 3311 comes
1281 3237 1391 3311 lulia-

256 3339 366 3408 censis
390 3357 489 3406 uuam
512 3333 621 3410 habuit
644 3357 689 3408 ex
713 3334 880 3407 sororibus
903 3333 1039 3428 predicti
1056 3338 1180 3408 comitis
1199 3335 1390 3426 Hollaudre,

256 3435 349 3504 cuius
366 3429 458 3504 liberi
477 3435 505 3504 si
522 3454 604 3526 quos
621 3431 761 3503 habehat
779 3433 885 3528 equali
902 3435 973 3503 iure
991 3433 1154 3505 avlmculo
1166 3432 1392 3506 succedebant

257 3552 331 3601 cum
348 3529 422 3602 liliis
438 3539 629 3620 magnatum
651 3529 879 3625 predictorum.
902 3528 980 3624 Ipse
997 3533 1083 3600 enim
1094 3529 1389 3604 comesluliacen·

257 3633 303 3702 sis
320 3628 425 3699 lactus
436 3626 494 3697 luit
504 3629 712 3718 margravius
723 3651 784 3723 per
794 3628 959 3700 dominum
970 3649 1065 3699 suum
1075 3626 1290 3700 ludewicum
1304 3651 1390 3723 pre-

256 3726 375 3798 dictum
399 3747 473 3795 cum
490 3747 603 3797 secum
620 3728 682 3796 iret
698 3730 731 3796 in
748 3731 896 3798 exercitu
914 3735 1024 3796 contra
1042 3749 1160 3817 regem
1175 3725 1336 3796 Bohemie
1353 3730 1387 3798 iu

257 3823 437 3898 subsidium
454 3821 574 3894 domini
589 3822 719 3896 Albcrti
729 3823 821 3896 ducis
832 3825 977 3896 Austris.
995 3822 1058 3909 Qui
1069 3834 1146 3894 tunc
1155 3826 1216 3917 ipsi
1228 3845 1387 3915 margua-

256 3924 312 3993 vic
337 3921 512 3994 iuliacensi
534 3923 568 3992 in
591 3923 723 4013 signum
746 3924 891 3992 amicicie
907 3919 1051 4010 indulsit,
1075 3930 1110 3991 ut
1126 3923 1268 4011 insignia
1287 3921 1388 4012 galee

256 4041 415 4091 succum
438 4040 559 4090 corona
583 4041 683 4090 aurea
709 4043 749 4090 ac
775 4021 892 4113 pennis
916 4039 1084 4112 pavonum
1101 4021 1206 4112 possit
1222 4027 1387 4112 tamquam

256 4115 350 4190 miles
374 4120 530 4188 emeritus
553 4120 587 4187 in
609 4120 709 4190 armis
727 4126 760 4187 at
777 4115 900 4188 actibus
917 4113 1043 4188 bellicis
1061 4114 1193 4188 deferre
1211 4124 1246 4186 et
1262 4113 1387 4188 ducere

257 4236 297 4286 ac
314 4235 352 4288 se
365 4235 439 4286 cum
457 4217 506 4288 eis
523 4211 641 4308 ubique
653 4213 889 4292 demonstrare.
