2946 4822
267 261 341 336 208
570 259 733 316 numurus
752 257 1089 316 numumcunomsrs

268 441 358 526 quod
373 441 414 507 dc
430 440 558 507 urreilio
574 437 718 527 {luparie
735 446 768 506 et
784 439 940 507 Crucorie
957 457 1068 527 repom
1087 443 1120 506 ct
1134 439 1279 506 oliorum
1296 435 1400 503 alium

269 541 384 606 tollent
398 541 591 606 constituere
607 557 717 624 nepem
734 538 952 605 llomouomrm
976 545 1132 626 potenter.
1182 533 1225 604 llt
1250 537 1300 606 sic
1322 557 1402 603 car-

267 634 394 707 dinales
404 656 522 728 papam
540 633 580 704 ab
598 632 809 706 absolucione
825 637 978 728 principis
995 643 1215 720 retraxerant,
1234 629 1401 702 dicentes:

268 753 340 802 cum
367 737 419 802 sui
445 737 479 800 iu
503 734 653 820 portibus
680 753 752 802 cuna
779 735 896 802 vellent
919 735 1105 821 destituere,
1136 735 1306 800 incautum
1335 749 1404 799 esse
1466 799 1467 810 ,

266 835 345 918 aedi,
365 835 395 900 si
408 840 544 919 propter
561 835 763 919 impotentem
780 841 812 900 et
826 835 954 920 inopem
971 840 1018 901 tot
1028 833 1197 919 principes
1214 825 1402 912 offensuret
1467 858 1468 906 t

266 927 308 998 Et
329 933 377 1000 sic
400 926 475 998 dato
492 929 556 999 alio
579 931 717 1000 termino
735 931 843 999 nuncii
865 929 984 999 inlecto
1001 931 1141 1020 negocio
1166 935 1245 998 sunt
1269 928 1402 997 reversi

271 1025 383 1116 [1336
401 1028 493 1115 mail.

317 1125 359 1196 Et
376 1146 455 1195 ecce
474 1125 536 1196 illis
554 1123 669 1196 diebus
687 1147 750 1198 rex
767 1125 927 1218 ngarie‚
945 1127 1030 1198 lilius
1048 1126 1156 1198 lratrrs
1174 1121 1317 1218 predicti
1328 1121 1403 1193 llo-

268 1221 350 1294 berti
368 1225 473 1313 regis,
496 1235 617 1294 terram
635 1222 752 1294 ducum
771 1224 920 1315 Austrie
944 1235 1021 1296 tunc
1043 1225 1207 1295 lautorum
1232 1223 1402 1317 principis.
1468 1244 1469 1316 p

268 1325 441 1410 ingressus
467 1323 570 1414 ipsam
591 1322 699 1394 multis
724 1320 914 1394 ebdomadis
938 1333 1088 1418 patenter
1110 1324 1262 1394 vastavit
1288 1317 1402 1409 [1336
1468 1323 1469 1414 3

268 1419 446 1512 apr-lull.
499 1419 637 1490 Predicti
665 1431 776 1490 autem
802 1419 960 1492 Bohemie
987 1431 1020 1493 ct
1043 1420 1207 1491 Cracouic
1235 1441 1343 1509 reges
1372 1425 1403 1486 et
1468 1451 1469 1460 .

267 1517 440 1588 Heinricus
459 1516 527 1588 dux
540 1517 694 1588 Bawarie
712 1529 833 1588 terram
851 1522 1016 1612 principis,
1034 1518 1222 1589 Bawariam
1241 1518 1402 1610 superio-

266 1637 349 1704 rem
377 1613 505 1706 ingredi
522 1613 741 1686 intendebant.
784 1617 941 1711 Princeps
959 1627 1067 1687 autem
1086 1627 1220 1708 gentem
1241 1615 1401 1684 inuictis-

267 1715 382 1784 simam
400 1735 625 1806 congregans.
642 1724 763 1784 terram
781 1712 925 1785 Heinrici
944 1714 1048 1803 ducis,
1066 1713 1255 1785 inferiorem
1267 1711 1402 1783 Bawa-

266 1813 360 1900 riam.
377 1813 552 1902 ingressus
571 1821 623 1882 est
642 1809 754 1903 [1336
765 1811 837 1902 iul]
857 1835 932 1883 cum
949 1822 1077 1907 septem
1094 1809 1227 1882 milibus
1242 1810 1401 1902 galeatis,

265 1907 352 1979 illam
382 1909 488 1980 multis
517 1905 725 1998 ebdomadis.
761 1910 885 1982 scilicet
913 1909 1145 2003 septemdecim
1179 1907 1402 1979 devastando.

267 2005 342 2076 Rex
363 2015 471 2076 autem
490 2005 638 2098 Ungarie
663 2007 799 2079 audiens
823 2019 888 2078 tum
917 2007 1033 2078 fortem
1062 2009 1243 2077 exercitum
1274 2004 1402 2076 adesse

266 2105 413 2196 principi,
431 2101 470 2174 ab
482 2104 616 2176 Austria
636 2109 707 2176 sine
725 2126 816 2174 mora
833 2107 986 2194 recessit,
1005 2106 1183 2176 adventum
1201 2107 1276 2174 eius
1296 2107 1402 2174 eciam
1470 2113 1471 2136 ¹

266 2204 298 2270 in
317 2199 463 2292 Unguria
490 2207 738 2296 pertimescens.
781 2200 847 2273 Alii
866 2224 949 2274 vero
968 2213 1048 2292 tresq
1072 2205 1223 2296 quamvis
1242 2223 1403 2292 magnam

267 2295 425 2368 baberent
443 2309 591 2390 gentem7
617 2311 795 2394 expectare
819 2303 851 2370 in
869 2322 985 2395 campo
1008 2303 1186 2394 principem
1203 2321 1271 2370 nou
1291 2299 1403 2370 aude-

266 2393 352 2467 bant.
395 2396 545 2470 Veniens
564 2408 672 2468 autem
691 2398 759 2470 dux
775 2397 912 2470 Austrie
929 2397 970 2468 ad
994 2401 1186 2494 principem„
1213 2401 1402 2468 exercitum
1471 2402 1472 2476 l

266 2496 338 2564 eius
356 2497 389 2563 in
406 2492 596 2566 Bohemiam
614 2496 735 2567 ducere
757 2495 927 2566 nitebatur.
977 2495 1153 2568 Exercitus
1178 2517 1262 2567 vero
1289 2495 1345 2566 diu
1371 2498 1402 2562 in

266 2593 389 2684 campis
414 2591 581 2683 fatigatus.
611 2616 649 2666 se
674 2616 815 2684 gravem
839 2591 1008 2686 reddebat,
1037 2597 1078 2664 ita
1107 2591 1192 2687 quod
1219 2591 1297 2664 binc
1325 2591 1403 2663 inde

266 2691 433 2760 exercitus
461 2701 536 2762 sunt
563 2694 703 2766 reversi.
755 2689 932 2762 Dicebatur
959 2701 1087 2781 autem.
1116 2689 1201 2784 quod
1230 2693 1402 2762 exercitus

266 2787 432 2880 principis7
460 2788 611 2882 quamdiu
639 2786 808 2862 habuisset
829 2791 970 2880 uictum
999 2791 1142 2860 inomni
1168 2797 1262 2884 parte
1287 2785 1403 2858 mundi

267 2885 422 2956 iacuisset
438 2887 588 2958 invictus.
623 2885 829 2958 Gloriabatur
846 2897 955 2957 autem
972 2909 1056 2980 papa
1075 2884 1114 2956 ab
1133 2889 1283 2959 exercitu
1301 2889 1401 2979 prin-

266 2981 359 3075 cipis,
377 2979 507 3054 dicens:
524 2986 583 3056 leti
603 2989 717 3055 dicarat
735 3005 807 3054 oum
828 2989 1019 3074 destitutum,
1039 2987 1099 3054 sed
1118 2987 1190 3071 quis
1210 2985 1324 3054 uotae
1344 2989 1402 3054 in-

265 3097 394 3166 pressos
414 3084 585 3152 esttecum
605 3085 724 3153 mum?
767 3080 998 3155 Obsidentibus
1017 3104 1146 3176 quoque
1163 3080 1268 3175 opidis
1287 3083 1402 3175 impc-

266 3175 398 3247 rialibus
423 3177 464 3248 ad
487 3180 675 3251 mandatum
702 3183 856 3274 principis
881 3179 1013 3273 opidum
1036 3177 1295 3274 lleysersberg,
1324 3181 1399 3270 regi

265 3271 423 3344 Bobemie
441 3274 632 3370 obligatum.
657 3287 858 3350 conventum
875 3288 938 3367 est.
964 3276 1049 3372 quod
1073 3281 1135 3350 nisi
1158 3299 1223 3347 rex
1237 3275 1400 3346 Bobemie

267 3369 361 3441 inira¹
376 3383 500 3446 certum
519 3385 648 3470 tempus
667 3379 756 3469 ipsos
771 3374 913 3446 liberare
923 3385 1051 3468 posset,
1062 3373 1203 3469 ¹principi
1216 3371 1400 3446 obedirent.

266 3466 362 3558 Rege
381 3492 462 3541 voro
481 3493 540 3546 eos
558 3495 624 3544 uon
641 3472 813 3564 liberante.
838 3475 991 3570 princeps
1009 3471 1051 3542 ad
1071 3475 1122 3544 ius
1146 3474 1274 3566 imperii
1302 3471 1400 3566 opida

268 3563 512 3660 muysersterg.
530 3569 720 3660 ll'trinltein7
745 3571 907 3660 Mitnster.
932 3579 1073 3641 castrum
1091 3567 1284 3662 Bliksberg„
1310 3573 1400 3662 prius

268 3683 382 3756 perse
400 3663 543 3755 obligata
560 3666 719 3758 Bobemo7
737 3673 882 3740 retraxit.
1257 3667 1262 3674 ’

315 3760 404 3835 Misit
420 3773 529 3836 atatem
547 3789 629 3860 papa
649 3767 865 3861 sollempnem
882 3767 1028 3858 legatum
1040 3765 1080 3837 ad
1098 3768 1292 3860 principem,
1311 3789 1400 3837 nuuc

267 3863 456 3955 episcopum
468 3861 755 3954 blagaloncusem,
774 3867 826 3958 qui
845 3887 955 3938 rueres
968 3875 1000 3936 et
1010 3875 1132 3934 motum
1147 3866 1302 3958 principis
1316 3887 1398 3956 erga

268 3959 443 4029 ecclesiam
462 3958 642 4052 indagaret.
681 3961 899 4032 Pretendebat
917 3965 1022 4033 eciam
1037 3985 1121 4056 papa
1141 3965 1399 4055 occupacionem

267 4055 564 4150 archiepiscopatus
583 4059 766 4150 llloguutiui
785 4083 845 4153 per
862 4059 1107 4131 'licuerensem
1127 4060 1260 4144 iactam„
1279 4071 1313 4129 et
1331 4084 1399 4130 ex·

269 4151 448 4223 elusionem
473 4155 613 4226 lleinriei
638 4157 679 4226 du
698 4157 923 4248 vimentuag.
948 4157 1184 4251 archiepiscopi
1203 4157 1296 4228 sedis
1316 4181 1399 4251 pro-

324 4271 352 4338 l)
372 4281 463 4330 contra
483 4277 509 4329 ll.
