3036 4822
245 279 384 336 KALEND-
405 277 543 335 NEGBOL.
563 277 718 334 canonic.
737 277 927 336 Sl'lllllllslllll
947 277 1137 336 decennius.
1184 277 1256 354 323

128 450 258 530 llug.20.
316 449 441 514 xiiilral.
453 458 527 532 sept.
542 447 713 510 Benedictus
734 447 823 510 abbas
845 449 934 526 abiit,
962 451 1010 529 qul
1038 447 1114 510 dedit
1134 447 1218 510 nobis
1238 468 1258 509 r

578 547 688 591 marcas
710 529 744 592 ad
765 536 943 613 empcionenu
963 531 1104 593 banorum
1126 531 1154 592 in
1171 529 1258 593 blud-

578 611 957 757 pprptpppnirpppiecnstiluit
971 612 1029 674 dari
1043 613 1138 675 album
1155 630 1256 694 punem

149 831 183 842 -
207 791 257 858 21.
325 797 374 856 xii.
397 828 432 838 -
462 828 490 838 -—
540 791 702 854 Geiuzulins
724 813 822 856 comes
838 795 899 872 ub,
921 793 1102 856 uuluslrster
1117 789 1256 854 lohannes

579 875 654 956 Spir.
684 895 755 957 epus
785 873 995 956 [1090-1104]
1024 875 1170 936 constitnit
1198 871 1256 937 dsri

580 959 727 1020 servitium
744 957 780 1020 de
794 957 956 1020 Steinrrllre
977 975 1010 1018 ea
1032 957 1088 1034 die,
1110 953 1186 1035 quad
1208 975 1258 1017 re-

577 1038 690 1102 dimitur
710 1059 748 1100 xx
769 1042 875 1102 unceis.

145 1153 183 1165 -
208 1117 261 1182 22.
333 1123 371 1180 xi.
394 1155 434 1168 -
455 1153 495 1165 —
537 1117 671 1182 Gerlacus
692 1130 792 1184 cantur
812 1123 886 1203 Spir.

145 1237 185 1246 -
208 1197 258 1262 23.
343 1219 370 1262 x.
397 1245 429 1254 -
457 1236 495 1248 -
538 1199 607 1263 Otto
629 1206 768 1283 magister
788 1204 862 1266 secl.

538 1282 661 1346 Silrldus
683 1287 758 1365 Spir.
782 1305 863 1367 epus.
886 1281 976 1346 llud.

443 1443 446 1450 ⁴
538 1363 649 1428 Ulricus
683 1363 806 1430 decanus
838 1377 866 1428 et
898 1365 1052 1430 monachus
1083 1368 1111 1428 in
1143 1365 1257 1430 blulen-

577 1445 714 1512 brunnen.

536 1527 689 1592 anmsrus
713 1529 748 1590 de
768 1526 944 1591 Odinsheim.

251 1660 256 1670 .
336 1610 372 1668 vi.
395 1643 435 1654 —
457 1641 495 1654 -
538 1608 646 1672 Albero
668 1609 808 1692 presbiter
829 1611 915 1688 obiit,
937 1611 985 1690 qui
1006 1608 1082 1672 dedit
1104 1631 1188 1674 unum
1207 1615 1256 1674 lu-

578 1711 678 1771 gerum
699 1694 781 1753 vinee
802 1694 830 1754 in
852 1693 1009 1772 Veningen.

535 1771 624 1836 Maria
644 1777 742 1854 regina
756 1773 880 1856 Philippi
901 1777 978 1854 regis
999 1775 1166 1851 contectsllp
1186 1775 1257 1837 obiit

578 1853 698 1934 [leden
721 1865 786 1918 nata
802 1857 837 1920 de
852 1855 963 1933 Grecis,
979 1875 1034 1938 que
1049 1858 1157 1935 legerit
1172 1858 1255 1920 nobis

575 1946 635 1998 tres
664 1955 769 2019 cappas
799 1939 862 2000 sine
889 1937 1058 2018 surilrigin,
1090 1937 1159 2000 duas
1190 1957 1255 2002 cum

576 2018 738 2100 aurifrigio,
758 2019 871 2081 casulas
887 2018 957 2081 duas
971 2021 1073 2096 bonas,
1087 2022 1154 2082 item
1170 2039 1256 2084 unam

577 2101 715 2180 casulum,
744 2101 908 2164 dalmaticas
939 2101 1021 2180 duas,
1050 2103 1165 2172 subtilia
1187 2102 1255 2182 duo,

576 2181 693 2263 pallium
714 2183 826 2260 altaris,
848 2188 915 2246 item
938 2201 1090 2266 purpuram
1111 2201 1255 2266 pugnam,

577 2265 713 2328 circulum
728 2285 855 2344 aureum,
878 2283 1012 2329 carenam
1030 2285 1156 2346 auream,
1178 2270 1257 2348 pixi-

577 2345 641 2410 dem
662 2365 775 2410 auream
797 2367 861 2411 cum
882 2347 1023 2431 lapidibus
1045 2352 1198 2431 preciosis,
1227 2362 1257 2413 et

576 2430 742 2510 psalterium
760 2431 882 2510 bonum3
904 2433 1002 2492 statuit
1023 2441 1160 2513 preterea,
1183 2436 1256 2495 utin

576 2519 677 2576 octava
708 2512 819 2576 blurtini
851 2518 928 2590 [nou.
955 2511 1007 2590 18]
1038 2515 1256 2577 anniuersarium

576 2596 668 2673 patris
682 2597 743 2656 eins
759 2604 789 2656 ct
802 2597 899 2658 matris
913 2598 976 2656 eius
990 2595 1161 2675 celebretur,
1177 2606 1257 2677 patre

576 2675 687 2737 scilicet
714 2675 811 2738 Ysaac
837 2685 866 2738 et
894 2685 983 2739 matre
1010 2675 1130 2756 llerinu,
1160 2678 1256 2742 lustris

576 2773 645 2818 reru
667 2760 729 2820 eius
750 2768 779 2819 et
799 2761 908 2822 sororis
928 2761 990 2822 eius
1013 2762 1100 2822 tercia
1122 2759 1167 2822 dis
1187 2771 1256 2842 post

578 2836 683 2900 testum
717 2839 882 2904 bliebalrelis
914 2845 983 2920 [oct.
1015 2839 1046 2918 l]
1085 2841 1255 2918 celebretur,

576 2917 690 2983 llauuel
711 2921 812 3002 fratrs,
834 2921 978 2987 Effrasins
999 2941 1113 2986 surore.

249 3043 256 3060 .
341 3017 369 3060 r.
392 3035 432 3046 -
455 3033 493 3047 -
536 2999 606 3078 (llic
627 3021 642 3062 a
665 3003 721 3065 itur
747 3008 883 3066 memoria
903 3006 1039 3068 beatricis
1067 3007 1255 3086 imperatricis

578 3081 612 3162 [†
627 3023 709 3148 ides
722 3104 789 3149 unu.
808 3085 873 3164 15],
895 3107 950 3167 que
972 3096 1084 3150 centum
1104 3096 1133 3148 et
1152 3086 1255 3165 uiginti

576 3175 643 3228 octo
665 3171 745 3230 anuis
767 3169 907 3248 requievit
928 3171 955 3230 in
977 3167 1130 3248 sepulclrro
1146 3168 1255 3230 Alherti

576 3249 1099 3414 titillulllunlllllilz
1112 3245 1255 3404 lilla

392 3459 433 3474 -
456 3463 490 3474 -
537 3427 618 3490 llerta
648 3430 737 3510 obiit,
771 3449 821 3512 pru
851 3434 932 3493 cuius
964 3433 1056 3492 anima
1088 3431 1163 3493 filius
1192 3433 1254 3494 eius

576 3507 723 3574 Heinricus
754 3531 825 3594 epus
849 3511 1057 3593 [lusu-1072]
1079 3511 1156 3575 dedit
1184 3513 1255 3575 duas

577 3591 666 3655 hubas
686 3595 716 3656 in
739 3595 915 3674 Oberagger.

248 3725 254 3738 .
321 3679 444 3743 lilinon.
459 3717 489 3730 -·
535 3681 723 3760 Sigemannus
746 3688 833 3747 lrster
854 3695 883 3747 et
904 3705 986 3767 epus.

535 3761 622 3827 ludds
644 3769 791 3830 comitissa
805 3766 887 3846 obiit,
909 3769 937 3829 in
957 3769 1039 3830 cuius
1060 3766 1252 3827 anniuersario

576 3847 663 3910 irater
684 3869 755 3913 suus
777 3849 917 3910 lohannes
939 3851 1014 3930 Spir.
1038 3865 1109 3927 epus
1139 3843 1253 3924 [1090-

576 3927 669 4008 llud]
690 3932 751 3993 dari
775 3933 921 3994 constitnit
941 3931 1088 3996 seruitium
1103 3928 1139 3988 de
1153 3928 1253 3988 Stein-

574 4011 665 4092 wilre,
688 4015 764 4093 quud
786 4015 932 4077 redimitur
952 4033 990 4074 xx
1012 4030 1074 4072 unc.

198 4128 215 4143 ··
248 4141 256 4156 .
301 4131 321 4145 ··
338 4097 369 4159 il.
391 4126 430 4142 -··
452 4129 491 4144 -·
534 4093 706 4158 llartrnudus
727 4095 929 4160 thelonearius.

158 4182 162 4207 ²
246 4225 255 4240 .
335 4181 338 4189 '
391 4211 432 4226 --
455 4209 492 4226 -
534 4177 681 4239 llelnricus
703 4178 826 4240 decanus
848 4188 877 4239 et
899 4179 993 4241 irater.

246 4307 254 4322 .
332 4260 368 4319 ri.
390 4259 429 4320 id.
455 4299 492 4312 -
534 4259 613 4322 Buba
635 4261 807 4342 prepositus.

980 4383 1039 4441 21*
