3012 4820
319 251 497 311 mnonnnn
517 251 707 314 anonumum
726 255 832 313 cosm
852 251 1091 313 massmannus
1194 249 1266 332 623

137 437 189 502 est
206 451 265 523 pro
283 450 325 499 eo
341 427 444 501 irater
464 433 535 502 eius
554 453 666 503 comes
681 430 859 504 lietduinus
872 431 913 502 da
924 432 1015 504 Rois.
1044 430 1081 502 in
1094 429 1265 504 Antiochia
1342 435 1345 440 ’

136 549 221 599 vero
239 538 311 600 erat
328 531 478 622 princeps
498 531 661 600 institutus
677 527 909 621 Βοιιξιιιιιοιιεἦ
931 532 1064 624 sapiens
1085 533 1156 613 vir„
1183 529 1267 603 iilius

135 623 297 696 Tanoredi
316 628 467 720 principis
485 627 669 718 Tarentini,
687 631 741 721 qui
758 631 889 699 natione
915 628 1021 700 iuerat
1045 627 1267 718 Normannun

136 743 241 818 nepos
258 719 393 794 Roberti
408 722 581 800 ‚Gnisoardi
599 747 643 795 ex
660 745 785 798 sorore.
1191 789 1195 796 .

184 818 333 892 Lotarius
351 825 404 915 qui
423 833 454 892 et
467 821 627 894 binterius
638 822 707 895 drux
722 823 869 896 Saxonis
882 827 913 895 in
928 827 1156 918 imperatorem
1171 826 1268 896 elec-

137 928 188 990 tus
207 927 281 1012 post
294 917 469 990 Henricnm
486 923 643 1015 quintum,
662 925 939 1016 imperavitannis
957 977 1073 996 .....
1079 929 1087 968 ¹
1108 945 1212 1018 usque
1236 927 1269 994 in

137 1014 467 1089 annnmdominimc
468 1073 612 1090 ......
619 1023 648 1109 ¹)
666 1017 1268 1094 PreeratRomaneecclesieeotem-

137 1135 218 1208 pore
238 1111 446 1188 Innocentius
464 1115 643 1206 secundus,
662 1119 728 1188 vita
743 1128 775 1189 et
787 1121 927 1190 sciencia
939 1120 1118 1212 preclarus.
1146 1117 1266 1190 Contra

136 1211 223 1283 bunc
242 1211 358 1283 Petrus
376 1211 495 1286 Leonis
516 1211 632 1288 nobilis
656 1217 740 1286 civis
763 1216 932 1288 Romanus
957 1226 1108 1312 papatum
1133 1219 1266 1307 invasit,

136 1332 241 1404 seque
259 1315 446 1382 consecrari
465 1311 603 1404 iaciens,
624 1314 804 1385 Anaoietns
816 1325 953 1386 vocatus
970 1324 1030 1386 cst.
1059 1313 1267 1386 innocentius

138 1429 221 1479 vero
239 1429 305 1479 non
324 1409 441 1481 voians
460 1408 644 1482 substinere
671 1415 934 1505 persecutionem
962 1413 1183 1484 Romanorum
1208 1411 1267 1484 iu-

135 1507 294 1595 rentium,
319 1517 452 1600 portans
475 1511 701 1580 innocencium
724 1529 856 1598 secum,
882 1532 958 1580 eum
975 1510 1113 1582 Romam
1139 1509 1268 1582 reduxit

139 1602 182 1674 de
199 1601 322 1676 Gallia²
339 1607 511 1700 ipsumque
529 1616 680 1700 potenter
696 1610 727 1677 in
747 1605 970 1678 Lateranense
988 1608 1140 1700 palatium
1159 1609 1267 1680 coilo-

137 1712 191 1772 cat
216 1701 424 1796 eundemque
452 1703 582 1775 Petrum
607 1703 746 1794 Leonisq
775 1708 827 1798 qui
856 1706 1030 1776 ecclesiam
1054 1709 1156 1777 sancti
1180 1707 1267 1777 Petri

136 1801 312 1889 munierat,
329 1813 509 1894 expugnat.
561 1801 628 1874 Sed
653 1824 719 1874 non
746 1803 881 1875 muitum
905 1812 979 1897 post
1006 1804 1122 1875 Petrus
1147 1802 1267 1876 Leonis

135 1901 210 1969 sine
227 1901 403 1992 penitentia
425 1903 566 1972 moritur.
605 1900 813 1974 Innocentius
831 1923 915 1973 vero
932 1899 1093 1973 Lotarinm
1111 1899 1218 1974 Rome
1237 1905 1266 1973 in

136 1998 367 2090 imperatorem
386 2007 529 2069 coronat.
563 1999 655 2070 Tunc
669 1997 854 2071 Lodovicns
883 2022 1018 2072 crossus
1046 1998 1207 2092 regnabat
1236 2003 1267 2071 in

134 2089 288 2183 Francia,
308 2097 400 2168 onius
418 2095 518 2168 biinm
543 2095 735 2191 Phylippnm
762 2097 935 2190 parvulum
959 2094 1168 2170 innocentius
1195 2121 1267 2172 cunr

135 2203 230 2264 essct
247 2195 280 2262 in
297 2190 400 2265 Gallia
419 2198 590 2266 coronavit
606 2194 729 2266 Remis.
772 2195 833 2281 Qui
859 2215 952 2286 puerq
976 2205 1126 2289 utsupra
1150 2194 1269 2268 dictum

135 2298 190 2362 est
207 2289 249 2361 de
272 2313 357 2387 equo
379 2291 502 2364 cadens
526 2303 659 2388 propter
681 2295 770 2387 porci
794 2289 962 2364 cuiusdam
988 2291 1265 2385 impedimentum,

134 2387 243 2461 subito
259 2400 449 2484 peremptus
468 2400 528 2464 est.
563 2388 745 2483 imperator
761 2401 870 2461 autem
890 2387 1051 2460 Liuterius
1072 2393 1146 2462 sive
1162 2389 1266 2462 Iota-

133 2489 205 2558 rius
229 2500 302 2581 post
325 2491 587 2576 coronationem,
614 2488 687 2559 zelo
710 2486 762 2557 dei
781 2509 963 2577 accensus,
991 2497 1142 2582 tanquam
1161 2486 1266 2559 fideus

134 2583 318 2658 advocatus
347 2585 490 2656 ecclesie
518 2595 667 2680 potenter
691 2607 764 2656 cum
788 2607 871 2680 papa
896 2584 1084 2658 Innocentio
1113 2584 1266 2680 Apuliam

133 2684 268 2753 intravit
285 2694 318 2753 et
334 2683 516 2776 Rogerium
534 2686 708 2772 comitem,
734 2685 787 2778 qni
806 2693 917 2754 contra
942 2705 1059 2778 papam
1085 2705 1123 2756 se
1148 2686 1266 2771 erexit

135 2781 167 2850 in
186 2779 329 2852 Siciliam
347 2782 475 2872 fugavit
493 2792 615 2853 etcum
633 2804 715 2877 papa
733 2779 850 2852 ducem
869 2780 1051 2852 Rumonem
1073 2802 1132 2874 pro
1150 2801 1192 2851 co
1209 2783 1266 2852 in-

133 2881 235 2950 stituit
252 2881 285 2948 in
304 2878 434 2972 Apulia.
470 2879 554 2952 Huic
574 2881 709 2951 victorie
726 2880 932 2973 imperatoris
950 2890 983 2950 et
994 2901 1077 2975 pape
1095 2880 1267 2949 astiterunt

133 2975 254 3048 Pisani.
290 2976 453 3070 Tempore
471 2975 567 3049 buius
585 2976 717 3048 chrioi
736 2979 834 3070 quinti
855 2974 962 3049 valida
990 2976 1096 3049 tames
1126 2975 1265 3046 Ytaliam

132 3077 317 3168 occupavit.
358 3073 395 3145 ln
423 3073 559 3146 Francia
583 3095 667 3146 vero
692 3084 780 3146 tanta
809 3075 939 3144 siccitas
961 3073 1037 3162 fuit„
1063 3083 1097 3145 ιιι
1120 3073 1265 3153 flumina„

131 3170 271 3262 lacuna,
295 3172 401 3244 fontes
429 3196 469 3244 ac
486 3175 572 3266 putei
600 3193 658 3267 pro
677 3191 796 3262 magna
815 3181 906 3264 parte
925 3174 1136 3242 siccarentur.
1173 3169 1264 3261 Ignis

131 3290 276 3364 quoqne,
295 3273 348 3366 qni
367 3291 425 3364 per
443 3273 542 3342 rimas
561 3281 648 3342 terre
670 3267 924 3358 subintraverat,
948 3290 1011 3340 nec
1028 3265 1183 3340 imbribus
1203 3289 1266 3338 nec

131 3365 258 3459 frigore
276 3366 406 3440 biennio
424 3371 572 3459 extingui
590 3369 699 3462 potuit.

183 3464 350 3537 Comedus
365 3468 487 3538 tercius
504 3475 578 3560 post
589 3464 764 3556 Lotarium,
779 3477 813 3538 ut
826 3491 844 3536 a
857 3463 1048 3560 quibusdam
1067 3463 1182 3536 dicitur
1199 3485 1265 3533 ne·

131 3583 193 3658 pus
212 3562 344 3636 Henrioi
362 3566 466 3658 quarti
483 3563 540 3635 vel
557 3566 656 3658 quinti
674 3587 718 3636 ex
736 3586 864 3653 sororeq
876 3567 908 3634 in
920 3565 1149 3658 imperatorem
1169 3560 1266 3631 eleo-

131 3672 186 3732 tus
205 3669 265 3732 est.
301 3661 592 3756 imperavitannis
610 3659 805 3756 quindecim,
824 3682 890 3732 non
914 3669 1023 3732 tamen
1048 3683 1066 3730 a
1092 3682 1175 3754 papa
1200 3657 1267 3726 ali-

131 3781 197 3852 quo
215 3757 477 3831 benedictionem
494 3757 615 3849 habuit,
633 3781 696 3832 nec
713 3769 887 3830 coronatas
906 3757 1080 3851 fuitusqne
1092 3760 1124 3827 in
1146 3775 1268 3827 annum

131 3855 253 3927 domini
285 3857 420 3928 m.c.xi.³
456 3854 644 3928 Dominavit
670 3855 723 3928 bic
749 3853 914 3927 Corradus
945 3865 1092 3948 tompore
1127 3852 1267 3943 Eugenii

187 3988 217 4053 1)
235 3988 306 4042 iecra
332 3988 425 4044 steiian
452 3988 477 4044 in
504 3988 551 4044 der
574 3989 614 4043 bs,
650 3987 682 4055 2)
706 3988 731 4042 in
752 3987 799 4043 der
825 3987 922 4041 insist
950 3985 1083 4041 nwiscben
1103 4001 1192 4039 secum
1214 3980 1268 4066 und

131 4058 241 4114 reduxit
260 4060 320 4114 eine
340 4060 412 4116 nicbt
430 4059 532 4116 wieder
552 4060 605 4114 voti
629 4058 790 4129 ausgeiiiiita
817 4075 906 4123 rasur3
932 4075 962 4112 es
988 4055 1054 4111 iabit
1077 4055 1199 4112 oiiecbar
1225 4052 1270 4109 dre

131 4131 300 4200 ern'abnung
318 4133 366 4186 der
385 4130 465 4185 ducbt
485 4132 532 4186 cias
552 4131 659 4215 pabstes
685 4131 737 4186 und
764 4131 811 4184 des
837 4129 981 4183 antbrncbs
1009 4128 1128 4182 bothars.
1166 4129 1196 4192 3)
1225 4125 1270 4180 dia

132 4201 264 4258 iabrszabi
293 4201 328 4256 ist
353 4202 531 4272 naobtriigiiob
552 4219 577 4257 ιιι
598 4203 658 4258 eine
684 4201 762 4258 tuate
786 4199 979 4272 gescbrieben‚
1004 4199 1047 4254 die
1073 4198 1189 4256 dadnreia
1216 4211 1270 4254 ιιιιι

130 4273 192 4330 baib
213 4273 359 4346 ausgeitiiit
379 4273 455 4330 wird.
