3012 4820
514 241 861 308 mcotnusrnuonnn.
1185 243 1256 324 605

125 419 182 494 vel
203 418 410 494 admitterent
420 431 475 492 aut
485 420 527 492 de
538 419 694 496 iructibus
708 443 769 494 seu
780 419 996 514 proventibus
1010 419 1258 517 quibuscunque
1274 435 1344 494 tuas

125 519 167 592 ad
184 541 325 610 regnum
343 521 565 592 Romanorum
584 542 645 592 seu
670 523 840 613 imperium
865 519 1086 614 spectantibus
1111 543 1259 615 respou-

124 617 243 688 derent
260 627 294 688 et
310 618 391 690 alius
409 620 458 688 cis
470 615 698 711 impenderent
715 639 816 711 super
829 617 889 689 biis
900 618 1069 708 auxilium,
1086 620 1258 692 consilium

124 725 159 786 et
175 715 326 788 invocem
346 715 469 786 directe
488 715 545 787 vel
559 713 729 802 indirecte,
748 718 971 808 cuiuscunque
984 725 1087 788 status
1105 716 1162 788 vel
1173 739 1257 810 pre-

125 815 312 884 eminencie
329 823 385 884 aut
396 813 596 885 condicionis
606 813 820 886 ecclesiastici
838 811 1063 906 permundum
1077 823 1111 883 et
1123 813 1256 886 diversa

123 932 230 1001 regna
255 909 422 983 mandavit
453 919 488 980 ct
513 910 590 982 iacit
615 910 777 1004 prefatum
808 909 973 982 dominum
1000 908 1200 983 Ludovicum
1225 921 1259 981 et

125 1029 244 1078 omnes
262 1007 438 1100 prebentes
456 1008 626 1097 auxilium,
644 1008 814 1080 consilium
832 1008 1038 1099 straveram,
1059 1010 1124 1099 [ut]
1139 1009 1259 1082 dictum

124 1116 189 1192 est,
205 1103 395 1178 denunciari
411 1106 555 1198 prolatus
573 1107 756 1180 incurisse.¹
785 1105 828 1177 Et
852 1107 957 1178 eciam
980 1109 1014 1176 in
1034 1109 1103 1180 suis
1130 1107 1258 1194 litteris,

124 1224 207 1296 quas
231 1205 262 1274 in
291 1204 498 1276 Alamaniam
526 1201 720 1292 destinavit„
744 1207 887 1276 asseruit
914 1213 948 1274 et
970 1202 1069 1295 duit,
1093 1203 1258 1276 domiuum

124 1299 327 1374 Ludovicum
350 1305 383 1372 in
407 1303 543 1394 imperio
569 1300 667 1372 niobil
689 1303 768 1374 iuris
791 1299 914 1372 babere
941 1311 973 1373 et
998 1306 1103 1395 ipsum
1130 1302 1201 1374 iore
1226 1309 1259 1372 et

124 1419 205 1470 csse
223 1399 401 1470 violentum
418 1409 647 1492 occupatorem
662 1397 736 1470 dicti
745 1402 868 1491 imperii
882 1408 914 1469 et
926 1421 985 1492 per
998 1400 1174 1474 ecclesiam
1185 1402 1258 1493 pri-

125 1505 238 1566 vatum
250 1518 329 1568 esse
341 1496 383 1568 de
393 1517 500 1588 ragno
516 1505 549 1568 et
565 1499 712 1589 imperio,
724 1505 758 1566 et
775 1495 942 1570 mandavit
952 1495 1095 1570 districte
1108 1494 1258 1570 omnibus

123 1615 186 1686 per
196 1615 276 1666 suas
285 1595 409 1668 litteras
420 1593 735 1688 precipiendoquod
744 1590 1007 1666 nullusobediret
1017 1597 1079 1687 ipsi
1090 1593 1258 1666 Ludcvico

123 1713 189 1762 uec
214 1691 285 1764 aliis
308 1695 381 1764 eius
405 1689 620 1784 sequacibus,
644 1713 726 1785 quos
754 1689 927 1764 asserebat
944 1691 1017 1763 iore
1035 1689 1200 1764 hereticos
1225 1701 1259 1762 et

123 1791 343 1879 scismaticos
361 1800 394 1860 et
405 1789 522 1862 multos
536 1789 661 1882 impulit
679 1800 713 1860 et
729 1789 856 1860 induxit
866 1787 907 1858 de
924 1788 1009 1860 facto
1020 1789 1061 1860 nd
1073 1788 1257 1877 iurandum,

123 1884 211 1978 quod
228 1890 308 1980 ipsis
319 1909 384 1960 uon
395 1886 567 1958 obedirent
583 1891 617 1958 in
627 1887 735 1980 aliquo
746 1909 809 1958 nec
819 1897 985 1980 parerent,
1002 1898 1036 1960 et
1046 1891 1144 1960 etiam
1158 1910 1257 1958 mun-

123 1983 217 2054 davit
233 1981 376 2058 disuiote
394 1983 617 2078 precipiendo,
636 1983 721 2078 quod
739 1985 849 2058 nullus
868 1984 963 2056 olioui
988 1985 1081 2058 alteri
1105 1997 1256 2078 tauquam

123 2079 382 2155 administratori·
393 2085 519 2176 imperii
536 2080 707 2153 obedirent
724 2083 779 2154 vel
796 2094 962 2175 parerent,
980 2087 1042 2156 nisi
1053 2087 1157 2178 primo
1174 2083 1259 2154 iuret

122 2201 186 2272 par
206 2181 380 2254 eeclesiam
398 2178 605 2274 approbatus.
631 2178 770 2274 insuper
793 2177 878 2250 idem
903 2179 1103 2254 Benedictus
1126 2183 1160 2251 in
1188 2183 1257 2252 suis

123 2278 241 2350 titteris
259 2282 292 2348 in
309 2278 516 2350 Alamaniam
535 2276 705 2350 destinatis
723 2278 807 2350 salso
827 2282 969 2350 asseruit
986 2289 1020 2348 et
1036 2278 1128 2366 dixit,
1145 2275 1256 2349 dorni-

122 2397 203 2446 num
231 2375 420 2448 Heinrioum
455 2374 682 2466 Maguntinum
710 2374 991 2469 arehiepiscopum
1020 2385 1053 2446 et
1079 2377 1255 2446 canonicos

123 2473 268 2544 ecclesie
292 2473 556 2564 Maguntiuensis
582 2473 686 2546 fuisse
711 2483 745 2542 et
771 2495 850 2546 esse
878 2478 1029 2568 periurus
1056 2482 1091 2542 et
1113 2493 1256 2544 excom-

123 2573 358 2644 mmnicacionis
377 2573 564 2644 seutenoius
574 2573 754 2644 incurrisse
772 2590 869 2644 exeo
886 2583 921 2644 ut
933 2569 1025 2658 dixit,
1043 2572 1117 2662 quia
1130 2569 1256 2662 preiato

123 2667 257 2740 domino
276 2667 444 2740 Ludovioo
460 2667 587 2740 fecerat
603 2666 793 2758 homagium
811 2679 844 2740 et
867 2669 974 2740 eidem
992 2666 1154 2740 fidelitatis
1172 2687 1256 2760 pre-

123 2769 252 2837 stiterat
271 2769 487 2838 iuramentum
504 2776 537 2837 et
566 2769 640 2860 quia
667 2765 775 2838 eidem
798 2771 1085 2861 participaverant,
1100 2768 1256 2858 ipsosque

122 2863 406 2958 archiepiscopum
424 2873 458 2934 et
480 2866 656 2936 canonicos
674 2862 715 2935 ob
732 2863 795 2936 boo
812 2869 916 2938 eciam
933 2863 1150 2959 personaliter
1166 2864 1256 2932 citari

123 2960 304 3050 mandavit,
323 2973 357 3033 ut
376 2961 457 3034 inim
476 2971 601 3032 eertum
619 2965 791 3033 terminum
815 2987 853 3036 se
872 2961 1050 3058 apostolico
1066 2962 1256 3054 conspectui

121 3060 342 3152 personaliter
359 3068 600 3153 prosecuerant,
618 3069 713 3152 prout
730 3058 792 3130 beo
809 3073 841 3132 et
852 3062 914 3133 alia
926 3064 958 3130 in
974 3061 1076 3151 ipsius
1087 3057 1254 3128 Benedicti

122 3157 238 3228 titteris
262 3161 476 3230 continentur.
512 3157 573 3243 Qui
609 3155 739 3250 quidem
762 3179 940 3250 processus
964 3156 1040 3228 facti
1062 3177 1123 3248 per
1148 3157 1255 3248 ipsum

120 3251 337 3328 Benedictum
355 3254 487 3326 fuerunt
507 3263 541 3324 ot
558 3265 633 3328 sunt
646 3253 724 3326 nulli
736 3256 906 3326 aonrdiius
922 3253 1044 3327 valoris
1056 3263 1089 3322 at
1100 3253 1253 3324 momenti

121 3362 158 3422 et
175 3352 361 3424 nullatenus
379 3350 524 3424 temendi
542 3373 605 3424 nec
622 3351 792 3442 servandi,
809 3363 905 3446 prout
927 3355 960 3422 in
986 3347 1197 3444 processibus
1221 3356 1256 3418 ct

122 3447 383 3541 ciiegaoionibus
402 3471 500 3543 super
518 3447 579 3520 biis
596 3449 690 3522 iactis
707 3448 889 3522 ostenditm
906 3447 1089 3522 evidenter.

172 3547 311 3618 Decimo
321 3546 410 3618 idem
419 3545 617 3618 benedictus
630 3568 689 3639 per
699 3545 853 3622 diversos
870 3547 963 3619 dolos
980 3557 1014 3618 et
1031 3546 1147 3618 multas
1158 3544 1255 3616 bau-

122 3645 185 3718 des
195 3655 331 3716 conatus
344 3655 407 3735 est,
422 3654 575 3738 quantum
587 3648 701 3738 potuit,
712 3645 914 3738 sepedictum
926 3644 1091 3716 domiuum
1104 3640 1254 3712 Ludovi-

122 3766 198 3814 cum
216 3741 386 3830 inducere,
404 3753 438 3815 ut
454 3740 547 3814 dictis
565 3745 634 3814 suis
653 3753 685 3814 et
702 3741 948 3836 predecessoris
973 3744 1023 3816 sui
1043 3736 1254 3834 processibus

122 3865 163 3914 ac
176 3844 317 3928 suturis,
325 3851 437 3912 contra
445 3842 615 3932 imperium
627 3849 661 3912 et
670 3840 832 3912 electores
840 3842 964 3933 imperii
976 3861 1016 3910 cc
1025 3841 1130 3932 ipsum
1144 3835 1255 3906 domi-

122 3962 200 4010 num
219 3937 420 4010 Ludovicum
439 3937 481 4010 de
490 3936 575 4008 facto
590 3939 736 4032 prolatis
748 3941 925 4010 assentiret
934 3948 967 4007 et
979 3945 1012 4006 ut
1024 3939 1094 4029 ipse
1105 3933 1254 4004 dominus

122 4035 313 4108 Ludovicus
337 4036 516 4129 predictus²
535 4057 642 4126 regnu
666 4045 698 4104 et
722 4038 857 4128 imperio
881 4034 1020 4106 totaliter
1036 4034 1254 4103 renunciaret.

179 4185 208 4251 i)
229 4183 323 4238 Dieser
341 4189 396 4238 satu
416 4199 467 4238 rou
487 4181 659 4238 ecclesiastici
688 4199 720 4237 an
747 4181 967 4236 wnbrscbeiniiob
995 4181 1078 4236 dureb
1104 4179 1163 4236 eine
1189 4179 1255 4238 oder

122 4257 245 4316 mebrere
263 4255 358 4311 litokeu
378 4255 544 4330 ourrunrpirt.
580 4255 611 4326 2>
629 4251 754 4330 predictis
774 4253 812 4308 bs.
