3014 4822
394 262 504 324 notin
522 261 648 324 amnon.
666 259 1001 325 rmntotunbttttsstt.
1190 265 1262 342 397

181 441 264 514 ltem
282 439 314 512 bi
331 439 505 537 subscripti
527 446 690 536 principes
716 445 922 514 intraverunt
945 465 1018 516 cum
1047 439 1178 514 domino
1195 448 1262 516 im-

131 552 303 635 peratore:
327 541 431 632 primo
455 538 605 612 dominus
622 537 848 630 Maguntinus.
872 539 957 614 iiiios
976 539 1095 612 domini
1112 543 1262 637 impera·

132 641 212 710 toris
230 639 362 708 nomine
375 635 631 726 Maximianus.
648 636 847 710 Ludewicus
861 637 929 710 dux
938 637 1081 711 Bavaric
1099 649 1132 709 et
1149 661 1261 712 comes

130 739 164 807 in
181 735 354 824 Feldentn.
379 737 553 829 episcopus
570 735 794 829 Eystetensis.
818 747 851 807 et
869 759 952 808 unus
971 758 1073 808 verus
1091 735 1176 808 filins
1193 741 1262 808 im-

130 835 293 928 peratoris
310 831 491 904 Torcurum
509 843 543 903 ct
564 834 677 926 plures
700 835 754 904 aiii
778 837 926 922 comites.
950 832 1092 904 barones
1109 855 1173 905 nec
1195 855 1261 906 non

130 932 223 1004 multi
239 927 377 1003 nubiles.
412 929 496 1001 Item
513 930 621 1002 cients
639 933 824 1026 propinavit
847 931 978 1002 domino
994 934 1180 1024 imperaturi
1198 953 1262 1004 se-

129 1027 237 1100 decim
261 1029 416 1122 quar-talia
436 1031 504 1099 vini
522 1037 709 1122 etquattuor
732 1028 887 1121 quartalia
909 1027 1120 1110 malmcseti¹.
1145 1039 1179 1100 et
1195 1027 1262 1100 tilio

129 1125 253 1197 domini
279 1129 485 1218 imperatoris
513 1125 586 1196 duci
614 1125 838 1196 Maximiliano
867 1129 982 1218 viginti
1008 1125 1164 1220 quartalia
1193 1130 1262 1198 vini

129 1227 289 1296 terrestri.
325 1224 489 1312 Scriptum
507 1243 570 1312 per
592 1244 723 1294 manum
743 1225 900 1312 Cutpum‘s
917 1227 1092 1295 Fetdcnum
1108 1227 1262 1294 nonomen·

129 1323 227 1392 tatas
247 1325 389 1412 sectae,
413 1326 471 1409 put
488 1327 731 1410 pertenuem
752 1325 914 1410 empore,
927 1331 1029 1410 caput
1047 1326 1155 1392 saneti
1170 1324 1262 1392 Bar·

160 1535 262 1608 'Item
286 1535 405 1608 eodem
429 1559 515 1608 anno
532 1537 781 1608 mccccinxiv.
800 1534 958 1607 sabbatho
978 1545 1052 1629 post
1068 1534 1260 1626 Katherine,

129 1631 216 1728 quod
234 1633 293 1706 tuit
303 1639 397 1708 xxvi.
410 1637 534 1706 mensis
552 1632 756 1722 novembris.
774 1632 859 1704 idern
877 1632 1260 1727 imperatorFredericus

128 1735 247 1802 iterum
264 1737 394 1803 revenit
412 1733 453 1802 ad
469 1730 718 1802 Francosnrtum
736 1729 845 1801 cundo
862 1751 985 1802 versus
998 1729 1152 1802 Nussiam
1170 1734 1260 1802 civi-

129 1839 230 1900 tatem
256 1837 366 1901 contra
392 1829 509 1900 ducem
526 1828 727 1920 Burgundio.
763 1826 806 1899 Et
823 1831 914 1900 venit
934 1827 976 1899 de
993 1824 1260 1921 Ascbaiienburg

128 1947 190 2020 per
213 1950 316 2022 aquas
342 1928 385 1999 de
402 1948 479 2000 sero
503 1929 588 1997 circa
609 1937 761 1998 octavam
779 1925 891 1996 boram
912 1937 944 1998 et
961 1926 1070 1998 clerus
1088 1947 1154 1996 non
1171 1923 1260 1998 dedit

127 2022 262 2096 obvium
279 2028 439 2096 maiestati
458 2047 531 2114 sue.
550 2027 623 2117 quia
641 2035 712 2096 erat
727 2031 830 2110 n0x23
855 2028 975 2118 etipse
992 2023 1109 2095 indtad
1127 2021 1259 2096 domum

126 2121 625 2194 Theutonicorumdominorum.
644 2121 726 2192 Item
734 2122 842 2195 clerus
851 2121 1148 2209 Francciurtcnsis,
1156 2121 1259 2192 vide-

126 2219 204 2291 iicet
233 2223 292 2291 tria
318 2221 471 2312 collegia,
497 2224 615 2290 iterum
641 2223 853 2314 propinarunt
878 2223 1039 2291 maiestati
1064 2240 1125 2290 sue
1142 2221 1259 2310 viginti

126 2319 285 2414 quartalia
303 2320 372 2390 vini
389 2319 552 2390 terrestri⁵
571 2327 604 2388 et
620 2317 686 2389 utto
704 2337 764 2389 suo
781 2315 1004 2389 Maximiiiano
1020 2319 1124 2386 eciam
1142 2317 1259 2406 viginti

126 2415 285 2510 quartalia
297 2415 471 2487 etdomino
483 2413 676 2507 Mogontino
693 2417 790 2485 etiem
801 2419 918 2506 viginti
935 2413 1101 2508 quartalia.
1176 2411 1258 2484 Item

125 2523 202 2608 post
226 2511 288 2583 boc
310 2517 343 2583 in
367 2512 420 2585 die
442 2511 601 2601 Barbare.
629 2535 692 2609 que
718 2513 777 2584 init
801 2523 913 2607 quarta
940 2508 1138 2599 decembris.
1166 2513 1258 2582 venit

125 2609 273 2681 marchio
290 2609 447 2682 Albertus
464 2609 753 2704 Brundeburgicus
780 2633 853 2681 cnm
871 2631 994 2700 magno
1011 2610 1159 2679 exercitu
1176 2605 1257 2679 bora

124 2711 230 2803 prima
255 2719 329 2802 post
351 2707 531 2802 prandium.
568 2707 637 2780 Sed
655 2710 821 2780 exercitus
840 2709 958 2778 mansit
974 2709 1007 2776 in
1025 2705 1104 2776 villa
1121 2705 1258 2797 Bergen

124 2815 158 2876 et
176 2809 399 2896 circumcirca.
417 2829 481 2878 sex
498 2805 595 2877 millia
607 2807 753 2876 virorum
771 2827 845 2875 cum
862 2801 1010 2876 curribus
1029 2811 1061 2874 et
1078 2800 1257 2896 equitibus3

124 2914 159 2973 et
176 2906 249 2998 ipse
267 2907 325 2974 ivit
342 2901 383 2973 ad
400 2905 574 2974 civitatem.
601 2901 760 2973 Dominus
779 2905 955 2995 imperator
965 2912 998 2972 et
1014 2900 1164 2971 dominus
1176 2899 1257 2971 tto-

123 3004 283 3092 guntinus
301 3010 335 3069 et
351 2999 500 3072 dominus
518 3000 738 3072 'lbcverensis
762 2999 923 3070 dederunt
940 2998 1000 3070 sibi
1017 2995 1149 3068 obviam
1166 2998 1256 3069 foras

166 3107 251 3167 rtem
263 3095 586 3189 Fredeburgensem.
604 3095 658 3168 ubi
669 3099 801 3168 intravit
817 3097 902 3167 sorte
914 3119 987 3168 oum
1002 3094 1151 3166 ducentis
1163 3097 1254 3166 vin‘s.

137 3205 206 3266 tem
232 3203 305 3288 post
327 3198 360 3265 in
383 3196 530 3290 profesto
547 3194 658 3282 Lucio.
682 3194 837 3265 videlicet
858 3196 914 3264 xii.
940 3188 1138 3280 decembris.
1162 3193 1256 3262 venit

122 3291 192 3362 dux
210 3289 369 3365 Albertns
386 3292 429 3363 de
446 3292 596 3365 Saebsen
614 3291 655 3362 ad
668 3289 935 3362 Francoiordiam
953 3291 1037 3362 iorte
1055 3309 1129 3359 cum
1147 3309 1255 3358 sexu·-
1346 3363 1350 3370 ,

121 3393 215 3482 ginta
227 3392 326 3476 viris3
345 3387 405 3461 sed
423 3394 589 3461 exercitus
608 3411 700 3477 sune.
719 3391 857 3482 quierat
874 3386 1081 3483 etiamvaide
1099 3405 1254 3476 magnus.

120 3490 244 3560 mansit
256 3490 289 3556 in
306 3485 522 3580 Geylnhusen
540 3497 573 3558 et
590 3489 809 3558 circumcirca.
896 3485 976 3558 Item
995 3486 1145 3556 dominus
1164 3482 1255 3554 'ibe-

121 3587 280 3656 verensis
299 3587 395 3655 etiam
412 3587 505 3656 venit
522 3583 563 3654 ad
581 3583 826 3655 Franciurdiam
843 3588 946 3679 primu
968 3577 1151 3654 decembris
1168 3580 1253 3651 forte

119 3701 198 3752 cum
215 3685 346 3774 triginta
365 3686 469 3776 equis.
494 3693 526 3754 et
543 3685 709 3753 exercitus
727 3703 808 3753 suus
827 3685 945 3752 mansit
961 3685 993 3750 in
1011 3674 1155 3775 partibus
1173 3681 1252 3750 suis.

117 3776 204 3850 Item
216 3783 365 3850 civitates
383 3779 571 3874 imperiales
589 3783 749 3851 miserunt
759 3783 856 3850 etiam
868 3800 960 3868 suos.
979 3773 1112 3872 quilibet
1125 3796 1254 3846 secun-

118 3877 200 3948 dum
217 3897 320 3971 posse
337 3897 445 3968 suum.
463 3876 572 3948 eundo
590 3898 665 3948 cum
681 3876 812 3948 domino
829 3879 1036 3970 imperatore.

170 3989 253 4062 Item
276 3990 359 4063 feria
379 4003 474 4064 sexta
497 4002 572 4088 post
588 3989 688 4064 Lucie
714 3990 877 4083 [dcciii]
904 3991 1053 4062 dominus
1078 3993 1276 4083 imperator.

116 4111 196 4160 cum
214 4093 313 4162 certis
331 4089 402 4163 aliis
419 4087 616 4186 principibus
636 4099 669 4162 et
685 4087 868 4164 civitatibus
887 4091 990 4162 exivit
1007 4085 1254 4162 Franciurdiam

177 4273 369 4346 trucicata.
406 4275 437 4345 2)
456 4275 640 4334 thrdtttein:
662 4291 732 4331 tnox.
768 4277 799 4346 3)
819 4275 877 4336 W.t
897 4274 1040 4334 terrestria.
