2946 4822
276 220 346 296 162
575 215 741 276 bllelllAS
759 207 1100 274 nnnwnnsttnunnsts

274 397 346 470 simi
366 402 442 466 sunt
455 391 580 480 ellecti3
601 395 642 463 ita
659 391 745 487 quod
762 393 815 486 qui
829 394 903 486 per¹
921 391 1027 486 pedes
1043 397 1209 461 venerant
1224 384 1400 467 Austriam

274 491 413 564 [inoliter
429 490 545 563 decem
565 493 687 562 milium
704 513 887 562 marcorum
908 489 1033 562 rodinus
1053 485 1264 558 babuerunt.²
1292 485 1296 492 ’

273 677 323 745 lie
338 676 520 745 obsessione
537 677 639 744 oostri
657 675 827 744 andrni
833 693 896 762 por
914 691 1023 762 repom
1041 669 1225 756 liudolfum.

346 824 492 901 Rediens
517 836 626 896 autem
655 847 717 896 rex
743 823 789 896 ad
806 827 936 898 Renum
959 845 1032 896 otim
1063 823 1209 918 predicto
1234 820 1405 892 Basiliensi

274 925 430 1018 episcopo
450 933 593 995 castrum
617 933 650 993 et
670 921 801 1017 opidum
817 922 994 1008 Bronten
1021 920 1107 1016 quod
1131 941 1246 992 comes
1265 917 1406 990 Montis·

274 1019 434 1113 beligardi
447 1024 560 1110 tenuit,
573 1020 657 1116 quod
671 1023 844 1114 antiquitus
854 1021 958 1092 fuisse
968 1017 1135 1090 dicebatur
1147 1017 1282 1088 lendum
1295 1017 1407 1086 eccle-

275 1124 324 1192 sie
337 1117 543 1208 Basitiensts,
560 1116 688 1190 obsedit
698 1117 811 1208 [1283
824 1121 940 1208 mirol.
987 1118 1074 1204 Quo
1093 1127 1171 1188 tuno
1186 1117 1275 1188 victa
1293 1111 1407 1184 deinde
1460 1176 1461 1188 ,

274 1217 466 1290 Basiliensis
486 1216 627 1286 ecelesia
652 1220 760 1309 quiete
786 1217 942 1312 possedit.
993 1213 1183 1288 Constmxit
1208 1215 1315 1284 eciam
1340 1215 1407 1304 ipse

276 1317 450 1410 episcopus
470 1311 511 1384 dc
522 1313 643 1384 auxilio
662 1316 754 1405 regis
773 1325 917 1386 castrum
926 1311 1131 1384 Goldenvels
1151 1311 1235 1383 ultra
1246 1308 1407 1381 Brundrot

275 1417 307 1483 in
335 1413 495 1482 territorio
518 1409 734 1502 Gallicorum,
770 1423 891 1483 terram
919 1433 982 1506 que
1014 1415 1093 1484 citra
1125 1419 1178 1480 est
1208 1405 1407 1481 attrahendo.

276 1509 424 1603 Cumque
442 1529 554 1580 comcs
568 1507 878 1582 Novicastridicens
895 1531 933 1582 se
950 1508 1147 1581 advocatum
1165 1529 1269 1602 super
1281 1503 1408 1600 opidom
1461 1584 1462 1608 χ

274 1606 380 1678 Bielle
405 1614 524 1676 terram
542 1627 646 1700 usque
664 1605 705 1676 ad
725 1605 830 1678 Bielle
847 1609 878 1678 in
897 1629 957 1678 sua
975 1616 1137 1702 potestate
1161 1613 1305 1692 teneret,
1331 1624 1410 1698 pre-

275 1705 380 1776 dictus
401 1705 575 1797 episcopus
597 1713 741 1776 castrum
758 1703 921 1796 Slosberg
939 1703 1096 1778 edificans
1115 1714 1239 1776 terram
1254 1703 1346 1773 illam
1357 1723 1411 1794 per

276 1801 359 1874 duas
382 1800 495 1871 leucas
515 1803 657 1876 ecclesie
681 1823 742 1874 sue
765 1801 907 1874 dominio
932 1801 1123 1874 attrahebat.
1172 1800 1253 1872 ltcm
1272 1803 1305 1872 in
1326 1797 1411 1870 valle

277 1900 381 1972 sancti
407 1898 529 1970 Ymerii
556 1909 698 1970 castrum
725 1900 809 1972 sorte
835 1901 967 1992 Arguel
988 1901 1145 1973 edificans
1166 1897 1242 1970 inibi
1269 1909 1411 1969 meatum

277 1995 476 2068 Gallicorum
500 1994 667 2090 preclodit.
795 1999 857 2086 Qui
878 1997 1055 2088 Hemicus,
1079 2007 1154 2094 post
1176 1997 1297 2068 multos
1322 2005 1411 2066 actus
1462 2057 1463 2068 ,

278 2105 454 2168 strennuos
480 2105 513 2165 et
534 2094 621 2166 utilia
647 2093 821 2168 Basiliensi
844 2095 987 2168 ecclesie
1010 2097 1096 2170 lacta
1120 2093 1160 2166 ad
1182 2093 1411 2186 Moguntinnm

278 2191 591 2287 archiepiscopatum
613 2204 780 2286 promotus
804 2191 948 2284 [1286]ἦ
962 2193 1144 2288 predictum
1160 2195 1296 2266 Petrum
1313 2189 1412 2262 Diti-

278 2293 331 2380 tis7
349 2288 512 2362 mediante
528 2311 625 2386 papa
644 2289 686 2362 ad
706 2292 881 2364 ecclesiam
897 2289 1116 2365 Basiliensem
1134 2294 1309 2385 promovit.
1341 2290 1413 2360 Rex

279 2409 407 2484 quoque
428 2389 553 2460 nullom
572 2386 697 2460 habens
719 2401 841 2462 motum
861 2388 902 2461 ad
922 2389 1079 2480 liobam,
1105 2389 1217 2464 forsan
1236 2391 1312 2482 quia
1336 2385 1412 2458 sidit
1463 2398 1464 2450 t

279 2485 365 2558 malo
382 2489 500 2558 ceteris
520 2489 740 2577 successisse,
758 2490 846 2560 misit
857 2485 1038 2582 predictum
1054 2485 1233 2558 Henricum
1243 2485 1412 2558 Basilicu-

157 2619 163 2630 ·
280 2605 351 2657 sem
370 2585 560 2677 episcopum
577 2606 651 2654 cum
663 2584 875 2674 membranis,
890 2584 1000 2676 sigillo
1012 2606 1073 2656 suo
1087 2583 1251 2676 sigillatis„
1271 2581 1313 2654 ad
1328 2583 1413 2654 cisi-

280 2691 379 2752 tatem
396 2678 603 2754 Cumanam.⁴
651 2684 713 2769 Qui
731 2681 850 2752 ibidem
874 2680 944 2756 sedi
968 2681 1147 2776 apostolice
1163 2679 1413 2752 Romondiolam

281 2789 314 2850 et
328 2777 467 2872 quedam
485 2781 547 2850 alia
567 2781 600 2850 in
615 2779 792 2873 dampnum
812 2803 920 2871 grave
934 2783 1073 2872 imperii,
1086 2777 1202 2854 habitis
1219 2777 1415 2874 quibusdam

281 2871 481 2966 tractatibusq
500 2880 631 2948 nomine
648 2881 743 2970 regio
762 2877 928 2970 sigillavit.
957 2875 1100 2971 Ipseque
1115 2877 1292 2950 Heinricus
1315 2877 1415 2948 iactus

281 2972 546 3070 archiepiscopus
560 2985 695 3050 strenue
709 2975 808 3046 multa
823 2978 954 3070 peregit
969 2975 1154 3070 volensque
1167 2977 1305 3047 visitare
1324 2978 1416 3068 epis-

282 3081 433 3166 copatum
454 3071 759 3164 Constanciensem,
789 3073 951 3146 Rudolios
971 3071 1012 3142 de
1036 3071 1216 3164 llabsburg
1240 3077 1416 3168 episcopus

283 3169 564 3262 Constanciensist
580 3171 663 3244 lilius
677 3173 782 3264 patrui
796 3174 902 3264 regie,
921 3167 981 3242 sibi
997 3173 1122 3243 restitit.
1155 3169 1281 3258 Quibus
1299 3169 1417 3242 ambo-

282 3267 344 3339 bus
360 3279 476 3363 postea
493 3291 602 3340 coram
620 3292 705 3361 rege
730 3271 911 3340 constitutis
935 3279 968 3338 et
1001 3271 1142 3340 instante
1169 3267 1417 3364 archiepiscopo

283 3387 343 3460 pro
362 3369 568 3458 recitacione,
587 3370 742 3462 episcopo
757 3389 842 3438 vcro
855 3365 1001 3437 dicente:
1020 3369 1184 3438 modicum
1201 3387 1271 3438 esse
1288 3371 1418 3456 episeo-

339 3511 368 3582 1)
406 3529 444 3582 er,
463 3514 511 3570 das
530 3514 557 3570 in
575 3516 603 3570 B.
624 3515 698 3585 tetta,
716 3520 828 3586 ergdnnt
846 3531 894 3572 sus
913 3515 945 3572 Α.
965 3515 1019 3572 ond
1039 3515 1068 3570 C.
1105 3515 1137 3572 st
1157 3515 1184 3570 ln
1203 3515 1236 3570 Α.
1257 3514 1332 3585 iolgt
1351 3513 1417 3570 norb

285 3529 414 3656 folgende
429 3585 588 3669 emithlung:
602 3587 732 3643 Veniente
747 3595 834 3642 autem
849 3604 915 3658 rege
929 3589 955 3642 in
970 3587 1129 3658 Nitrenberg
1142 3586 1284 3642 Heinricus
1295 3586 1418 3642 Schorlio

285 3655 362 3713 liliam
382 3656 499 3728 hospitis
525 3675 568 3714 sur
593 3657 795 3730 speciossimam
821 3657 953 3714 violenter
978 3659 1099 3732 corrupit
1124 3665 1150 3714 et
1171 3663 1216 3714 stu
1237 3657 1314 3712 rosit.
1356 3659 1417 3712 Cum

285 3735 372 3784 antem
391 3729 506 3800 populus
527 3736 679 3784 commotus
699 3734 725 3783 et
744 3729 838 3785 merito
858 3747 872 3785 a
891 3745 957 3800 rege
976 3735 1087 3802 propter
1105 3729 1158 3785 hoc
1179 3729 1203 3784 io
1225 3727 1305 3785 scium
1322 3735 1419 3801 posto-

284 3799 360 3869 laret‚
378 3817 426 3856 rex
445 3799 677 3872 disprocedens,
696 3818 755 3856 cum
774 3818 804 3856 se
824 3818 903 3858 nemo
922 3801 1115 3874 interponeres
1133 3801 1239 3856 tandem
1260 3801 1331 3856 dixit
1345 3817 1420 3856 eom-

285 3878 389 3928 molus:
429 3871 467 3922 De
492 3873 539 3924 isto
563 3873 679 3926 iudicabo
703 3883 726 3924 et
744 3874 771 3923 on
797 3875 842 3925 boc
873 3875 925 3925 loeo
950 3875 1066 3924 indicans
1091 3873 1214 3941 qeeomds'o
1238 3873 1326 3924 edeam
1352 3873 1420 3924 nieb-

285 3945 360 3996 eaeo!
395 3943 533 3998 Perterreti
553 3949 640 3998 autem
661 3943 766 3998 nobiles
786 3950 813 3998 et
832 3943 947 4016 populns
967 3941 1080 3998 civitatis
1100 3943 1232 4012 videntes,
1257 3951 1356 4014 quanta
1378 3942 1420 3998 ille

286 4013 429 4070 allectione
454 4013 615 4084 diligebatur
634 4033 648 4068 o
667 4031 742 4083 rege,
767 4013 891 4069 Heinrico
918 4015 1040 4070 sclrdrlin
1067 4014 1197 4088 puellam,
1222 4031 1301 4086 quam
1323 4031 1419 4070 cerrit-

286 4093 370 4158 ρει-ιιι,
395 4085 421 4140 in
441 4086 583 4154 coniugem
603 4085 746 4150 legitimum
766 4085 908 4158 copulabat
927 4093 954 4140 et
972 4086 1100 4141 ducentas
1120 4101 1221 4140 marcos
1248 4087 1356 4154 argenti
1383 4085 1419 4139 eis

288 4156 375 4222 dabat,
404 4163 429 4210 et
454 4158 494 4210 sic
513 4155 613 4210 clamor
639 4163 730 4212 contra
750 4156 900 4211 lleinricum
927 4157 1073 4229 predictum
1100 4157 1230 4212 cessabat.
1268 4157 1300 4222 3)
1321 4157 1410 4226 quali

290 4226 342 4279 und
363 4227 391 4280 C.
429 4227 460 4293 4)
480 4243 512 4280 so
533 4227 558 4280 B.
579 4227 632 4280 und
653 4229 699 4294 Λ.;
718 4227 861 4282 Romanam
882 4227 967 4283 lraben
987 4227 1067 4302 Gusp.
1088 4229 1141 4282 ond
1163 4227 1230 4282 Ursi.
