2936 4828
398 197 801 258 oomurcrusttmmsrs.
1139 203 1186 276 13

90 391 182 444 eorum
196 374 336 466 protinus
353 368 568 461 menterno,
586 371 780 446 vexilliferis
798 391 913 442 eorum
935 379 969 441 et
990 369 1098 442 multis
1116 369 1188 445 eliis

89 473 196 560 notu,
218 473 400 564 oeterisque
423 469 583 565 peditibus
607 468 757 544 omnibus
780 473 813 541 in
837 469 951 561 fugam
967 465 1189 543 miserabilem

89 571 247 659 conversis
265 578 299 639 et
314 567 357 639 ad
374 568 529 641 arurilium
548 589 675 659 eorum,
694 571 747 662 qui
765 566 825 642 sub
836 563 996 662 equitibus
1014 576 1108 638 erent
1119 569 1189 639 oir-

89 665 215 756 suntad
238 688 277 738 se
294 675 543 756 convertentes7
560 669 623 761 ipsi
639 666 829 738 Bemenses
848 669 920 738 sine
937 686 1028 737 mora
1046 667 1189 736 univer·-

88 784 131 834 sos
146 774 194 835 aot
203 763 389 835 oeciderunt
404 773 459 835 aut
474 767 508 835 in
523 763 638 856 fingam
649 775 828 836 verterunt.
927 760 1094 836 Numerus
1105 785 1189 836 vero

87 864 255 952 taborum,
279 873 314 934 ut
331 865 545 934 eommuniter
563 860 741 952 dicebatura
766 871 836 933 erat
858 861 946 932 mille
971 870 1004 930 et
1021 863 1189 954 quingenti

87 960 150 1045 tiri3
165 961 242 1031 inter
258 981 342 1054 quos
360 969 431 1031 erat
447 958 597 1032 dominus
613 958 778 1032 lohannes
802 959 887 1032 lilius
906 957 1026 1028 domini
1041 956 1189 1029 Ludwici

87 1053 118 1124 de
131 1055 293 1148 Sabaudia
311 1056 433 1128 domini
448 1055 584 1145 Waudt
601 1056 751 1129 dominus
768 1056 929 1129 Rudolfus
947 1076 1059 1128 eomes
1070 1054 1112 1125 de
1123 1052 1189 1126 Ni-

86 1150 177 1244 dowe,
193 1153 340 1226 dominus
358 1152 547 1227 Gerbardus
565 1154 607 1225 de
623 1153 797 1244 Valendisp
814 1154 963 1226 dominus
973 1150 1137 1226 lebannes
1148 1151 1190 1223 de

86 1247 401 1344 lloggenburgmiles
419 1251 574 1326 scultetus
585 1249 868 1344 Fribmgensium,
886 1262 921 1323 et
935 1250 1047 1345 plures
1059 1250 1112 1322 alii
1122 1252 1190 1322 mi-

85 1345 142 1420 lites
158 1360 188 1421 et
201 1347 338 1424 nobiles.
357 1349 466 1422 Ceteri
484 1371 567 1421 vero
584 1340 968 1445 perfugam'evaserunt.
985 1345 1190 1422 Etobstule·

85 1457 143 1518 unt
155 1446 342 1522 Beruenses
359 1445 399 1518 ab
417 1445 563 1522 hostibus
580 1449 698 1540 viginti
716 1457 843 1542 septem
860 1446 997 1536 vexilla,
1020 1456 1055 1517 et
1070 1454 1190 1519 octua-

85 1547 157 1634 ginta
172 1547 284 1638 galeas
302 1557 476 1619 eoronatas
494 1567 568 1618 oum
586 1547 770 1618 occisorum
786 1545 898 1639 preda.

113 1642 269 1720 .Volentes
293 1655 405 1717 autem
426 1644 616 1716 Beruenses
641 1665 680 1716 se
697 1653 731 1713 et
748 1664 827 1716 suos
846 1641 1049 1714 solummodo
1066 1640 1190 1714 defen-

84 1735 147 1812 dere
162 1740 639 1836 mmmoderationeinoulpate
650 1740 764 1830 mtele,
782 1741 947 1833 fugientes
959 1741 1113 1835 persequi
1125 1738 1191 1811 de-

85 1836 225 1912 sistebant
244 1840 298 1912 llii
321 1862 405 1911 vero
423 1841 476 1936 qui
499 1842 532 1909 in
555 1849 664 1912 castro
688 1848 723 1909 et
747 1841 878 1909 civitate
894 1837 1030 1932 Leupen
1046 1837 1190 1925 fuerunt

83 1957 205 2028 pugnam
222 1949 254 2010 et
270 1940 472 2033 presentiam
490 1958 624 2010 suorum
642 1947 801 2007 eteorum
812 1938 982 2006 viatorium
992 1939 1120 2028 penitus
1131 1937 1191 2025 ig-

84 2047 260 2108 noravemnt
277 2035 387 2107 donee
401 2032 548 2107 hostibus
566 2031 715 2106 omnibus
733 2036 851 2106 oeoisis
870 2042 903 2104 et
919 2033 1054 2124 ugnus,
1072 2030 1113 2102 ad
1131 2053 1190 2104 eos

84 2132 263 2205 intraverunt
279 2136 344 2228 ipsi
353 2132 558 2222 Beruenses
576 2141 609 2202 et
626 2135 675 2203 eis
693 2153 757 2225 que
773 2129 858 2202 faeta
869 2129 1192 2202 fueruntnuntiave-

84 2239 149 2299 runt.
165 2231 217 2302 Sio
233 2253 318 2323 ergo
334 2229 525 2302 Bernenses
548 2228 733 2320 gaudentes
745 2250 783 2300 se
800 2232 943 2300 invicem
961 2235 1034 2300 suo¹
1062 2229 1112 2300 sui
1134 2229 1191 2297 iu-

83 2329 128 2414 ris
143 2350 179 2399 ae
192 2351 251 2423 pro
269 2351 332 2402 sua
349 2337 384 2398 et
399 2349 533 2402 suorum
549 2323 753 2415 liberatione7
775 2325 828 2396 dei
837 2336 917 2397 nutu
928 2335 961 2396 et
971 2324 1092 2397 ambio
1102 2321 1193 2394 libe-

83 2424 421 2516 rati,arebamd0minl2
433 2435 559 2520 captam
571 2420 767 2497 ebbostibus
780 2423 944 2494 dommum
955 2422 1066 2495 lesum
1074 2419 1192 2494 Chris-

84 2529 146 2612 tum
161 2523 277 2596 dueem
294 2533 328 2594 et
344 2533 511 2618 pastorem
526 2519 660 2611 bonum,
678 2521 720 2591 de
738 2543 827 2593 novo
838 2545 900 2617 per
909 2543 969 2594 eos
980 2519 1192 2608 immolatum,

84 2641 142 2690 mm
160 2621 256 2694 letitia
276 2621 490 2711 reduxerunt,
515 2625 563 2691 et²
581 2618 644 2689 deo
662 2621 785 2710 gratias
803 2617 921 2693 desua
939 2641 980 2690 ao
996 2638 1130 2692 suorum
1146 2617 1193 2688 li-

83 2711 226 2791 beratione
243 2729 399 2810 agentes,
416 2717 503 2788 diem
519 2715 636 2789 deoem
654 2717 787 2787 millium
797 2726 989 2812 martyrum,
1006 2719 1040 2787 in
1056 2735 1193 2810 quorum

84 2816 174 2906 tiglia
190 2816 253 2890 beo
271 2816 355 2888 laeta
372 2815 515 2906 fuermrt,
533 2819 617 2885 inter
634 2835 672 2886 se
690 2824 769 2886 e'sse
781 2815 1004 2910 sollempniter
1014 2809 1193 2883 eelebren-

83 2909 157 3003 dam
179 2919 261 2987 etin
279 2913 410 2984 hoodie
427 2910 624 3007 pauperibus
647 2911 775 3004 largam
793 2913 1043 3008 eleemosynam
1060 2913 1093 2981 in
1109 2930 1193 3004 per-

83 3019 194 3098 petuum
210 3010 353 3084 dandam
371 3007 560 3083 statuerunt

120 3108 212 3182 Porro
229 3108 474 3202 Fribmgenses
492 3117 526 3180 et
543 3129 657 3178 eorum
674 3106 852 3198 adiutores,
868 3106 1086 3179 Bemensimn
1103 3103 1192 3176 hos-

85 3211 133 3295 tes,
148 3205 295 3280 dolentes
313 3205 354 3276 de
372 3229 432 3279 sue
449 3216 483 3276 et
500 3226 634 3278 suorum
654 3204 835 3299 perditione
853 3214 886 3274 et
902 3203 1107 3290 confusione„
1126 3189 1193 3272 ad-

84 3303 227 3394 spirabant
244 3303 352 3376 adhue
368 3303 410 3376 ad
427 3302 602 3377 vindiotam
620 3312 732 3372 eontm
749 3302 953 3391 Beruenses,
978 3311 1011 3371 et
1028 3321 1133 3395 usque
1152 3295 1193 3368 ad

85 3405 245 3490 maximum
263 3403 383 3474 festum
400 3399 523 3495 pasche
542 3397 656 3490 [1340
672 3421 740 3496 epr.
761 3397 824 3489 16]
844 3410 965 3471 terram
974 3397 1194 3471 Bemensium

85 3496 220 3572 moendiis
239 3511 275 3570 et
288 3502 410 3592 rapinis
427 3502 461 3569 in
472 3509 626 3593 quantum
636 3507 786 3592 poterant
795 3496 980 3584 vastabant
1002 3507 1035 3567 et
1044 3493 1194 3566 homines

85 3613 150 3685 quos
166 3595 454 3691 deprehendebant
473 3599 545 3668 sine
563 3592 744 3666 miricordia
761 3592 962 3666 oeoidebant.
980 3593 1194 3685 lllustresque

86 3693 134 3761 uli
148 3692 245 3766 duces
264 3696 399 3766 Austris
418 3701 452 3764 et
467 3715 581 3766 eorum
592 3690 742 3764 advocati
753 3690 1030 3784 Fribmgensibus
1042 3701 1119 3760 tuno
1129 3709 1199 3759 au-·

84 3787 179 3864 utun
194 3791 352 3864 ferebant.
371 3791 612 3863 Solodorenses
629 3789 828 3880 Brettenses,
846 3793 995 3861 civitates
1013 3785 1194 3857 deMureto

86 3883 291 3962 etPaterniaoo
298 3885 670 3962 omnesaBernensibus
678 3897 903 3977 recesserunt,
910 3909 974 3957 neo
982 3883 1132 3958 victualia
1140 3890 1195 3951 ant

86 3985 419 4060 auuassemensnus
429 3985 637 4082 prebuerunt.
654 3983 721 4078 Ipsi
731 4007 860 4081 quoque
870 3983 1067 4056 Thunenses
1078 3979 1195 4052 aBer-

87 4143 251 4284 ²]idtsddbibb
258 4151 482 4223 unverstentlich,
496 4168 556 4209 man
570 4151 670 4208 tonnus
685 4154 754 4206 etwa
769 4155 914 4207 erwarten:
929 4163 979 4224 pro
994 4145 1176 4204 restitutione.
