2904 4826
277 219 348 294 536
618 223 792 282 ttEtittttctts
810 217 1064 282 uttooutttttsts

193 403 297 472 totta
324 397 446 470 llarolo
470 407 662 491 susueptusp
690 399 863 493 interponit
886 419 925 470 se
952 401 1037 470 inter
1063 420 1165 490 reges
1190 397 1338 491 preliotos
1356 409 1381 470 et

277 494 454 568 oonoorulat
470 493 619 583 eosdemq
637 498 680 566 ita
698 493 783 590 quod
800 496 855 568 ille
873 496 915 566 de
930 494 1224 585 Schwaraenburg
1239 497 1320 567 titulo
1334 517 1382 569 suu

277 593 383 684 regali
411 592 595 663 voluntario
628 596 810 684 renuntiata
844 597 1007 688 promissa
1035 591 1095 666 sibi
1123 615 1244 684 magna
1268 599 1382 686 pecunie

278 691 453 786 quantitate
472 709 532 782 pro
549 693 718 783 expensis.
756 689 832 785 lpse
856 689 959 762 etiam
980 691 1122 762 llarulus
1146 687 1289 784 prodiero
1308 713 1383 761 mar-

277 787 385 864 chioni
408 789 593 858 comitatum
615 787 732 860 Tiuolis
759 798 793 860 et
815 809 947 859 omnem
974 798 1096 860 terrum
1123 809 1222 881 quam
1248 791 1383 858 tenuitiu

276 881 417 979 Alpibus
435 887 611 974 noncessit
629 895 663 956 et
678 884 764 980 apud
781 885 947 958 domiuum
963 908 1081 981 papum
1098 883 1247 956 obtinere
1263 889 1384 978 promisit

278 981 555 1077 dispensationem
581 1004 682 1076 super
702 985 906 1054 matimonio
930 1005 1004 1054 oum
1027 983 1092 1054 lilia
1116 981 1211 1054 (lueis
1228 981 1384 1061 llariutbie.

276 1101 383 1154 uxore
401 1078 555 1152 lobannis
579 1079 687 1154 iratuis
706 1080 818 1153 Karoli
837 1083 890 1175 qui
914 1079 1020 1152 adbuc
1036 1081 1132 1170 vixit,
1159 1101 1221 1173 por
1240 1083 1336 1175 ipsum
1353 1081 1385 1152 la

276 1178 362 1250 lacto
380 1185 558 1268 monneto,
582 1187 615 1249 et
638 1199 701 1272 que
722 1176 876 1250 attinebat
891 1176 1070 1250 burlewioo
1089 1178 1238 1271 prediolo
1259 1182 1384 1250 intortio

277 1271 396 1367 gradu,
419 1284 516 1368 prout
534 1295 634 1369 supra
658 1273 717 1348 sub
735 1274 914 1348 budewioo
937 1279 1040 1370 ipsius
1062 1286 1155 1368 patre
1179 1277 1385 1364 inveniann

277 1371 396 1446 multos
414 1373 496 1444 alios
510 1393 608 1445 oasus
626 1372 712 1468 apud
727 1372 842 1448 sedem
856 1375 1067 1467 apostolicam
1085 1381 1119 1443 et
1133 1373 1216 1444 elias
1233 1377 1384 1443 terminare
1425 1395 1426 1406 ¹

276 1471 436 1566 promisit
454 1489 589 1565 quorum
605 1480 713 1542 tamen
729 1471 853 1542 nullum
869 1473 1065 1542 terminavit.
1090 1471 1151 1544 llis
1166 1479 1202 1540 et
1219 1471 1289 1542 aliis
1303 1473 1384 1564 paulis

276 1569 474 1661 interpositis
500 1567 641 1641 Karolus
665 1579 699 1640 ut
720 1567 919 1640 Ludewieus
941 1567 1077 1661 predicti
1099 1569 1174 1640 laeti
1204 1579 1280 1641 sunt
1301 1571 1384 1638 amici.
1425 1659 1426 1664 Ἰ

276 1671 330 1737 Aa
347 1685 448 1760 super
463 1664 646 1738 huiusmodi
664 1668 907 1759 oompositionis
930 1668 1065 1755 negotio
1082 1665 1226 1738 llarolus
1248 1665 1384 1756 sollemp-
1425 1673 1426 1738 ζ

276 1783 354 1834 nem
371 1760 591 1835 ambassatam
613 1765 763 1858 proponit
786 1762 930 1854 dirigere
954 1762 995 1833 aul
1019 1762 1185 1834 dominum
1204 1762 1384 1835 Clementem

167 1857 169 1864 ⁴
275 1880 412 1953 papam3
439 1857 500 1932 sed
526 1856 589 1930 beo
615 1859 738 1951 legatio
766 1861 890 1932 nullum
918 1859 1114 1934 sortiebatur
1141 1859 1301 1932 eilemum.
1331 1857 1385 1928 lluu
1425 1881 1426 1884 ¹

275 1957 374 2047 igitur
390 1957 625 2051 compositione
641 1956 726 2030 saeta
745 1955 892 2053 prelatus
910 1955 1098 2029 Guntbeuus
1116 1957 1158 2028 ula
1177 1955 1384 2029 Sobwarueu-

275 2050 361 2144 burg
378 2075 424 2125 ox
440 2056 601 2148 promissa
618 2053 804 2127 infirmitate
828 2075 946 2126 meuse
963 2057 1051 2126 iuuio
1071 2057 1152 2146 [iun.
1172 2055 1238 2146 14]
1260 2054 1383 2147 sequenti
1425 2079 1426 2090 ¹

275 2148 364 2242 obiit,
380 2160 476 2247 prout
492 2145 672 2242 dicebatur„
690 2152 837 2247 sepultus
857 2155 890 2222 in
900 2149 1129 2224 Frankoufurt.
1159 2152 1203 2226 Et
1219 2157 1313 2224 etiam
1327 2149 1383 2220 lla·

275 2249 366 2322 rolus
382 2251 415 2318 in
432 2245 651 2319 Frankoufurt
669 2254 773 2339 venit,
791 2247 845 2320 ubi
862 2248 917 2321 ille
937 2259 1004 2322 tres
1022 2245 1381 2326 eivitatasWetherubia

277 2367 341 2442 que
357 2348 448 2441 prius
467 2354 578 2417 contra
595 2347 702 2438 ipsum
719 2347 860 2436 iuuerunt„
878 2345 984 2417 eidem
1002 2356 1037 2418 ut
1053 2350 1126 2437 regi
1143 2345 1305 2419 obediunt

323 2443 362 2516 ln
381 2445 690 2516 oommemorutiune
707 2447 810 2516 saneti
827 2443 919 2516 Pauli
942 2444 1019 2516 luna
1042 2453 1118 2537 post
1140 2443 1282 2516 medium
1301 2445 1382 2516 uoutis

276 2541 433 2638 eolipsata
451 2541 523 2630 fuit,
542 2549 577 2612 et
594 2550 658 2613 tota
676 2545 859 2634 sanguinea
877 2544 1034 2636 apparuit.

323 2637 450 2713 Eodem
468 2660 554 2710 anno
572 2636 614 2708 de
630 2660 746 2712 mense
770 2639 847 2710 iulio
865 2641 1040 2734 episeopus
1058 2637 1243 2730 canensis,
1265 2641 1381 2712 iuouius

275 2736 398 2809 diooesi
422 2743 474 2808 est
496 2743 638 2808 castrum
661 2735 792 2826 tirolis,
816 2738 1002 2830 promulgat
1021 2737 1239 2831 sollempnem
1265 2745 1381 2810 senou-

273 2837 351 2906 tiam
369 2832 498 2906 divortii
514 2836 599 2906 inter
609 2830 788 2904 lubannem
802 2835 936 2906 fratrem
950 2833 1061 2906 Karoli
1078 2845 1112 2906 et
1127 2835 1228 2907 liliam
1246 2832 1380 2930 quonlam

273 2930 366 3004 uluois
385 2929 565 3019 llariutbia
587 2934 639 3002 oui
655 2935 899 3024 prenominatus
917 2929 1116 3004 Ludewiuus
1134 2933 1278 3004 marohio
1292 2932 1380 3002 Brau-

272 3026 515 3120 uentugeusis
540 3038 574 3099 ut
597 3031 693 3100 uxori
718 3051 778 3099 sua
802 3027 1048 3102 oohabitaverat
1071 3049 1131 3123 per
1153 3042 1281 3125 septem
1299 3047 1379 3100 uuuos

273 3137 308 3198 et
333 3126 429 3218 ulna,
452 3135 486 3196 et
508 3124 591 3198 duos
615 3147 735 3220 pueros
760 3129 906 3221 susoepit
925 3147 971 3200 ex
987 3131 1068 3220 ipsa.
1098 3126 1138 3198 ln
1156 3149 1220 3222 qua
1245 3128 1379 3202 sententia

272 3225 448 3319 episeopus
476 3225 594 3296 asserit
620 3220 781 3318 prelatum
802 3223 981 3296 iohannem
1004 3225 1158 3316 frigidum
1181 3235 1216 3298 et
1238 3231 1379 3321 imputau-

271 3331 340 3392 tem
356 3319 399 3392 aul
419 3321 569 3415 oopulam
594 3319 772 3410 carnalem,
796 3329 830 3392 et
853 3320 927 3393 ideo
950 3343 1017 3392 non
1040 3321 1144 3395 luisse
1167 3323 1377 3398 matrimonium

272 3420 358 3490 inter
374 3439 444 3492 eos.

321 3515 398 3588 Rex
414 3515 555 3591 llarolus
574 3519 789 3590 communiter
810 3522 1000 3611 reoognitus
1020 3518 1061 3591 ab
1078 3520 1229 3594 omuibus
1246 3515 1376 3615 principi-

271 3611 333 3686 bus
350 3624 384 3686 et
400 3613 583 3689 civitatibus
603 3617 636 3687 in
653 3613 828 3687 Alamania
851 3639 914 3690 rex
933 3617 1170 3709 Romanorum,
1191 3639 1264 3690 oum
1285 3615 1376 3704 rogim

271 3733 377 3784 uxore
406 3733 465 3783 sua
493 3735 600 3806 nuper
626 3711 720 3784 dueta
749 3717 864 3786 transit
881 3716 1148 3809 Aquisgrauum‚
1176 3713 1231 3787 ubi
1258 3707 1374 3788 seouulu

271 3815 447 3881 euronotur
463 3819 497 3881 et
512 3814 629 3901 regina
650 3831 762 3883 seeum
782 3813 815 3882 in
837 3811 923 3883 fastu
944 3810 1027 3882 beati
1043 3811 1152 3886 laoobi
1172 3814 1241 3905 [iul.
1260 3811 1317 3898 25]
1332 3825 1375 3900 pff

270 3905 435 3978 dominum
463 3906 742 4002 archiepisoopum
768 3907 1009 3982 Coloniensem.
1045 3910 1083 3983 ln
1105 3933 1168 4004 qua
1193 3909 1372 3983 eorouatiout

270 4027 345 4076 oum
363 4003 506 4077 marolio
519 4003 712 4080 luliuoensis
730 4019 896 4102 sceptrum
912 4018 1042 4080 teneret
1058 4010 1188 4100 regulo,
1203 4005 1372 4081 bulawirus

270 4098 415 4172 rnarobio
442 4101 775 4195 Braudeuburgeusis
805 4107 1090 4200 supranominatus
1123 4109 1271 4202 reoipero
1292 4099 1371 4173 uolui

272 4195 332 4278 sibi
349 4197 391 4276 tlt
408 4219 519 4296 manu,
536 4199 650 4278 dioens
668 4198 710 4273 aul
726 4199 867 4278 oilioium
886 4225 982 4281 suum
998 4203 1062 4277 boo
1078 4215 1240 4305 spectaro.
1261 4203 1369 4296 Propter
