2982 4824
261 218 334 292 688
579 173 637 272 ¹nn
657 212 1054 274 ononounonurrnauo.

261 389 337 483 quel
356 390 443 482 loeo,
466 388 555 464 dove
572 413 593 462 e
608 389 712 486 hoggi
728 391 847 485 Roma
874 390 934 464 eti
951 388 1062 464 uooise
1079 383 1188 460 Gaooo
1206 385 1263 459 nel
1280 394 1390 458 monte

260 486 430 562 Aventino
448 511 468 560 e
485 487 518 561 ie
534 490 566 562 la
584 492 659 562 uitta
675 488 825 582 Valeria,
841 512 908 564 ove
926 511 946 560 e
964 485 1169 582 Capidoglio.

308 583 375 660 Era
392 586 425 660 el
442 585 526 660 dioto
551 587 688 662 nastello
712 586 743 660 u·
759 587 904 660 Heroule
927 585 1055 680 granta
1070 607 1090 656 e
1106 580 1207 675 bello‚
1231 593 1330 680 posto
1344 592 1392 655 tra

260 681 313 755 doi
332 685 454 758 valloni
476 695 510 756 et
529 687 729 758 riterratoin
754 708 820 759 uno
842 688 967 781 poggio
994 705 1056 756 con
1073 684 1144 778 ripe
1167 679 1332 773 diatonon,
1360 692 1392 754 et

260 777 384 856 havire
400 804 467 855 uno
484 781 538 856 hel
554 781 673 875 borgo,
696 806 757 879 per
773 783 807 856 lo
823 784 920 879 quale
937 780 1164 874 albergavano
1183 783 1254 851 tutti
1280 779 1392 874 quelli,

259 877 322 951 ohe
338 881 506 954 volevano
529 881 653 954 andare
669 883 703 952 in
723 884 928 977 eompagnia.
960 878 1003 951 Et
1019 880 1090 972 enei
1105 899 1146 952 se
1163 888 1344 951 mantenne
1360 882 1394 962 in

258 981 460 1144 prosperita,
491 981 525 1051 in
547 981 620 1054 sino
654 978 716 1052 ohe
737 981 843 1054 Roma
872 979 906 1050 fu
930 976 1090 1050 edifieau.
1116 973 1180 1048 'Et
1205 974 1304 1070 dapoi
1331 975 1391 1049 ohe

287 1072 388 1150 bristo
414 1079 549 1150 inoarno
574 1077 664 1150 nella
688 1081 830 1170 vergine
849 1075 975 1166 Mariaq
1001 1070 1156 1147 havendo
1180 1072 1203 1145 li
1227 1077 1392 1148 tenanani

258 1173 393 1268 pigliato
417 1173 449 1246 la
476 1173 554 1247 fede
576 1173 631 1247 del
656 1171 831 1264 baeusnn
853 1174 988 1248 seruoli
1008 1195 1073 1245 una
1090 1168 1216 1264 chiesa,
1243 1172 1276 1244 la
1294 1173 1392 1270 quale

258 1269 362 1364 hoggi
378 1275 406 1346 si
424 1272 551 1346 chiama
568 1283 662 1348 sant)
679 1273 788 1346 Pietro
805 1271 860 1347 del
879 1271 1020 1345 Cotrno.¹

306 1368 576 1444 Essendattona
595 1371 723 1464 grande
741 1394 762 1442 e
778 1394 901 1466 magna
918 1367 1262 1444 oeroarnoliRomani
1280 1380 1390 1444 sotto·-

257 1476 396 1539 mettere
413 1466 498 1542 dioto
516 1469 665 1562 oastesso,
682 1491 703 1542 o
719 1491 785 1542 non
803 1467 1004 1566 possendolo
1020 1466 1160 1557 havere,
1177 1467 1199 1539 li
1215 1467 1315 1540 ferno
1326 1492 1392 1546 una

256 1561 360 1639 boetia
378 1569 411 1638 in
428 1568 538 1662 (puello
554 1568 641 1660 loeo,
664 1589 732 1640 ove
755 1565 859 1661 hoggi
875 1577 926 1641 sta
943 1566 976 1639 la
992 1565 1105 1640 chiesa
1121 1563 1153 1636 di
1171 1576 1267 1640 santo
1284 1565 1390 1638 Sixto.

305 1661 406 1735 Anno
434 1662 554 1738 domini
576 1665 715 1740 mixxx„
739 1665 775 1738 fu
796 1665 881 1738 faeta
905 1665 937 1739 la
964 1662 1075 1738 chiesa
1103 1662 1135 1735 di
1162 1674 1256 1736 santa
1284 1663 1390 1736 Maria

162 1775 167 1786 ·
255 1782 344 1834 nova
363 1759 394 1832 di
411 1762 548 1835 Viterbo
565 1786 683 1858 presso
709 1763 741 1836 al
763 1761 869 1856 borgo
890 1762 976 1836 della
1001 1765 1102 1857 pieve
1119 1759 1151 1832 di
1168 1772 1263 1835 santo
1282 1762 1390 1837 Piero.

255 1854 284 1927 E
301 1856 383 1932 duro
399 1859 431 1932 la
456 1859 539 1933 diota
555 1858 660 1935 hestia
678 1864 712 1934 in
728 1864 803 1936 sino
820 1860 862 1934 ad
885 1884 951 1935 uno
975 1871 1098 1960 tempo,
1121 1857 1183 1931 ohe
1200 1859 1339 1934 Arezzo
1356 1860 1390 1932 in

256 1967 405 2030 soaroeto
422 1955 462 2029 da
480 1957 621 2032 Romani
640 1960 692 2032 ool
716 1957 846 2034 hraooio
863 1959 951 2032 dello
967 1962 1181 2054 imperatore²
1198 1968 1293 2030 terno
1310 1957 1390 2030 nei-

254 2053 361 2126 l'anni
384 2053 504 2127 domini
527 2057 720 2132 nlxxniut
753 2059 817 2130 Per
838 2057 872 2130 la
895 2057 971 2152 qual
993 2079 1071 2131 oosa
1095 2056 1118 2128 ti
1140 2053 1304 2146 menni,
1329 2055 1391 2129 ohe

255 2150 418 2226 iaoevano
442 2156 705 2228 eontinuamente
728 2175 850 2249 guerra
873 2154 916 2227 ad
939 2154 1064 2246 Roma,
1097 2156 1125 2227 si
1150 2151 1391 2228 redussero'al

256 2249 393 2324 weoelio
409 2249 441 2322 ti
458 2249 592 2343 Eroule
613 2264 647 2326 et
661 2276 723 2348 per
739 2254 831 2325 forna
847 2254 1010 2347 pigliarno
1026 2252 1059 2324 la
1076 2247 1180 2324 basta
1198 2249 1229 2322 di
1246 2251 1390 2324 Romani
1470 2301 1471 2310 ι

255 2356 289 2419 et
305 2345 481 2422 ediioarno
499 2371 597 2445 sopra
616 2351 647 2422 al
665 2350 749 2425 dioto
767 2351 903 2424 castello
928 2349 981 2423 doi
1003 2347 1133 2442 borghi,
1155 2348 1253 2421 l'uno
1279 2373 1342 2446 per
1356 2350 1388 2422 la

255 2443 367 2518 strada
383 2446 532 2520 Romana
551 2469 660 2522 verso
677 2459 771 2522 santo
788 2448 897 2522 Pietro
921 2447 976 2521 del
992 2445 1121 2538 Golmo,
1143 2445 1255 2522 l'altro
1280 2470 1342 2542 per
1356 2449 1388 2520 la
1469 2537 1470 2544 ἵ

254 2544 323 2633 via,
341 2541 403 2614 ohe
421 2568 464 2618 va
482 2543 523 2618 da
540 2568 605 2642 una
623 2544 736 2621 chiesa
753 2545 913 2620 ohiaroata
928 2556 1022 2619 sento
1038 2544 1234 2636 Peregrina
1251 2565 1274 2616 e
1292 2545 1387 2618 chia-
1469 2545 1470 2637 i

254 2642 337 2714 maai
354 2641 387 2714 el
405 2639 510 2735 borgo
527 2642 721 2736 longaeua
738 2647 793 2736 gia
811 2665 913 2716 erano
929 2644 1165 2718 inooninoiate.
1195 2640 1254 2715 Poi
1272 2644 1388 2716 multi-

252 2737 398 2831 pliearno
420 2743 531 2835 populi
544 2744 641 2816 assai
663 2741 720 2814 nel
743 2741 842 2830 deute
860 2743 934 2817 looo
950 2764 971 2813 e
987 2741 1083 2813 forno
1107 2742 1196 2812 assai
1220 2743 1302 2813 torri
1329 2764 1388 2836 per

253 2831 432 2910 diiendersi
449 2835 490 2910 da
507 2837 660 2931 Romani,
686 2849 734 2912 tra
752 2839 786 2912 le
802 2837 899 2935 quale
923 2848 1026 2934 gente
1043 2840 1073 2910 oi
1088 2836 1184 2909 furno
1202 2843 1295 2913 assai
1313 2849 1387 2912 oet-

137 2959 146 2977 ·
252 2930 351 3003 tudini
377 2930 546 3027 ditionii,
571 2939 605 3009 in
628 2937 705 3032 quel
727 2947 837 3032 tempo
861 2941 981 3012 inimici
1004 2936 1036 3009 di
1057 2934 1211 3026 nonani,
1237 2935 1386 3016 seeundo
1467 2967 1468 3018 t

252 3025 325 3100 dice
345 3052 411 3103 uno
427 3033 563 3107 valente
580 3032 677 3107 homo
695 3032 855 3109 ohiumato
871 3034 1087 3123 tannetum,
1104 3031 1166 3104 ohe
1182 3032 1272 3132 dice,
1292 3056 1385 3108 oome

251 3125 283 3196 el
301 3123 385 3200 dioto
403 3132 539 3205 castello
555 3131 592 3204 fu
608 3134 661 3227 poi
679 3127 839 3206 ahiamato
856 3131 1006 3225 viterbo,
1023 3155 1043 3204 e
1058 3129 1148 3204 dioe:
1466 3177 1467 3180 =

415 3232 477 3320 Qui
495 3235 582 3328 eupit
596 3229 705 3306 acerbi
722 3255 929 3327 oognosoere
946 3244 1044 3328 gesta
1060 3230 1201 3320 viterbi,

415 3327 539 3402 Audiat
574 3327 679 3426 osque
695 3353 801 3422 mora
818 3331 894 3427 quid
910 3331 993 3404 liber
1008 3329 1072 3408 iste'
1089 3338 1198 3418 sonat

413 3425 519 3513 Quem
583 3428 754 3502 nuillontus
771 3433 912 3525 scripsit,
932 3433 984 3504 oui
1001 3433 1108 3526 prisea
1126 3427 1234 3500 tulere

415 3520 550 3618 Antiqui
567 3524 664 3614 saeta
682 3549 747 3622 que
763 3523 849 3604 hene
867 3528 957 3602 senia
974 3527 1085 3600 ierunt

332 3701 335 3708 ι
415 3622 514 3694 Anno
532 3621 593 3704 sui)
610 3623 790 3696 milleximo
806 3635 903 3720 aune
920 3625 1094 3698 bioenteno

413 3716 507 3791 lunto
524 3725 731 3814 pruternario
749 3721 810 3796 soli
828 3731 1045 3817 quatrugeno,

413 3815 486 3903 Quo
503 3816 674 3891 deseendit
689 3817 839 3892 dominus
857 3819 978 3895 mundo
995 3815 1095 3896 sorde
1111 3817 1212 3914 pleno

411 3910 556 4008 Erigone
574 3914 616 3988 de
634 3925 782 3990 sternere
797 3937 980 4013 pauperem
997 3928 1031 3991 et
1046 3937 1140 3990 oeno.

412 4009 506 4084 tuno
521 4011 667 4106 prefatus
686 4013 814 4087 aurifex
831 4014 979 4090 eiusdem
996 4017 1136 4090 ovinus

413 4106 506 4184 Ciuis
523 4109 609 4183 faeta
626 4109 868 4192 nondiditillius
885 4111 1052 4209 probitatis

302 4228 331 4300 1)
349 4231 470 4308 Bussip.
487 4233 537 4290 ot:
557 4232 642 4292 tituto.
678 4233 710 4306 2)
728 4235 852 4307 Augusto
872 4234 942 4308 tolgt
960 4236 1019 4296 trior
1036 4251 1090 4298 uon
1109 4253 1224 4297 neuerer
1241 4237 1324 4298 haud.
