<?xml version="1.0" encoding="UTF-8"?>
<!DOCTYPE html PUBLIC "-//W3C//DTD XHTML 1.0 Transitional//EN"
    "http://www.w3.org/TR/xhtml1/DTD/xhtml1-transitional.dtd">
<html xmlns="http://www.w3.org/1999/xhtml" xml:lang="en" lang="en">
 <head>
  <title>
</title>
<meta http-equiv="Content-Type" content="text/html;charset=utf-8" />
  <meta name='ocr-system' content='tesseract 3.04.00' />
  <meta name='ocr-capabilities' content='ocr_page ocr_carea ocr_par ocr_line ocrx_word'/>
</head>
<body>
  <div class='ocr_page' id='page_1' title='image "./fontesrerumgerm01hubegoog_0640.png"; bbox 0 0 3010 4822; ppageno 0'>
   <div class='ocr_carea' id='block_1_1' title="bbox 435 253 1219 326">
    <p class='ocr_par' dir='ltr' id='par_1_1' title="bbox 435 253 1219 326">
     <span class='ocr_line' id='line_1_1' title="bbox 435 253 1219 326; baseline 0.02 -16"><span class='ocrx_word' id='word_1_1' title='bbox 435 253 608 310; x_wconf 73' lang='lat' dir='ltr'><strong>auruncus</strong></span> <span class='ocrx_word' id='word_1_2' title='bbox 628 253 879 312; x_wconf 81' lang='lat' dir='ltr'><strong>asaoomassrs.</strong></span> <span class='ocrx_word' id='word_1_3' title='bbox 1149 253 1219 326; x_wconf 75' lang='lat'><strong>565</strong></span> 
     </span>
    </p>
   </div>
   <div class='ocr_carea' id='block_1_2' title="bbox 34 427 1343 4031">
    <p class='ocr_par' dir='ltr' id='par_1_2' title="bbox 90 427 1307 912">
     <span class='ocr_line' id='line_1_2' title="bbox 91 427 1307 526; baseline -0.002 -23"><span class='ocrx_word' id='word_1_4' title='bbox 91 443 164 526; x_wconf 92' lang='lat' dir='ltr'><strong>post</strong></span> <span class='ocrx_word' id='word_1_5' title='bbox 188 441 339 502; x_wconf 83' lang='lat' dir='ltr'><strong>octavam</strong></span> <span class='ocrx_word' id='word_1_6' title='bbox 364 433 613 503; x_wconf 86' lang='lat' dir='ltr'><strong>resurrectionis</strong></span> <span class='ocrx_word' id='word_1_7' title='bbox 638 430 810 502; x_wconf 87' lang='lat' dir='ltr'><strong>dominice.</strong></span> <span class='ocrx_word' id='word_1_8' title='bbox 836 436 868 499; x_wconf 87' lang='lat' dir='ltr'><strong>el</strong></span> <span class='ocrx_word' id='word_1_9' title='bbox 892 447 993 520; x_wconf 88' lang='lat' dir='ltr'><strong>super</strong></span> <span class='ocrx_word' id='word_1_10' title='bbox 1023 427 1086 498; x_wconf 91' lang='lat' dir='ltr'><strong>hoc</strong></span> <span class='ocrx_word' id='word_1_11' title='bbox 1108 427 1307 501; x_wconf 81' lang='lat' dir='ltr'><strong>indul-1352</strong></span> 
     </span>
     <span class='ocr_line' id='line_1_3' title="bbox 90 525 1221 622; baseline -0.001 -23"><span class='ocrx_word' id='word_1_12' title='bbox 90 532 222 609; x_wconf 69' lang='lat' dir='ltr'><strong>sentias</strong></span> <span class='ocrx_word' id='word_1_13' title='bbox 240 527 337 600; x_wconf 85' lang='lat' dir='ltr'><strong>dedit.</strong></span> <span class='ocrx_word' id='word_1_14' title='bbox 372 528 415 598; x_wconf 89' lang='lat' dir='ltr'><strong>Et</strong></span> <span class='ocrx_word' id='word_1_15' title='bbox 434 525 496 600; x_wconf 89' lang='lat' dir='ltr'><strong>hoc</strong></span> <span class='ocrx_word' id='word_1_16' title='bbox 513 529 589 601; x_wconf 85' lang='lat' dir='ltr'><strong>iacit</strong></span> <span class='ocrx_word' id='word_1_17' title='bbox 606 538 738 622; x_wconf 91' lang='lat' dir='ltr'><strong>propter</strong></span> <span class='ocrx_word' id='word_1_18' title='bbox 761 528 983 598; x_wconf 88' lang='lat' dir='ltr'><strong>reverentiam</strong></span> <span class='ocrx_word' id='word_1_19' title='bbox 1007 527 1221 621; x_wconf 79' lang='lat' dir='ltr'><strong>imperialium</strong></span> 
     </span>
     <span class='ocr_line' id='line_1_4' title="bbox 90 625 1221 720; baseline -0.003 -24"><span class='ocrx_word' id='word_1_20' title='bbox 90 630 281 718; x_wconf 58' lang='lat' dir='ltr'><strong>insignium„</strong></span> <span class='ocrx_word' id='word_1_21' title='bbox 299 627 373 720; x_wconf 87' lang='lat' dir='ltr'><strong>qnia</strong></span> <span class='ocrx_word' id='word_1_22' title='bbox 392 627 497 719; x_wconf 75' lang='lat' dir='ltr'><strong>alipta</strong></span> <span class='ocrx_word' id='word_1_23' title='bbox 515 625 557 696; x_wconf 89' lang='lat' dir='ltr'><strong>de</strong></span> <span class='ocrx_word' id='word_1_24' title='bbox 574 625 728 720; x_wconf 88' lang='lat' dir='ltr'><strong>predictis</strong></span> <span class='ocrx_word' id='word_1_25' title='bbox 752 625 975 696; x_wconf 75' lang='lat' dir='ltr'><strong>instrumentis</strong></span> <span class='ocrx_word' id='word_1_26' title='bbox 999 644 1062 696; x_wconf 89' lang='lat' dir='ltr'><strong>rex</strong></span> <span class='ocrx_word' id='word_1_27' title='bbox 1091 625 1221 696; x_wconf 87' lang='lat' dir='ltr'><strong>Roma-</strong></span> 
     </span>
     <span class='ocr_line' id='line_1_5' title="bbox 90 719 1221 819; baseline -0.003 -24"><span class='ocrx_word' id='word_1_28' title='bbox 90 747 208 795; x_wconf 89' lang='lat' dir='ltr'><strong>norum</strong></span> <span class='ocrx_word' id='word_1_29' title='bbox 226 745 288 796; x_wconf 89' lang='lat' dir='ltr'><strong>seu</strong></span> <span class='ocrx_word' id='word_1_30' title='bbox 306 727 480 819; x_wconf 84' lang='lat' dir='ltr'><strong>imperator</strong></span> <span class='ocrx_word' id='word_1_31' title='bbox 498 727 529 794; x_wconf 87' lang='lat' dir='ltr'><strong>in</strong></span> <span class='ocrx_word' id='word_1_32' title='bbox 548 747 607 796; x_wconf 92' lang='lat' dir='ltr'><strong>sua</strong></span> <span class='ocrx_word' id='word_1_33' title='bbox 625 732 716 794; x_wconf 89' lang='lat' dir='ltr'><strong>tonet</strong></span> <span class='ocrx_word' id='word_1_34' title='bbox 739 720 910 794; x_wconf 80' lang='lat' dir='ltr'><strong>custodia¹</strong></span> <span class='ocrx_word' id='word_1_35' title='bbox 961 719 1062 794; x_wconf 83' lang='lat' dir='ltr'><strong>Cuius</strong></span> <span class='ocrx_word' id='word_1_36' title='bbox 1091 720 1221 817; x_wconf 80' lang='lat' dir='ltr'><strong>quidem</strong></span> 
     </span>
     <span class='ocr_line' id='line_1_6' title="bbox 90 817 895 912; baseline -0.005 -20"><span class='ocrx_word' id='word_1_37' title='bbox 90 843 214 892; x_wconf 89' lang='lat' dir='ltr'><strong>corono</strong></span> <span class='ocrx_word' id='word_1_38' title='bbox 231 821 351 892; x_wconf 86' lang='lat' dir='ltr'><strong>festum</strong></span> <span class='ocrx_word' id='word_1_39' title='bbox 370 825 403 891; x_wconf 94' lang='lat' dir='ltr'><strong>in</strong></span> <span class='ocrx_word' id='word_1_40' title='bbox 421 842 528 912; x_wconf 81' lang='lat' dir='ltr'><strong>regno</strong></span> <span class='ocrx_word' id='word_1_41' title='bbox 545 821 684 894; x_wconf 88' lang='lat' dir='ltr'><strong>Francia</strong></span> <span class='ocrx_word' id='word_1_42' title='bbox 701 817 895 891; x_wconf 88' lang='lat' dir='ltr'><strong>celebratur.</strong></span> 
     </span>
    </p>

    <p class='ocr_par' dir='ltr' id='par_1_3' title="bbox 86 913 1307 1599">
     <span class='ocr_line' id='line_1_7' title="bbox 140 913 1307 1012; baseline 0.002 -24"><span class='ocrx_word' id='word_1_43' title='bbox 140 917 241 988; x_wconf 81' lang='lat' dir='ltr'><strong>Anno</strong></span> <span class='ocrx_word' id='word_1_44' title='bbox 262 917 409 989; x_wconf 88' lang='lat' dir='ltr'><strong>ciusdem</strong></span> <span class='ocrx_word' id='word_1_45' title='bbox 428 939 513 1012; x_wconf 89' lang='lat' dir='ltr'><strong>pape</strong></span> <span class='ocrx_word' id='word_1_46' title='bbox 531 929 627 990; x_wconf 80' lang='lat' dir='ltr'><strong>sexto</strong></span> <span class='ocrx_word' id='word_1_47' title='bbox 645 929 679 989; x_wconf 90' lang='lat' dir='ltr'><strong>ct</strong></span> <span class='ocrx_word' id='word_1_48' title='bbox 695 917 815 988; x_wconf 90' lang='lat' dir='ltr'><strong>domini</strong></span> <span class='ocrx_word' id='word_1_49' title='bbox 832 921 1036 990; x_wconf 87' lang='lat' dir='ltr'><strong>mccclviii.</strong></span> <span class='ocrx_word' id='word_1_50' title='bbox 1048 917 1090 990; x_wconf 95' lang='lat' dir='ltr'><strong>de</strong></span> <span class='ocrx_word' id='word_1_51' title='bbox 1103 941 1221 992; x_wconf 88' lang='lat' dir='ltr'><strong>mense</strong></span> <span class='ocrx_word' id='word_1_52' title='bbox 1236 913 1307 972; x_wconf 72' lang='lat'><strong>¹358</strong></span> 
     </span>
     <span class='ocr_line' id='line_1_8' title="bbox 89 1012 1221 1106; baseline 0.001 -18"><span class='ocrx_word' id='word_1_53' title='bbox 89 1019 167 1088; x_wconf 87' lang='lat' dir='ltr'><strong>iunii</strong></span> <span class='ocrx_word' id='word_1_54' title='bbox 187 1019 220 1085; x_wconf 91' lang='lat' dir='ltr'><strong>in</strong></span> <span class='ocrx_word' id='word_1_55' title='bbox 237 1015 373 1086; x_wconf 79' lang='lat' dir='ltr'><strong>Francia</strong></span> <span class='ocrx_word' id='word_1_56' title='bbox 392 1038 548 1106; x_wconf 86' lang='lat' dir='ltr'><strong>magnum</strong></span> <span class='ocrx_word' id='word_1_57' title='bbox 568 1016 710 1088; x_wconf 81' lang='lat' dir='ltr'><strong>schisma</strong></span> <span class='ocrx_word' id='word_1_58' title='bbox 728 1037 789 1086; x_wconf 91' lang='lat' dir='ltr'><strong>seu</strong></span> <span class='ocrx_word' id='word_1_59' title='bbox 806 1012 968 1088; x_wconf 89' lang='lat' dir='ltr'><strong>discordia</strong></span> <span class='ocrx_word' id='word_1_60' title='bbox 992 1019 1077 1088; x_wconf 88' lang='lat' dir='ltr'><strong>inter</strong></span> <span class='ocrx_word' id='word_1_61' title='bbox 1092 1014 1221 1088; x_wconf 88' lang='lat' dir='ltr'><strong>nobiles</strong></span> 
     </span>
     <span class='ocr_line' id='line_1_9' title="bbox 88 1111 1221 1207; baseline 0.002 -24"><span class='ocrx_word' id='word_1_62' title='bbox 88 1115 176 1185; x_wconf 88' lang='lat' dir='ltr'><strong>illius</strong></span> <span class='ocrx_word' id='word_1_63' title='bbox 194 1117 289 1204; x_wconf 81' lang='lat' dir='ltr'><strong>regni</strong></span> <span class='ocrx_word' id='word_1_64' title='bbox 307 1135 352 1184; x_wconf 85' lang='lat' dir='ltr'><strong>ex</strong></span> <span class='ocrx_word' id='word_1_65' title='bbox 367 1137 445 1202; x_wconf 61' lang='lat' dir='ltr'><strong>una,</strong></span> <span class='ocrx_word' id='word_1_66' title='bbox 466 1124 498 1184; x_wconf 92' lang='lat' dir='ltr'><strong>et</strong></span> <span class='ocrx_word' id='word_1_67' title='bbox 522 1116 615 1184; x_wconf 89' lang='lat' dir='ltr'><strong>cives</strong></span> <span class='ocrx_word' id='word_1_68' title='bbox 642 1135 702 1184; x_wconf 90' lang='lat' dir='ltr'><strong>scu</strong></span> <span class='ocrx_word' id='word_1_69' title='bbox 726 1111 902 1207; x_wconf 83' lang='lat' dir='ltr'><strong>populares</strong></span> <span class='ocrx_word' id='word_1_70' title='bbox 929 1134 974 1184; x_wconf 86' lang='lat' dir='ltr'><strong>ex</strong></span> <span class='ocrx_word' id='word_1_71' title='bbox 999 1124 1092 1207; x_wconf 89' lang='lat' dir='ltr'><strong>parte</strong></span> <span class='ocrx_word' id='word_1_72' title='bbox 1117 1113 1221 1185; x_wconf 86' lang='lat' dir='ltr'><strong>altera</strong></span> 
     </span>
     <span class='ocr_line' id='line_1_10' title="bbox 87 1208 1222 1306; baseline 0.003 -26"><span class='ocrx_word' id='word_1_73' title='bbox 87 1215 209 1298; x_wconf 60' lang='lat' dir='ltr'><strong>oritur,</strong></span> <span class='ocrx_word' id='word_1_74' title='bbox 238 1213 311 1304; x_wconf 82' lang='lat' dir='ltr'><strong>quia</strong></span> <span class='ocrx_word' id='word_1_75' title='bbox 338 1212 514 1305; x_wconf 88' lang='lat' dir='ltr'><strong>populares</strong></span> <span class='ocrx_word' id='word_1_76' title='bbox 542 1212 708 1305; x_wconf 91' lang='lat' dir='ltr'><strong>inculpant</strong></span> <span class='ocrx_word' id='word_1_77' title='bbox 739 1208 885 1294; x_wconf 66' lang='lat' dir='ltr'><strong>nobles„</strong></span> <span class='ocrx_word' id='word_1_78' title='bbox 914 1211 999 1306; x_wconf 86' lang='lat' dir='ltr'><strong>quod</strong></span> <span class='ocrx_word' id='word_1_79' title='bbox 1031 1210 1222 1284; x_wconf 78' lang='lat' dir='ltr'><strong>tradiderint</strong></span> 
     </span>
     <span class='ocr_line' id='line_1_11' title="bbox 86 1306 1221 1398; baseline 0.002 -20"><span class='ocrx_word' id='word_1_80' title='bbox 86 1306 268 1379; x_wconf 86' lang='lat' dir='ltr'><strong>iohannem</strong></span> <span class='ocrx_word' id='word_1_81' title='bbox 284 1329 403 1398; x_wconf 87' lang='lat' dir='ltr'><strong>regom</strong></span> <span class='ocrx_word' id='word_1_82' title='bbox 420 1308 559 1380; x_wconf 82' lang='lat' dir='ltr'><strong>Francia</strong></span> <span class='ocrx_word' id='word_1_83' title='bbox 575 1312 608 1380; x_wconf 90' lang='lat' dir='ltr'><strong>in</strong></span> <span class='ocrx_word' id='word_1_84' title='bbox 625 1329 742 1379; x_wconf 89' lang='lat' dir='ltr'><strong>manns</strong></span> <span class='ocrx_word' id='word_1_85' title='bbox 754 1306 970 1396; x_wconf 82' lang='lat' dir='ltr'><strong>Anglicorum</strong></span> <span class='ocrx_word' id='word_1_86' title='bbox 981 1313 1013 1380; x_wconf 94' lang='lat' dir='ltr'><strong>in</strong></span> <span class='ocrx_word' id='word_1_87' title='bbox 1024 1307 1113 1380; x_wconf 91' lang='lat' dir='ltr'><strong>hello</strong></span> <span class='ocrx_word' id='word_1_88' title='bbox 1123 1331 1221 1380; x_wconf 91' lang='lat' dir='ltr'><strong>oom-</strong></span> 
     </span>
     <span class='ocr_line' id='line_1_12' title="bbox 87 1404 1220 1500; baseline 0.002 -24"><span class='ocrx_word' id='word_1_89' title='bbox 87 1407 192 1478; x_wconf 87' lang='lat' dir='ltr'><strong>miaso</strong></span> <span class='ocrx_word' id='word_1_90' title='bbox 226 1427 312 1475; x_wconf 89' lang='lat' dir='ltr'><strong>anno</strong></span> <span class='ocrx_word' id='word_1_91' title='bbox 345 1408 543 1499; x_wconf 66' lang='lat' dir='ltr'><strong>preterttc„²</strong></span> <span class='ocrx_word' id='word_1_92' title='bbox 576 1405 617 1475; x_wconf 89' lang='lat' dir='ltr'><strong>de</strong></span> <span class='ocrx_word' id='word_1_93' title='bbox 645 1427 709 1498; x_wconf 83' lang='lat' dir='ltr'><strong>quo</strong></span> <span class='ocrx_word' id='word_1_94' title='bbox 735 1404 818 1476; x_wconf 88' lang='lat' dir='ltr'><strong>inira</strong></span> <span class='ocrx_word' id='word_1_95' title='bbox 849 1404 909 1477; x_wconf 89' lang='lat' dir='ltr'><strong>suh</strong></span> <span class='ocrx_word' id='word_1_96' title='bbox 942 1406 1064 1478; x_wconf 87' lang='lat' dir='ltr'><strong>Karclo</strong></span> <span class='ocrx_word' id='word_1_97' title='bbox 1093 1416 1220 1500; x_wconf 68' lang='lat' dir='ltr'><strong>quana„</strong></span> 
     </span>
     <span class='ocr_line' id='line_1_13' title="bbox 87 1501 1220 1599; baseline 0.002 -27"><span class='ocrx_word' id='word_1_98' title='bbox 87 1513 122 1572; x_wconf 89' lang='lat' dir='ltr'><strong>et</strong></span> <span class='ocrx_word' id='word_1_99' title='bbox 138 1501 226 1596; x_wconf 85' lang='lat' dir='ltr'><strong>quod</strong></span> <span class='ocrx_word' id='word_1_100' title='bbox 242 1505 273 1572; x_wconf 93' lang='lat' dir='ltr'><strong>in</strong></span> <span class='ocrx_word' id='word_1_101' title='bbox 291 1501 391 1572; x_wconf 91' lang='lat' dir='ltr'><strong>rebus</strong></span> <span class='ocrx_word' id='word_1_102' title='bbox 410 1505 478 1574; x_wconf 91' lang='lat' dir='ltr'><strong>suis</strong></span> <span class='ocrx_word' id='word_1_103' title='bbox 496 1505 586 1596; x_wconf 92' lang='lat' dir='ltr'><strong>ipsos</strong></span> <span class='ocrx_word' id='word_1_104' title='bbox 604 1503 731 1574; x_wconf 88' lang='lat' dir='ltr'><strong>vellent</strong></span> <span class='ocrx_word' id='word_1_105' title='bbox 748 1511 966 1597; x_wconf 54' lang='lat' dir='ltr'><strong>extorquerm</strong></span> <span class='ocrx_word' id='word_1_106' title='bbox 985 1513 1018 1574; x_wconf 88' lang='lat' dir='ltr'><strong>at</strong></span> <span class='ocrx_word' id='word_1_107' title='bbox 1034 1504 1105 1575; x_wconf 90' lang='lat' dir='ltr'><strong>aliis</strong></span> <span class='ocrx_word' id='word_1_108' title='bbox 1123 1527 1220 1599; x_wconf 81' lang='lat' dir='ltr'><strong>quam</strong></span> 
     </span>
    </p>

    <p class='ocr_par' dir='ltr' id='par_1_4' title="bbox 34 1597 1221 2959">
     <span class='ocr_line' id='line_1_14' title="bbox 34 1597 1221 1694; baseline 0.007 -28"><span class='ocrx_word' id='word_1_109' title='bbox 34 1657 38 1666; x_wconf 90' lang='lat'><em>.</em></span> <span class='ocrx_word' id='word_1_110' title='bbox 88 1597 237 1694; x_wconf 84' lang='lat' dir='ltr'><strong>pluribus</strong></span> <span class='ocrx_word' id='word_1_111' title='bbox 262 1600 414 1672; x_wconf 78' lang='lat' dir='ltr'><strong>articulis.</strong></span> <span class='ocrx_word' id='word_1_112' title='bbox 458 1599 596 1671; x_wconf 88' lang='lat' dir='ltr'><strong>Etcum</strong></span> <span class='ocrx_word' id='word_1_113' title='bbox 622 1622 723 1694; x_wconf 90' lang='lat' dir='ltr'><strong>super</strong></span> <span class='ocrx_word' id='word_1_114' title='bbox 747 1599 928 1672; x_wconf 88' lang='lat' dir='ltr'><strong>huiusmodi</strong></span> <span class='ocrx_word' id='word_1_115' title='bbox 953 1601 1095 1672; x_wconf 89' lang='lat' dir='ltr'><strong>articulis</strong></span> <span class='ocrx_word' id='word_1_116' title='bbox 1120 1601 1221 1674; x_wconf 88' lang='lat' dir='ltr'><strong>filium</strong></span> 
     </span>
     <span class='ocr_line' id='line_1_15' title="bbox 84 1695 1221 1793; baseline 0.004 -26"><span class='ocrx_word' id='word_1_117' title='bbox 84 1699 180 1788; x_wconf 82' lang='lat' dir='ltr'><strong>regis</strong></span> <span class='ocrx_word' id='word_1_118' title='bbox 196 1695 393 1790; x_wconf 90' lang='lat' dir='ltr'><strong>Delphinum</strong></span> <span class='ocrx_word' id='word_1_119' title='bbox 414 1698 574 1786; x_wconf 44' lang='lat' dir='ltr'><strong>relictumq</strong></span> <span class='ocrx_word' id='word_1_120' title='bbox 592 1701 644 1791; x_wconf 82' lang='lat' dir='ltr'><strong>qui</strong></span> <span class='ocrx_word' id='word_1_121' title='bbox 663 1708 738 1791; x_wconf 90' lang='lat' dir='ltr'><strong>post</strong></span> <span class='ocrx_word' id='word_1_122' title='bbox 754 1699 972 1790; x_wconf 82' lang='lat' dir='ltr'><strong>captivitatem</strong></span> <span class='ocrx_word' id='word_1_123' title='bbox 997 1701 1097 1793; x_wconf 89' lang='lat' dir='ltr'><strong>putris</strong></span> <span class='ocrx_word' id='word_1_124' title='bbox 1117 1719 1221 1770; x_wconf 85' lang='lat' dir='ltr'><strong>oom-</strong></span> 
     </span>
     <span class='ocr_line' id='line_1_16' title="bbox 86 1793 1221 1890; baseline 0.002 -26"><span class='ocrx_word' id='word_1_125' title='bbox 86 1804 186 1866; x_wconf 87' lang='lat' dir='ltr'><strong>natus</strong></span> <span class='ocrx_word' id='word_1_126' title='bbox 204 1804 276 1865; x_wconf 91' lang='lat' dir='ltr'><strong>crat</strong></span> <span class='ocrx_word' id='word_1_127' title='bbox 292 1797 324 1864; x_wconf 92' lang='lat' dir='ltr'><strong>in</strong></span> <span class='ocrx_word' id='word_1_128' title='bbox 342 1815 472 1886; x_wconf 66' lang='lat' dir='ltr'><strong>regem,</strong></span> <span class='ocrx_word' id='word_1_129' title='bbox 490 1794 616 1866; x_wconf 89' lang='lat' dir='ltr'><strong>adirent</strong></span> <span class='ocrx_word' id='word_1_130' title='bbox 637 1795 833 1888; x_wconf 70' lang='lat' dir='ltr'><strong>populares,</strong></span> <span class='ocrx_word' id='word_1_131' title='bbox 857 1805 1007 1890; x_wconf 86' lang='lat' dir='ltr'><strong>petentes</strong></span> <span class='ocrx_word' id='word_1_132' title='bbox 1035 1793 1095 1866; x_wconf 91' lang='lat' dir='ltr'><strong>sibi</strong></span> <span class='ocrx_word' id='word_1_133' title='bbox 1119 1817 1221 1890; x_wconf 89' lang='lat' dir='ltr'><strong>super</strong></span> 
     </span>
     <span class='ocr_line' id='line_1_17' title="bbox 84 1890 1220 1988; baseline 0.004 -26"><span class='ocrx_word' id='word_1_134' title='bbox 84 1890 152 1962; x_wconf 93' lang='lat' dir='ltr'><strong>hoc</strong></span> <span class='ocrx_word' id='word_1_135' title='bbox 169 1890 349 1984; x_wconf 56' lang='lat' dir='ltr'><strong>provideri7</strong></span> <span class='ocrx_word' id='word_1_136' title='bbox 366 1914 430 1962; x_wconf 87' lang='lat' dir='ltr'><strong>nec</strong></span> <span class='ocrx_word' id='word_1_137' title='bbox 449 1892 534 1964; x_wconf 90' lang='lat' dir='ltr'><strong>iilius</strong></span> <span class='ocrx_word' id='word_1_138' title='bbox 552 1914 612 1986; x_wconf 90' lang='lat' dir='ltr'><strong>pro</strong></span> <span class='ocrx_word' id='word_1_139' title='bbox 629 1893 799 1964; x_wconf 86' lang='lat' dir='ltr'><strong>voluntate</strong></span> <span class='ocrx_word' id='word_1_140' title='bbox 820 1916 933 1965; x_wconf 89' lang='lat' dir='ltr'><strong>corum</strong></span> <span class='ocrx_word' id='word_1_141' title='bbox 950 1892 1129 1988; x_wconf 87' lang='lat' dir='ltr'><strong>respondet</strong></span> <span class='ocrx_word' id='word_1_142' title='bbox 1145 1898 1220 1966; x_wconf 87' lang='lat' dir='ltr'><strong>cis-</strong></span> 
     </span>
     <span class='ocr_line' id='line_1_18' title="bbox 84 1989 1220 2084; baseline 0.005 -26"><span class='ocrx_word' id='word_1_143' title='bbox 84 1989 177 2076; x_wconf 69' lang='lat' dir='ltr'><strong>dcm,</strong></span> <span class='ocrx_word' id='word_1_144' title='bbox 196 1989 345 2059; x_wconf 90' lang='lat' dir='ltr'><strong>dominos</strong></span> <span class='ocrx_word' id='word_1_145' title='bbox 362 1999 439 2060; x_wconf 94' lang='lat' dir='ltr'><strong>tunc</strong></span> <span class='ocrx_word' id='word_1_146' title='bbox 456 2001 648 2084; x_wconf 61' lang='lat' dir='ltr'><strong>presentes„</strong></span> <span class='ocrx_word' id='word_1_147' title='bbox 666 1990 821 2063; x_wconf 87' lang='lat' dir='ltr'><strong>videlicet</strong></span> <span class='ocrx_word' id='word_1_148' title='bbox 844 1995 995 2064; x_wconf 86' lang='lat' dir='ltr'><strong>comitem</strong></span> <span class='ocrx_word' id='word_1_149' title='bbox 1020 1990 1220 2064; x_wconf 84' lang='lat' dir='ltr'><strong>Claremon-</strong></span> 
     </span>
     <span class='ocr_line' id='line_1_19' title="bbox 82 2083 1219 2182; baseline 0.004 -26"><span class='ocrx_word' id='word_1_150' title='bbox 82 2097 231 2174; x_wconf 64' lang='lat' dir='ltr'><strong>tensem,</strong></span> <span class='ocrx_word' id='word_1_151' title='bbox 249 2083 412 2179; x_wconf 88' lang='lat' dir='ltr'><strong>quendam</strong></span> <span class='ocrx_word' id='word_1_152' title='bbox 430 2092 618 2182; x_wconf 90' lang='lat' dir='ltr'><strong>episcopum</strong></span> <span class='ocrx_word' id='word_1_153' title='bbox 640 2099 672 2158; x_wconf 89' lang='lat' dir='ltr'><strong>et</strong></span> <span class='ocrx_word' id='word_1_154' title='bbox 690 2089 771 2162; x_wconf 90' lang='lat' dir='ltr'><strong>alios</strong></span> <span class='ocrx_word' id='word_1_155' title='bbox 789 2089 992 2162; x_wconf 88' lang='lat' dir='ltr'><strong>consiliarios</strong></span> <span class='ocrx_word' id='word_1_156' title='bbox 1014 2093 1106 2179; x_wconf 82' lang='lat' dir='ltr'><strong>regis</strong></span> <span class='ocrx_word' id='word_1_157' title='bbox 1124 2093 1219 2161; x_wconf 89' lang='lat' dir='ltr'><strong>occi-</strong></span> 
     </span>
     <span class='ocr_line' id='line_1_20' title="bbox 83 2184 1219 2280; baseline 0.004 -26"><span class='ocrx_word' id='word_1_158' title='bbox 83 2184 206 2254; x_wconf 91' lang='lat' dir='ltr'><strong>derunt</strong></span> <span class='ocrx_word' id='word_1_159' title='bbox 223 2186 254 2252; x_wconf 93' lang='lat' dir='ltr'><strong>in</strong></span> <span class='ocrx_word' id='word_1_160' title='bbox 272 2188 437 2276; x_wconf 87' lang='lat' dir='ltr'><strong>presentia</strong></span> <span class='ocrx_word' id='word_1_161' title='bbox 453 2190 556 2276; x_wconf 84' lang='lat' dir='ltr'><strong>regis.</strong></span> <span class='ocrx_word' id='word_1_162' title='bbox 589 2185 632 2256; x_wconf 86' lang='lat' dir='ltr'><strong>Et</strong></span> <span class='ocrx_word' id='word_1_163' title='bbox 647 2186 826 2258; x_wconf 86' lang='lat' dir='ltr'><strong>redeuntes</strong></span> <span class='ocrx_word' id='word_1_164' title='bbox 843 2185 974 2257; x_wconf 93' lang='lat' dir='ltr'><strong>domum</strong></span> <span class='ocrx_word' id='word_1_165' title='bbox 993 2207 1089 2280; x_wconf 82' lang='lat' dir='ltr'><strong>quam</strong></span> <span class='ocrx_word' id='word_1_166' title='bbox 1106 2187 1219 2280; x_wconf 91' lang='lat' dir='ltr'><strong>plures</strong></span> 
     </span>
     <span class='ocr_line' id='line_1_21' title="bbox 83 2281 1218 2371; baseline 0.005 -21"><span class='ocrx_word' id='word_1_167' title='bbox 83 2284 238 2351; x_wconf 87' lang='lat' dir='ltr'><strong>civitates</strong></span> <span class='ocrx_word' id='word_1_168' title='bbox 255 2285 351 2371; x_wconf 82' lang='lat' dir='ltr'><strong>regni</strong></span> <span class='ocrx_word' id='word_1_169' title='bbox 369 2303 407 2353; x_wconf 88' lang='lat' dir='ltr'><strong>se</strong></span> <span class='ocrx_word' id='word_1_170' title='bbox 425 2282 625 2354; x_wconf 90' lang='lat' dir='ltr'><strong>adinvicem</strong></span> <span class='ocrx_word' id='word_1_171' title='bbox 643 2284 950 2356; x_wconf 83' lang='lat' dir='ltr'><strong>confederaveruht.</strong></span> <span class='ocrx_word' id='word_1_172' title='bbox 994 2281 1037 2354; x_wconf 90' lang='lat' dir='ltr'><strong>Et</strong></span> <span class='ocrx_word' id='word_1_173' title='bbox 1054 2294 1218 2356; x_wconf 85' lang='lat' dir='ltr'><strong>exeuntes</strong></span> 
     </span>
     <span class='ocr_line' id='line_1_22' title="bbox 83 2379 1217 2474; baseline 0.004 -27"><span class='ocrx_word' id='word_1_174' title='bbox 83 2401 186 2448; x_wconf 89' lang='lat' dir='ltr'><strong>manu</strong></span> <span class='ocrx_word' id='word_1_175' title='bbox 205 2387 327 2448; x_wconf 89' lang='lat' dir='ltr'><strong>armata</strong></span> <span class='ocrx_word' id='word_1_176' title='bbox 349 2379 447 2450; x_wconf 90' lang='lat' dir='ltr'><strong>muita</strong></span> <span class='ocrx_word' id='word_1_177' title='bbox 466 2390 572 2452; x_wconf 83' lang='lat' dir='ltr'><strong>castra</strong></span> <span class='ocrx_word' id='word_1_178' title='bbox 590 2379 744 2453; x_wconf 88' lang='lat' dir='ltr'><strong>nobilium</strong></span> <span class='ocrx_word' id='word_1_179' title='bbox 762 2385 913 2454; x_wconf 90' lang='lat' dir='ltr'><strong>vicerunt</strong></span> <span class='ocrx_word' id='word_1_180' title='bbox 938 2391 971 2452; x_wconf 88' lang='lat' dir='ltr'><strong>et</strong></span> <span class='ocrx_word' id='word_1_181' title='bbox 993 2401 1109 2452; x_wconf 90' lang='lat' dir='ltr'><strong>omnes</strong></span> <span class='ocrx_word' id='word_1_182' title='bbox 1133 2401 1217 2474; x_wconf 90' lang='lat' dir='ltr'><strong>per·</strong></span> 
     </span>
     <span class='ocr_line' id='line_1_23' title="bbox 82 2477 1216 2568; baseline 0.004 -22"><span class='ocrx_word' id='word_1_183' title='bbox 82 2497 189 2546; x_wconf 89' lang='lat' dir='ltr'><strong>sonas</strong></span> <span class='ocrx_word' id='word_1_184' title='bbox 207 2479 360 2548; x_wconf 84' lang='lat' dir='ltr'><strong>inventas</strong></span> <span class='ocrx_word' id='word_1_185' title='bbox 377 2480 410 2547; x_wconf 91' lang='lat' dir='ltr'><strong>in</strong></span> <span class='ocrx_word' id='word_1_186' title='bbox 428 2481 557 2568; x_wconf 71' lang='lat' dir='ltr'><strong>castris</strong></span> <span class='ocrx_word' id='word_1_187' title='bbox 575 2501 684 2550; x_wconf 91' lang='lat' dir='ltr'><strong>mares</strong></span> <span class='ocrx_word' id='word_1_188' title='bbox 697 2479 892 2565; x_wconf 62' lang='lat' dir='ltr'><strong>etieminas„</strong></span> <span class='ocrx_word' id='word_1_189' title='bbox 906 2477 1047 2548; x_wconf 86' lang='lat' dir='ltr'><strong>infantes</strong></span> <span class='ocrx_word' id='word_1_190' title='bbox 1059 2487 1216 2566; x_wconf 65' lang='lat' dir='ltr'><strong>etseras</strong></span> 
     </span>
     <span class='ocr_line' id='line_1_24' title="bbox 81 2571 1217 2669; baseline 0.002 -25"><span class='ocrx_word' id='word_1_191' title='bbox 81 2571 286 2644; x_wconf 87' lang='lat' dir='ltr'><strong>occiderunt.</strong></span> <span class='ocrx_word' id='word_1_192' title='bbox 325 2573 407 2645; x_wconf 85' lang='lat' dir='ltr'><strong>Cum</strong></span> <span class='ocrx_word' id='word_1_193' title='bbox 427 2586 537 2646; x_wconf 79' lang='lat' dir='ltr'><strong>autam</strong></span> <span class='ocrx_word' id='word_1_194' title='bbox 555 2577 698 2648; x_wconf 86' lang='lat' dir='ltr'><strong>Parisios</strong></span> <span class='ocrx_word' id='word_1_195' title='bbox 725 2577 853 2669; x_wconf 87' lang='lat' dir='ltr'><strong>quidam</strong></span> <span class='ocrx_word' id='word_1_196' title='bbox 881 2573 1065 2668; x_wconf 89' lang='lat' dir='ltr'><strong>predicator</strong></span> <span class='ocrx_word' id='word_1_197' title='bbox 1087 2574 1217 2669; x_wconf 88' lang='lat' dir='ltr'><strong>publice</strong></span> 
     </span>
     <span class='ocr_line' id='line_1_25' title="bbox 80 2671 1216 2766; baseline 0.006 -28"><span class='ocrx_word' id='word_1_198' title='bbox 80 2675 114 2740; x_wconf 93' lang='lat' dir='ltr'><strong>in</strong></span> <span class='ocrx_word' id='word_1_199' title='bbox 133 2674 643 2766; x_wconf 85' lang='lat' dir='ltr'><strong>sermoncnitereturpopulares</strong></span> <span class='ocrx_word' id='word_1_200' title='bbox 654 2673 694 2744; x_wconf 91' lang='lat' dir='ltr'><strong>ah</strong></span> <span class='ocrx_word' id='word_1_201' title='bbox 712 2672 896 2746; x_wconf 90' lang='lat' dir='ltr'><strong>huiusmodi</strong></span> <span class='ocrx_word' id='word_1_202' title='bbox 907 2671 1216 2745; x_wconf 88' lang='lat' dir='ltr'><strong>crudehtaterevo-</strong></span> 
     </span>
     <span class='ocr_line' id='line_1_26' title="bbox 81 2769 1217 2866; baseline 0.005 -28"><span class='ocrx_word' id='word_1_203' title='bbox 81 2789 178 2854; x_wconf 65' lang='lat' dir='ltr'><strong>aare„</strong></span> <span class='ocrx_word' id='word_1_204' title='bbox 195 2770 307 2842; x_wconf 89' lang='lat' dir='ltr'><strong>iussus</strong></span> <span class='ocrx_word' id='word_1_205' title='bbox 326 2781 378 2841; x_wconf 90' lang='lat' dir='ltr'><strong>est</strong></span> <span class='ocrx_word' id='word_1_206' title='bbox 394 2769 538 2841; x_wconf 86' lang='lat' dir='ltr'><strong>interfici.</strong></span> <span class='ocrx_word' id='word_1_207' title='bbox 571 2772 709 2866; x_wconf 88' lang='lat' dir='ltr'><strong>Propter</strong></span> <span class='ocrx_word' id='word_1_208' title='bbox 729 2770 953 2844; x_wconf 87' lang='lat' dir='ltr'><strong>crudelitatem</strong></span> <span class='ocrx_word' id='word_1_209' title='bbox 970 2780 1079 2842; x_wconf 89' lang='lat' dir='ltr'><strong>autem</strong></span> <span class='ocrx_word' id='word_1_210' title='bbox 1097 2769 1217 2844; x_wconf 88' lang='lat' dir='ltr'><strong>huius-</strong></span> 
     </span>
     <span class='ocr_line' id='line_1_27' title="bbox 80 2863 887 2959; baseline 0.006 -24"><span class='ocrx_word' id='word_1_211' title='bbox 80 2863 174 2936; x_wconf 92' lang='lat' dir='ltr'><strong>modi</strong></span> <span class='ocrx_word' id='word_1_212' title='bbox 193 2886 276 2959; x_wconf 90' lang='lat' dir='ltr'><strong>papa</strong></span> <span class='ocrx_word' id='word_1_213' title='bbox 294 2879 328 2937; x_wconf 88' lang='lat' dir='ltr'><strong>et</strong></span> <span class='ocrx_word' id='word_1_214' title='bbox 345 2877 408 2938; x_wconf 92' lang='lat' dir='ltr'><strong>tota</strong></span> <span class='ocrx_word' id='word_1_215' title='bbox 428 2871 515 2938; x_wconf 85' lang='lat' dir='ltr'><strong>curia</strong></span> <span class='ocrx_word' id='word_1_216' title='bbox 534 2867 634 2939; x_wconf 92' lang='lat' dir='ltr'><strong>valde</strong></span> <span class='ocrx_word' id='word_1_217' title='bbox 652 2879 704 2940; x_wconf 91' lang='lat' dir='ltr'><strong>est</strong></span> <span class='ocrx_word' id='word_1_218' title='bbox 716 2879 887 2942; x_wconf 88' lang='lat' dir='ltr'><strong>commota.</strong></span> 
     </span>
    </p>

    <p class='ocr_par' dir='ltr' id='par_1_5' title="bbox 76 2961 1343 3643">
     <span class='ocr_line' id='line_1_28' title="bbox 131 2961 1343 3058; baseline 0.007 -27"><span class='ocrx_word' id='word_1_219' title='bbox 131 2961 284 3050; x_wconf 83' lang='lat' dir='ltr'><strong>Quadam</strong></span> <span class='ocrx_word' id='word_1_220' title='bbox 313 2967 455 3036; x_wconf 87' lang='lat' dir='ltr'><strong>societas</strong></span> <span class='ocrx_word' id='word_1_221' title='bbox 483 2976 681 3038; x_wconf 78' lang='lat' dir='ltr'><strong>amiatorum</strong></span> <span class='ocrx_word' id='word_1_222' title='bbox 707 2971 740 3038; x_wconf 94' lang='lat' dir='ltr'><strong>in</strong></span> <span class='ocrx_word' id='word_1_223' title='bbox 765 2968 937 3038; x_wconf 89' lang='lat' dir='ltr'><strong>Provincia</strong></span> <span class='ocrx_word' id='word_1_224' title='bbox 968 2989 1007 3038; x_wconf 91' lang='lat' dir='ltr'><strong>se</strong></span> <span class='ocrx_word' id='word_1_225' title='bbox 1033 2977 1218 3058; x_wconf 77' lang='lat' dir='ltr'><strong>congregat</strong></span> <span class='ocrx_word' id='word_1_226' title='bbox 1340 2993 1343 2998; x_wconf 79' lang='grc'>’</span> 
     </span>
     <span class='ocr_line' id='line_1_29' title="bbox 78 3058 1217 3158; baseline 0.005 -28"><span class='ocrx_word' id='word_1_227' title='bbox 78 3081 190 3154; x_wconf 88' lang='lat' dir='ltr'><strong>prope</strong></span> <span class='ocrx_word' id='word_1_228' title='bbox 209 3058 388 3133; x_wconf 86' lang='lat' dir='ltr'><strong>Marsiliam</strong></span> <span class='ocrx_word' id='word_1_229' title='bbox 406 3072 439 3133; x_wconf 88' lang='lat' dir='ltr'><strong>et</strong></span> <span class='ocrx_word' id='word_1_230' title='bbox 455 3066 619 3134; x_wconf 86' lang='lat' dir='ltr'><strong>civitatem</strong></span> <span class='ocrx_word' id='word_1_231' title='bbox 643 3064 857 3158; x_wconf 60' lang='lat' dir='ltr'><strong>Aquensem„</strong></span> <span class='ocrx_word' id='word_1_232' title='bbox 882 3065 965 3134; x_wconf 92' lang='lat' dir='ltr'><strong>sicut</strong></span> <span class='ocrx_word' id='word_1_233' title='bbox 985 3067 1018 3134; x_wconf 95' lang='lat' dir='ltr'><strong>in</strong></span> <span class='ocrx_word' id='word_1_234' title='bbox 1041 3063 1150 3151; x_wconf 64' lang='lat' dir='ltr'><strong>ltalia„</strong></span> <span class='ocrx_word' id='word_1_235' title='bbox 1175 3063 1217 3136; x_wconf 90' lang='lat' dir='ltr'><strong>de</strong></span> 
     </span>
     <span class='ocr_line' id='line_1_30' title="bbox 79 3155 1217 3253; baseline 0.005 -27"><span class='ocrx_word' id='word_1_236' title='bbox 79 3180 146 3251; x_wconf 83' lang='lat' dir='ltr'><strong>qua</strong></span> <span class='ocrx_word' id='word_1_237' title='bbox 167 3155 251 3228; x_wconf 88' lang='lat' dir='ltr'><strong>inira</strong></span> <span class='ocrx_word' id='word_1_238' title='bbox 271 3157 330 3230; x_wconf 90' lang='lat' dir='ltr'><strong>sub</strong></span> <span class='ocrx_word' id='word_1_239' title='bbox 349 3159 483 3248; x_wconf 64' lang='lat' dir='ltr'><strong>Karoia„</strong></span> <span class='ocrx_word' id='word_1_240' title='bbox 505 3183 568 3253; x_wconf 89' lang='lat' dir='ltr'><strong>quc</strong></span> <span class='ocrx_word' id='word_1_241' title='bbox 586 3160 740 3234; x_wconf 86' lang='lat' dir='ltr'><strong>devastat</strong></span> <span class='ocrx_word' id='word_1_242' title='bbox 749 3172 869 3250; x_wconf 62' lang='lat' dir='ltr'><strong>castra„</strong></span> <span class='ocrx_word' id='word_1_243' title='bbox 881 3159 1030 3232; x_wconf 88' lang='lat' dir='ltr'><strong>hominos</strong></span> <span class='ocrx_word' id='word_1_244' title='bbox 1042 3158 1217 3234; x_wconf 86' lang='lat' dir='ltr'><strong>crudeliter</strong></span> 
     </span>
     <span class='ocr_line' id='line_1_31' title="bbox 77 3253 1217 3352; baseline 0.004 -27"><span class='ocrx_word' id='word_1_245' title='bbox 77 3253 225 3341; x_wconf 68' lang='lat' dir='ltr'><strong>occidit,</strong></span> <span class='ocrx_word' id='word_1_246' title='bbox 253 3265 286 3326; x_wconf 89' lang='lat' dir='ltr'><strong>et</strong></span> <span class='ocrx_word' id='word_1_247' title='bbox 308 3279 364 3330; x_wconf 89' lang='lat' dir='ltr'><strong>res</strong></span> <span class='ocrx_word' id='word_1_248' title='bbox 389 3267 422 3328; x_wconf 91' lang='lat' dir='ltr'><strong>et</strong></span> <span class='ocrx_word' id='word_1_249' title='bbox 445 3257 528 3328; x_wconf 91' lang='lat' dir='ltr'><strong>bona</strong></span> <span class='ocrx_word' id='word_1_250' title='bbox 554 3261 735 3332; x_wconf 88' lang='lat' dir='ltr'><strong>immaniter</strong></span> <span class='ocrx_word' id='word_1_251' title='bbox 760 3260 889 3352; x_wconf 89' lang='lat' dir='ltr'><strong>rapiunt</strong></span> <span class='ocrx_word' id='word_1_252' title='bbox 908 3267 941 3328; x_wconf 90' lang='lat' dir='ltr'><strong>et</strong></span> <span class='ocrx_word' id='word_1_253' title='bbox 957 3257 1133 3344; x_wconf 65' lang='lat' dir='ltr'><strong>invadunt„</strong></span> <span class='ocrx_word' id='word_1_254' title='bbox 1156 3258 1217 3329; x_wconf 87' lang='lat' dir='ltr'><strong>sed</strong></span> 
     </span>
     <span class='ocr_line' id='line_1_32' title="bbox 76 3354 1218 3449; baseline 0.004 -28"><span class='ocrx_word' id='word_1_255' title='bbox 76 3373 205 3445; x_wconf 87' lang='lat' dir='ltr'><strong>papam</strong></span> <span class='ocrx_word' id='word_1_256' title='bbox 222 3363 257 3424; x_wconf 87' lang='lat' dir='ltr'><strong>et</strong></span> <span class='ocrx_word' id='word_1_257' title='bbox 273 3357 344 3424; x_wconf 90' lang='lat' dir='ltr'><strong>eius</strong></span> <span class='ocrx_word' id='word_1_258' title='bbox 362 3357 485 3426; x_wconf 87' lang='lat' dir='ltr'><strong>curiam</strong></span> <span class='ocrx_word' id='word_1_259' title='bbox 501 3377 568 3426; x_wconf 94' lang='lat' dir='ltr'><strong>non</strong></span> <span class='ocrx_word' id='word_1_260' title='bbox 595 3357 770 3428; x_wconf 87' lang='lat' dir='ltr'><strong>offendunt.</strong></span> <span class='ocrx_word' id='word_1_261' title='bbox 822 3355 864 3427; x_wconf 88' lang='lat' dir='ltr'><strong>Et</strong></span> <span class='ocrx_word' id='word_1_262' title='bbox 894 3354 1026 3427; x_wconf 90' lang='lat' dir='ltr'><strong>tandem</strong></span> <span class='ocrx_word' id='word_1_263' title='bbox 1048 3378 1132 3449; x_wconf 90' lang='lat' dir='ltr'><strong>papa</strong></span> <span class='ocrx_word' id='word_1_264' title='bbox 1163 3355 1218 3427; x_wconf 93' lang='lat' dir='ltr'><strong>dat</strong></span> 
     </span>
     <span class='ocr_line' id='line_1_33' title="bbox 76 3451 1217 3544; baseline 0.007 -26"><span class='ocrx_word' id='word_1_265' title='bbox 76 3452 130 3519; x_wconf 88' lang='lat' dir='ltr'><strong>cis</strong></span> <span class='ocrx_word' id='word_1_266' title='bbox 149 3451 409 3544; x_wconf 59' lang='lat' dir='ltr'><strong>viffi&#39;ntiquatuor</strong></span> <span class='ocrx_word' id='word_1_267' title='bbox 425 3453 522 3523; x_wconf 92' lang='lat' dir='ltr'><strong>millia</strong></span> <span class='ocrx_word' id='word_1_268' title='bbox 540 3453 759 3542; x_wconf 63' lang='lat' dir='ltr'><strong>llorenorum7</strong></span> <span class='ocrx_word' id='word_1_269' title='bbox 789 3465 824 3526; x_wconf 94' lang='lat' dir='ltr'><strong>ut</strong></span> <span class='ocrx_word' id='word_1_270' title='bbox 846 3451 1041 3524; x_wconf 88' lang='lat' dir='ltr'><strong>recederent</strong></span> <span class='ocrx_word' id='word_1_271' title='bbox 1064 3452 1105 3523; x_wconf 93' lang='lat' dir='ltr'><strong>dc</strong></span> <span class='ocrx_word' id='word_1_272' title='bbox 1129 3454 1217 3526; x_wconf 90' lang='lat' dir='ltr'><strong>Pro·</strong></span> 
     </span>
     <span class='ocr_line' id='line_1_34' title="bbox 76 3547 921 3643; baseline 0.007 -28"><span class='ocrx_word' id='word_1_273' title='bbox 76 3549 195 3616; x_wconf 88' lang='lat' dir='ltr'><strong>vincia</strong></span> <span class='ocrx_word' id='word_1_274' title='bbox 217 3557 251 3618; x_wconf 93' lang='lat' dir='ltr'><strong>et</strong></span> <span class='ocrx_word' id='word_1_275' title='bbox 268 3547 311 3618; x_wconf 89' lang='lat' dir='ltr'><strong>do</strong></span> <span class='ocrx_word' id='word_1_276' title='bbox 328 3551 439 3635; x_wconf 79' lang='lat' dir='ltr'><strong>ouria3</strong></span> <span class='ocrx_word' id='word_1_277' title='bbox 464 3548 581 3643; x_wconf 91' lang='lat' dir='ltr'><strong>quibus</strong></span> <span class='ocrx_word' id='word_1_278' title='bbox 599 3551 682 3622; x_wconf 91' lang='lat' dir='ltr'><strong>datis</strong></span> <span class='ocrx_word' id='word_1_279' title='bbox 699 3560 921 3624; x_wconf 86' lang='lat' dir='ltr'><strong>recesserunt.</strong></span> 
     </span>
    </p>

    <p class='ocr_par' dir='ltr' id='par_1_6' title="bbox 74 3645 1217 4031">
     <span class='ocr_line' id='line_1_35' title="bbox 129 3645 1216 3740; baseline 0.007 -27"><span class='ocrx_word' id='word_1_280' title='bbox 129 3645 236 3714; x_wconf 86' lang='lat' dir='ltr'><strong>Anno</strong></span> <span class='ocrx_word' id='word_1_281' title='bbox 253 3645 371 3716; x_wconf 86' lang='lat' dir='ltr'><strong>eodem</strong></span> <span class='ocrx_word' id='word_1_282' title='bbox 389 3646 517 3740; x_wconf 88' lang='lat' dir='ltr'><strong>quidam</strong></span> <span class='ocrx_word' id='word_1_283' title='bbox 535 3648 712 3739; x_wconf 86' lang='lat' dir='ltr'><strong>religiosus</strong></span> <span class='ocrx_word' id='word_1_284' title='bbox 738 3649 779 3720; x_wconf 89' lang='lat' dir='ltr'><strong>de</strong></span> <span class='ocrx_word' id='word_1_285' title='bbox 804 3648 918 3720; x_wconf 89' lang='lat' dir='ltr'><strong>ordine</strong></span> <span class='ocrx_word' id='word_1_286' title='bbox 942 3649 1076 3720; x_wconf 84' lang='lat' dir='ltr'><strong>fratrum</strong></span> <span class='ocrx_word' id='word_1_287' title='bbox 1100 3649 1216 3722; x_wconf 86' lang='lat' dir='ltr'><strong>Mino-</strong></span> 
     </span>
     <span class='ocr_line' id='line_1_36' title="bbox 75 3743 1217 3839; baseline 0.006 -28"><span class='ocrx_word' id='word_1_288' title='bbox 75 3763 169 3828; x_wconf 59' lang='lat' dir='ltr'><strong>rum„</strong></span> <span class='ocrx_word' id='word_1_289' title='bbox 197 3743 321 3834; x_wconf 90' lang='lat' dir='ltr'><strong>peritus</strong></span> <span class='ocrx_word' id='word_1_290' title='bbox 346 3747 379 3813; x_wconf 93' lang='lat' dir='ltr'><strong>in</strong></span> <span class='ocrx_word' id='word_1_291' title='bbox 403 3745 600 3836; x_wconf 40' lang='lat' dir='ltr'><strong>astrologia5</strong></span> <span class='ocrx_word' id='word_1_292' title='bbox 634 3749 666 3815; x_wconf 95' lang='lat' dir='ltr'><strong>in</strong></span> <span class='ocrx_word' id='word_1_293' title='bbox 693 3750 781 3818; x_wconf 90' lang='lat' dir='ltr'><strong>curia</strong></span> <span class='ocrx_word' id='word_1_294' title='bbox 805 3749 1030 3839; x_wconf 85' lang='lat' dir='ltr'><strong>prognosticat</strong></span> <span class='ocrx_word' id='word_1_295' title='bbox 1053 3747 1159 3818; x_wconf 86' lang='lat' dir='ltr'><strong>hrturu</strong></span> <span class='ocrx_word' id='word_1_296' title='bbox 1184 3758 1217 3819; x_wconf 89' lang='lat' dir='ltr'><strong>et</strong></span> 
     </span>
     <span class='ocr_line' id='line_1_37' title="bbox 76 3837 1216 3938; baseline 0.006 -30"><span class='ocrx_word' id='word_1_297' title='bbox 76 3837 253 3926; x_wconf 43' lang='lat' dir='ltr'><strong>terribiliaa</strong></span> <span class='ocrx_word' id='word_1_298' title='bbox 272 3839 425 3912; x_wconf 86' lang='lat' dir='ltr'><strong>videlicet</strong></span> <span class='ocrx_word' id='word_1_299' title='bbox 442 3841 527 3935; x_wconf 90' lang='lat' dir='ltr'><strong>quod</strong></span> <span class='ocrx_word' id='word_1_300' title='bbox 545 3841 585 3912; x_wconf 92' lang='lat' dir='ltr'><strong>ab</strong></span> <span class='ocrx_word' id='word_1_301' title='bbox 603 3865 644 3914; x_wconf 91' lang='lat' dir='ltr'><strong>eo</strong></span> <span class='ocrx_word' id='word_1_302' title='bbox 670 3853 816 3937; x_wconf 85' lang='lat' dir='ltr'><strong>tempora</strong></span> <span class='ocrx_word' id='word_1_303' title='bbox 840 3843 923 3914; x_wconf 86' lang='lat' dir='ltr'><strong>inira</strong></span> <span class='ocrx_word' id='word_1_304' title='bbox 949 3853 1087 3938; x_wconf 90' lang='lat' dir='ltr'><strong>quatuor</strong></span> <span class='ocrx_word' id='word_1_305' title='bbox 1111 3865 1216 3916; x_wconf 90' lang='lat' dir='ltr'><strong>annos</strong></span> 
     </span>
     <span class='ocr_line' id='line_1_38' title="bbox 74 3935 1215 4031; baseline 0.004 -24"><span class='ocrx_word' id='word_1_306' title='bbox 74 3935 272 4008; x_wconf 88' lang='lat' dir='ltr'><strong>cardinales</strong></span> <span class='ocrx_word' id='word_1_307' title='bbox 290 3936 332 4007; x_wconf 89' lang='lat' dir='ltr'><strong>do</strong></span> <span class='ocrx_word' id='word_1_308' title='bbox 349 3938 516 4010; x_wconf 76' lang='lat' dir='ltr'><strong>Asinioue</strong></span> <span class='ocrx_word' id='word_1_309' title='bbox 540 3941 684 4031; x_wconf 60' lang='lat' dir='ltr'><strong>fugient„</strong></span> <span class='ocrx_word' id='word_1_310' title='bbox 711 3952 854 4012; x_wconf 88' lang='lat' dir='ltr'><strong>alanno</strong></span> <span class='ocrx_word' id='word_1_311' title='bbox 878 3939 996 4012; x_wconf 89' lang='lat' dir='ltr'><strong>domini</strong></span> <span class='ocrx_word' id='word_1_312' title='bbox 1022 3942 1215 4014; x_wconf 59' lang='lat' dir='ltr'><strong>mccclxx.</strong></span> 
     </span>
    </p>
   </div>
   <div class='ocr_carea' id='block_1_3' title="bbox 73 4043 1216 4342">
    <p class='ocr_par' dir='ltr' id='par_1_7' title="bbox 73 4043 1216 4342">
     <span class='ocr_line' id='line_1_39' title="bbox 125 4043 1215 4130; baseline 0.007 -28"><span class='ocrx_word' id='word_1_313' title='bbox 125 4048 167 4130; x_wconf 79' lang='grc' dir='ltr'><strong>ι1)</strong></span> <span class='ocrx_word' id='word_1_314' title='bbox 193 4043 251 4103; x_wconf 75' lang='lat' dir='ltr'><strong>hier·</strong></span> <span class='ocrx_word' id='word_1_315' title='bbox 276 4049 347 4118; x_wconf 78' lang='lat' dir='ltr'><strong>iolgt</strong></span> <span class='ocrx_word' id='word_1_316' title='bbox 371 4052 456 4106; x_wconf 89' lang='lat' dir='ltr'><strong>noch:</strong></span> <span class='ocrx_word' id='word_1_317' title='bbox 482 4052 529 4106; x_wconf 84' lang='lat' dir='ltr'><strong>Gui</strong></span> <span class='ocrx_word' id='word_1_318' title='bbox 557 4053 624 4108; x_wconf 85' lang='lat' dir='ltr'><strong>hene</strong></span> <span class='ocrx_word' id='word_1_319' title='bbox 655 4053 800 4110; x_wconf 82' lang='lat' dir='ltr'><strong>coneordat</strong></span> <span class='ocrx_word' id='word_1_320' title='bbox 823 4056 895 4126; x_wconf 85' lang='lat' dir='ltr'><strong>quod</strong></span> <span class='ocrx_word' id='word_1_321' title='bbox 920 4057 947 4111; x_wconf 91' lang='lat' dir='ltr'><strong>in</strong></span> <span class='ocrx_word' id='word_1_322' title='bbox 974 4071 1044 4112; x_wconf 82' lang='lat' dir='ltr'><strong>nouo</strong></span> <span class='ocrx_word' id='word_1_323' title='bbox 1069 4055 1215 4127; x_wconf 84' lang='lat' dir='ltr'><strong>passionali</strong></span> 
     </span>
     <span class='ocr_line' id='line_1_40' title="bbox 73 4119 1216 4207; baseline 0.009 -34"><span class='ocrx_word' id='word_1_324' title='bbox 73 4121 182 4190; x_wconf 79' lang='lat' dir='ltr'><strong>legitur</strong></span> <span class='ocrx_word' id='word_1_325' title='bbox 201 4119 235 4174; x_wconf 84' lang='lat' dir='ltr'><strong>de</strong></span> <span class='ocrx_word' id='word_1_326' title='bbox 254 4135 355 4203; x_wconf 81' lang='lat' dir='ltr'><strong>corona</strong></span> <span class='ocrx_word' id='word_1_327' title='bbox 374 4121 465 4204; x_wconf 77' lang='lat' dir='ltr'><strong>spinea</strong></span> <span class='ocrx_word' id='word_1_328' title='bbox 486 4123 585 4180; x_wconf 89' lang='lat' dir='ltr'><strong>domini</strong></span> <span class='ocrx_word' id='word_1_329' title='bbox 605 4125 689 4181; x_wconf 87' lang='lat' dir='ltr'><strong>nostri</strong></span> <span class='ocrx_word' id='word_1_330' title='bbox 716 4127 773 4181; x_wconf 91' lang='lat' dir='ltr'><strong>lesu</strong></span> <span class='ocrx_word' id='word_1_331' title='bbox 800 4127 907 4182; x_wconf 84' lang='lat' dir='ltr'><strong>Christi.</strong></span> <span class='ocrx_word' id='word_1_332' title='bbox 935 4127 968 4182; x_wconf 91' lang='lat' dir='ltr'><strong>Et</strong></span> <span class='ocrx_word' id='word_1_333' title='bbox 993 4124 1074 4207; x_wconf 76' lang='lat' dir='ltr'><strong>hahes</strong></span> <span class='ocrx_word' id='word_1_334' title='bbox 1104 4125 1137 4180; x_wconf 90' lang='lat' dir='ltr'><strong>de</strong></span> <span class='ocrx_word' id='word_1_335' title='bbox 1163 4126 1216 4183; x_wconf 92' lang='lat' dir='ltr'><strong>hoo</strong></span> 
     </span>
     <span class='ocr_line' id='line_1_41' title="bbox 74 4190 1214 4342; baseline 0.011 -97"><span class='ocrx_word' id='word_1_336' title='bbox 74 4209 175 4320; x_wconf 57' lang='lat' dir='ltr'><strong>{puppas</strong></span> <span class='ocrx_word' id='word_1_337' title='bbox 177 4190 402 4332; x_wconf 46' lang='lat' dir='ltr'><strong>cslpebingndpprppi</strong></span> <span class='ocrx_word' id='word_1_338' title='bbox 411 4201 581 4338; x_wconf 52' lang='lat' dir='ltr'><strong>1pthp&#39;tleppptpplrlpq</strong></span> <span class='ocrx_word' id='word_1_339' title='bbox 590 4197 720 4325; x_wconf 58' lang='lat' dir='ltr'><strong>sppppdpe</strong></span> <span class='ocrx_word' id='word_1_340' title='bbox 722 4213 757 4342; x_wconf 64' lang='lat' dir='ltr'><strong>pp</strong></span> <span class='ocrx_word' id='word_1_341' title='bbox 775 4197 920 4326; x_wconf 62' lang='lat' dir='ltr'><strong>pgditiona</strong></span> <span class='ocrx_word' id='word_1_342' title='bbox 939 4215 995 4253; x_wconf 89' lang='lat' dir='ltr'><strong>was</strong></span> <span class='ocrx_word' id='word_1_343' title='bbox 1015 4215 1057 4255; x_wconf 89' lang='lat' dir='ltr'><strong>em</strong></span> <span class='ocrx_word' id='word_1_344' title='bbox 1073 4204 1163 4256; x_wconf 80' lang='lat' dir='ltr'><strong>ausula</strong></span> <span class='ocrx_word' id='word_1_345' title='bbox 1183 4215 1214 4258; x_wconf 79' lang='lat' dir='ltr'><strong>zu</strong></span> 
     </span>
    </p>
   </div>
   <div class='ocr_carea' id='block_1_4' title="bbox 0 0 1510 4822">
    <p class='ocr_par' dir='ltr' id='par_1_8' title="bbox 0 0 1510 4822">
     <span class='ocr_line' id='line_1_42' title="bbox 0 0 1510 4822; baseline 0 4"><span class='ocrx_word' id='word_1_346' title='bbox 0 0 1510 4822; x_wconf 95' lang='lat' dir='ltr'><strong> </strong></span> 
     </span>
    </p>
   </div>
  </div>
 </body>
</html>
