2918 4824
383 269 549 332 numnis
568 267 908 332 NUEWENBURGENSIS.
1138 267 1210 346 253

77 447 218 524 busdam
235 453 340 546 pactis
359 452 463 520 extitit
479 452 695 522 intromissus.
722 446 829 518 Lectis
846 454 954 517 autem
964 442 1007 515 ibi
1019 439 1211 538 quibusdam
1229 458 1299 514 ists

78 547 293 643 processibus
312 570 358 620 cx
373 557 466 641 porte
483 544 614 619 Gerlaci
631 547 758 640 provisi
769 543 953 636 Moguntini
971 552 1083 615 contro
1101 540 1211 612 Hein-

77 652 179 718 ricum
199 645 404 740 archiepisco
428 669 482 716 um
500 656 534 716 ct
551 666 630 718 suos
647 645 806 732 fautores,
833 663 969 736 quorum
987 641 1084 732 aliqui
1101 639 1211 710 domi-

78 745 188 816 cilium
206 744 303 839 Spire
319 669 497 833 trabebant„
515 741 557 813 de
575 740 637 814 boc
653 741 793 836 populus
812 749 864 833 est
881 750 1071 811 commotus.

80 897 170 986 Quid
186 915 251 966 res
267 898 411 966 Karalus
428 897 532 985 sperit
553 895 744 966 Wormocic.

124 1031 296 1102 Veniente
315 1039 423 1100 autern
441 1026 757 1120 regeWormaciam
775 1034 1003 1099 convenerunt
1019 1025 1104 1096 circa
1123 1047 1211 1098 ves·

78 1151 178 1222 peras
198 1126 309 1198 clerus
327 1137 360 1197 et
377 1127 532 1200 consules
550 1129 704 1212 civitatis,
732 1134 765 1196 et
782 1127 942 1218 quesitum
961 1133 1012 1194 est
1029 1146 1047 1192 a
1066 1124 1210 1197 clericis:

78 1229 240 1315 numquid
262 1228 379 1296 uellent
399 1226 539 1315 absolui,
570 1227 622 1295 acl
642 1227 724 1312 quid
744 1225 901 1293 sentirent
921 1225 962 1290 dc
982 1223 1211 1310 processibus?

78 1326 140 1411 Qui
158 1344 235 1394 cum
253 1333 386 1394 econtra
404 1331 615 1417 querereris
635 1318 840 1393 consulibus:
859 1321 940 1409 quid
955 1323 1018 1407 ipa·
1034 1319 1210 1390 sentirent?

78 1423 210 1516 illisque
228 1417 425 1492 dicentibus:
442 1440 478 1490 sc
495 1423 536 1490 dc
552 1419 737 1490 tutmmoct
753 1421 803 1488 nit
816 1423 945 1504 sertore,
963 1416 1138 1512 clerusque
1155 1415 1211 1487 di-

79 1529 173 1590 cerct
190 1516 222 1588 id
249 1521 366 1611 ipsum,
395 1519 502 1588 animo
526 1517 570 1587 nil
594 1516 734 1588 faciendi
758 1514 798 1586 ab
822 1518 965 1588 invicem
988 1523 1210 1586 recesserunt.

78 1615 115 1687 ln
134 1615 331 1709 crepusculo
350 1636 433 1687 vero
451 1614 590 1707 collegia
610 1617 844 1686 constituentes
869 1621 1112 1708 procuratores,
1136 1615 1212 1684 sin·

80 1714 232 1806 gulares¹
246 1735 329 1784 vero
341 1715 442 1784 curati
454 1722 487 1782 et
497 1712 607 1783 clerici
618 1734 678 1806 per
690 1734 728 1785 se
738 1715 841 1805 ipsos,
860 1722 893 1782 ct
902 1711 1048 1800 religiosi
1057 1731 1119 1803 per
1128 1731 1211 1802 pro-

82 1823 269 1900 curatores,
286 1813 475 1882 iuramentis
493 1813 649 1905 prestitis,
666 1833 726 1906 per
737 1806 1055 1901 Bobenbergcnsem
1073 1804 1212 1879 absoluti

80 1909 224 1980 inerunt.
259 1907 392 1979 Etcum
410 1931 507 1978 mane
524 1909 664 2003 populus
682 1929 774 1979 more
793 1906 887 1980 solito
905 1905 1008 1977 vellet
1025 1903 1138 1974 audbe
1156 1903 1211 1974 di-

80 2011 173 2099 vina,
204 2007 378 2100 clerusque
406 2005 508 2077 nollet
535 2027 644 2076 coram
673 2005 792 2100 populo
821 2001 1002 2092 celebrare
1030 1999 1135 2074 iactus
1161 2012 1213 2076 est

80 2105 254 2196 unctus,
272 2103 458 2197 clausisque
474 2106 576 2197 portis
594 2107 700 2175 omnis
733 2102 850 2196 opulus
863 2100 903 2173 ad
915 2099 1095 2195 hospicium
1105 2103 1211 2192 regis

81 2201 122 2273 ud
151 2201 240 2298 quod
268 2211 301 2272 et
325 2198 617 2292 Babenbergensis
646 2127 859 2294 conbrgerat‚
887 2209 1031 2270 armatus
1059 2202 1210 2270 occessit.

81 2297 226 2394 Ipseque
237 2297 540 2390 Babenbergensis7
558 2297 733 2369 mundante
751 2321 834 2390 rege
852 2301 974 2386 territoq
993 2316 1124 2366 omnem
1136 2295 1212 2365 cle-

81 2421 154 2469 rum
174 2408 207 2468 et
224 2396 378 2563 populum
395 2395 684 2468 Wormacienseru
703 2399 775 2467 sine
793 2397 880 2466 omni
898 2392 1089 2466 condicione
1107 2401 1139 2462 et
1156 2397 1212 2463 iu-

81 2505 235 2566 ramento
253 2518 271 2564 a
295 2495 401 2566 solvit.
426 2492 470 2564 Et
486 2497 594 2566 statim
612 2497 716 2566 omnis
736 2494 844 2565 clerus
862 2491 1038 2583 religiosus
1058 2498 1091 2561 et
1108 2511 1213 2562 secu-

78 2593 174 2684 laris,
200 2602 313 2664 contra
328 2595 541 2663 iuramentum
562 2614 638 2664 sero
654 2596 836 2687 prestitum,
860 2588 988 2685 publice
1007 2584 1134 2660 divina²
1150 2611 1212 2659 re-

79 2713 154 2762 sum
180 2694 231 2762 sit.

128 2714 211 2860 Pbst
228 2786 291 2858 bec
307 2791 366 2860 ivit
382 2787 606 2880 Mogunciam
630 2785 683 2859 ubi
709 2785 768 2860 sub
792 2795 900 2883 pacto,
924 2809 967 2858 ne
990 2785 1213 2858 introduceret

78 2885 260 2958 Gerlacum
276 2889 446 2980 provisum
463 2908 548 2979 pape
559 2884 617 2957 vel
628 2885 752 2980 aliquas
769 2885 838 2977 legi
855 2888 1058 2980 permitteret
1073 2884 1211 2974 litterusp

79 2982 262 3054 honorilice
290 2993 342 3055 est
364 2991 529 3078 receptus.
580 2981 643 3054 Ubi
667 2982 709 3053 ud
732 3003 809 3053 eum
831 2993 973 3056 venerat
990 2983 1211 3054 Treverensis

78 3084 174 3176 quasi
203 3081 344 3152 latenter
367 3101 440 3152 cum
464 3083 588 3175 paucis.
639 3079 702 3151 Ubi
726 3089 759 3150 ct
781 3101 871 3152 nova
894 3089 1101 3175 receperant,
1126 3077 1212 3172 quod

77 3179 161 3250 feria
182 3181 292 3273 quinta
309 3179 512 3273 precedenti7
531 3179 655 3252 scilicet
672 3187 746 3273 post
763 3177 969 3272 epiphaniam
987 3198 1072 3247 anno
1091 3174 1211 3245 domini

77 3277 300 3348 mcccxlviii.
327 3274 509 3366 [ian.10]q
537 3286 767 3371 procuratores
795 3285 827 3346 et
852 3277 1020 3348 secretarii
1043 3271 1211 3345 Ludowici

77 3373 279 3446 marchionis
306 3376 339 3445 in
361 3372 620 3466 Brundenbnrg7
648 3377 725 3444 item
747 3372 967 3445 Palatinorum
993 3372 1097 3462 lieni‚
1125 3370 1212 3442 Erioi

78 3471 172 3544 ducis
191 3471 338 3543 Saxonie
356 3482 389 3542 et
405 3471 550 3544 Heinrici
567 3470 801 3565 archiepiscopi
814 3469 998 3564 Mogontini
1015 3491 1077 3564 per
1093 3491 1211 3563 papam

78 3569 234 3665 depositi7
261 3579 424 3664 tamquam
442 3570 606 3641 electores
624 3572 788 3664 principes
807 3572 963 3639 maiorem
981 3578 1107 3662 partem
1124 3567 1211 3638 faci-

78 3679 187 3755 entem
211 3670 246 3737 in
262 3665 451 3738 Eduardum
469 3689 584 3759 regem
602 3667 741 3758 Anglie,
768 3664 943 3737 habentem
961 3686 1035 3737 cum
1054 3666 1103 3737 eis
1127 3685 1211 3757 pro-

78 3776 266 3836 curatorem
286 3773 319 3834 ct
335 3769 549 3836 secretarium
568 3787 675 3853 suumq
693 3765 727 3834 iu
743 3763 930 3835 Romanum
946 3783 1065 3853 regem
1083 3783 1128 3832 ex
1144 3783 1211 3854 op-

78 3866 185 3957 posito
203 3861 285 3932 ville
297 3861 403 3952 Reus7
423 3885 523 3956 super
532 3861 663 3934 Renum
682 3858 743 3933 sub
761 3860 1048 3950 costroLonsteim
1067 3879 1210 3930 concor-

78 3961 232 4034 daverint
259 3958 459 4050 eligendum.
510 3958 562 4030 De
589 3957 653 4031 boc
673 3979 801 4054 quoque
830 3957 980 4029 conlecte
1008 3953 1068 4029 sub
1093 3957 1210 4046 sigillis

78 4056 260 4130 eorundem
287 4060 468 4151 principum
485 4058 591 4129 littere
608 4061 642 4128 in
665 4059 837 4152 presencia
855 4058 999 4126 omnium
1024 4051 1099 4124 inibi
1124 4073 1211 4123 con-

78 4159 290 4230 venienoium
307 4153 436 4250 publice
452 4154 660 4247 legebantur,
679 4165 712 4226 et
729 4153 814 4249 quod
831 4152 1047 4248 ipsellnglus
1059 4173 1098 4223 se
1109 4152 1212 4223 vellet

126 4283 156 4354 1)
176 4299 209 4340 so
228 4283 272 4354 A„
290 4281 414 4352 singulos
433 4279 462 4337 B.
481 4281 536 4338 und
554 4281 584 4338 (t.
620 4281 652 4352 2)
671 4297 703 4340 so
721 4281 764 4356 A.‚
782 4279 872 4338 omnia
891 4278 977 4338 baben
998 4278 1026 4336 B.
1046 4280 1101 4337 und
1120 4279 1151 4336 G.
