2960 4832
270 200 343 276 112
487 263 491 270 ,
577 196 753 256 nummous
767 195 812 255 DE
830 195 1096 256 otussttnuovnrt.

185 383 256 440 rust
270 372 325 464 qui
347 391 465 442 omnes
488 367 668 444 Gihcllinos
692 380 727 444 et
752 371 984 463 imperatorem
1005 367 1164 440 Korolum
1177 365 1408 480 ‘deludebant

269 464 470 540 rebellantes
480 468 644 562 predictis.
684 465 865 581 diortulitos
877 471 951 541 sive
963 465 1139 580 epithuma¹
1154 463 1214 536 trit
1223 467 1257 580 in
1268 463 1408 580 dyocesi
1470 489 1471 582 p

269 563 432 679 Spirensi,
453 563 977 681 Bahemergens1,nuguqrenpr‚
997 563 1407 732 Rapsponenxlpttepprppr

266 659 1204 852 Ιοιίιτὲἒέῑᾞηᾘξοιἕβῠῖιιβξιςιὲηᾜΐῖἰΐῶᾚάὥη
1219 682 1408 829 Ιιίοῑθηιιίἕ

268 867 372 928 natur.
395 857 438 929 Et
454 855 495 927 ad
512 856 591 930 lviii.
610 855 820 946 accedamus,
844 860 1060 951 ipsiusgosta
1085 855 1159 928 stilo
1181 855 1323 950 simplici
1339 853 1407 924 de-

266 953 450 1026 scribendo.

269 1170 418 1258 Qualiter
440 1172 620 1259 imperator
638 1171 763 1239 ocoerrt
781 1187 893 1238 verae
909 1169 1075 1238 Peraeam
1097 1170 1146 1238 aa
1167 1168 1406 1256 baptizandum

367 1269 816 1357 quosdamrcpespopoooc

315 1425 398 1498 Item
409 1430 491 1498 anni.
502 1427 579 1500 lviii.
592 1449 709 1499 mense
720 1424 862 1501 octobris
873 1425 1197 1521 imperatorKarolus
1209 1429 1271 1499 ivit
1281 1449 1405 1502 versus

266 1525 446 1612 nussiam
464 1533 499 1594 ut
508 1523 667 1618 quosdam
677 1535 781 1615 reges
790 1545 940 1619 paganos
953 1521 1142 1617 baptizaret.
1159 1523 1202 1595 Et
1219 1547 1295 1596 cum
1306 1527 1405 1597 simul

267 1624 523 1710 convenissent,
550 1632 627 1692 tunc
652 1623 774 1714 pagani
800 1619 955 1713 petebant
982 1618 1043 1694 sibi
1071 1621 1212 1716 quodam
1235 1634 1348 1695 castra
1373 1633 1405 1712 et
1470 1625 1471 1698 t

266 1716 425 1812 quasdam
441 1721 644 1790 municiones
661 1720 787 1790 restitui
803 1729 978 1814 antequam
994 1717 1122 1791 vellent
1137 1716 1305 1812 baptizari.
1335 1719 1405 1790 Sed

266 1816 339 1888 illas
356 1817 559 1888 municiones
576 1813 696 1887 fratres
713 1813 904 1896 Theutonici
921 1825 1078 1909 ceperant
1099 1819 1171 1886 iure
1191 1813 1280 1887 helii.
1304 1815 1405 1888 Unde
1470 1811 1471 1896 t

265 1913 376 1985 visum
392 1923 445 1986 est
460 1915 647 2006 imperatori
664 1910 786 1984 Karolo
810 1911 896 2007 quod
917 1932 984 1983 non
1007 1909 1168 1985 deberent
1189 1915 1238 1986 eis
1262 1917 1405 2004 restitui,

264 2031 309 2081 ne
332 2007 578 2082 retrocederent
605 2019 638 2080 et
666 2007 842 2082 catholicos
869 2012 1108 2103 impugnarent
1135 2007 1178 2081 Et
1204 2013 1254 2082 sio
1280 2011 1405 2084 infecto
1470 2005 1471 2084 ἶ

265 2109 407 2198 negocio
424 2105 464 2177 ah
481 2109 624 2179 invicem
640 2117 863 2180 recesserunt
880 2104 923 2178 Et
942 2109 1074 2180 reversi
1087 2118 1163 2181 sunt
1174 2111 1404 2202 unusquisque

264 2207 298 2274 in
316 2203 448 2275 domum
465 2197 581 2277 su'a'm:¹
591 2207 770 2297 imperator
785 2205 818 2276 in
835 2203 990 2296 Pragam,
1007 2208 1132 2298 pagani
1144 2208 1178 2275 in
1195 2199 1403 2284 Lethauiam.
1470 2219 1471 2274 t

265 2299 309 2373 Et
324 2304 373 2374 sic
389 2323 510 2373 annum
526 2301 605 2374 lviii.
623 2299 677 2372 hio
691 2303 840 2372 termino.
858 2299 1040 2395 Imperator
1058 2301 1213 2398 baptizat,
1238 2301 1301 2375 sed
1317 2309 1404 2396 pap'a
1470 2347 1471 2400 p

265 2408 400 2492 pugnat.
427 2397 627 2473 Benedictus
645 2397 748 2488 deusp
776 2401 829 2493 qui
853 2396 895 2469 de
917 2400 1081 2492 piscatore
1104 2422 1171 2472 non
1194 2400 1303 2473 solum
1326 2399 1406 2471 iecit
1470 2415 1471 2480 ἢ

265 2506 431 2567 oratorem
448 2494 510 2570 sed
526 2499 630 2568 ocium
647 2497 889 2592 imperatorem.
1470 2501 1471 2534 ³

270 2719 367 2788 Getta
383 2718 465 2787 oroi
481 2718 559 2787 lviii.
576 2715 627 2786 De
637 2719 783 2805 quodem
798 2720 952 2788 socictate
963 2711 1165 2807 conprepotu
1181 2719 1217 2787 io
1228 2715 1405 2788 Sodeudr'o

365 2823 398 2884 et
411 2817 447 2883 to
461 2812 661 2904 Deprdiootu
678 2835 778 2904 quom
794 2817 944 2886 domim
955 2832 1051 2906 popo
1068 2818 1175 2886 timuit
1188 2823 1246 2886 etc.

315 2976 352 3048 In
370 2980 503 3050 nomine
520 2976 653 3067 domini,
677 3001 784 3050 amen.
808 2979 908 3052 Anno
926 2977 1045 3050 domini
1063 2979 1281 3070 m.coc.l.viii.‚
1309 2985 1405 3054 cuius

267 3085 364 3167 gesta
383 3083 550 3164 secuntur,
574 3096 659 3169 papa
676 3073 893 3149 Innocenoius
911 3099 929 3146 a
947 3073 1086 3171 quadam
1104 3078 1262 3148 societate
1280 3099 1347 3172 que
1373 3083 1404 3148 in

267 3170 430 3244 Sohaudia
449 3183 483 3244 et
498 3175 531 3242 in
541 3170 738 3265 Delphinatu
757 3182 960 3265 congregata
978 3171 1037 3244 finit
1054 3183 1087 3243 et
1103 3175 1254 3246 transitit
1270 3177 1304 3245 in
1315 3175 1406 3246 Pro-

268 3271 429 3358 vinciam,
451 3271 603 3340 timorem
624 3290 744 3361 passus
763 3281 823 3341 est.
851 3269 894 3340 Et
909 3269 1029 3342 idcirco
1053 3269 1214 3341 fossatum
1230 3270 1310 3342 iecit
1333 3269 1406 3343 ficri

268 3367 354 3436 circa
372 3367 536 3436 civitatem
551 3365 830 3458 Avinionensem,
847 3365 1042 3438 includendo
1059 3369 1167 3438 omnia
1186 3363 1356 3460 suburbia,
1375 3379 1407 3444 ct

268 3463 421 3555 imposuit
437 3483 544 3534 novas
563 3464 752 3536 exactiones
771 3466 856 3535 cirea
867 3463 1098 3536 vendicionem
1109 3465 1177 3534 vini
1195 3473 1230 3534 et
1245 3469 1356 3559 panis,
1374 3477 1405 3536 et

268 3578 457 3630 mensuram
474 3557 653 3652 dimiono„
680 3560 768 3631 unde
792 3558 936 3655 hospites
961 3571 995 3631 et
1018 3560 1139 3633 adveni
1167 3560 1404 3651 gravabantur.

268 3651 438 3726 Decimam
455 3653 655 3728 decimarum
671 3661 823 3750 imposuit
845 3656 964 3752 ubique
982 3669 1016 3729 et
1034 3658 1207 3751 pecuniam
1225 3657 1405 3750 adamavit
1470 3713 1471 3722 κ

232 3781 234 3786 ·
268 3751 469 3846 pretendens
487 3775 525 3826 se
543 3755 633 3826 velle
649 3751 790 3826 liberare
808 3756 984 3827 ecclesiam
1001 3777 1020 3825 a
1037 3752 1181 3848 predicta
1194 3757 1357 3830 societate
1375 3767 1406 3828 et

269 3873 288 3921 a
306 3853 454 3944 mannis
470 3849 712 3942 Longobaruia
736 3853 769 3922 in
787 3873 850 3944 qua
868 3861 945 3922 tuno
961 3848 1101 3922 habebat
1122 3873 1217 3923 suum
1242 3852 1405 3946 legatum,

269 3950 322 4041 qui
339 3946 381 4032 ihi
399 3959 433 4019 et
448 3951 481 4019 in
498 3947 642 4042 partibus
660 3946 801 4022 Thussie
818 3946 1046 4042 triumphabat
1064 3959 1098 4020 et
1113 3950 1183 4019 iura
1202 3959 1236 4020 et
1252 3953 1406 4026 civitates

269 4043 654 4140 ecclesierecuperabat
904 4076 909 4092 r
1136 4075 1140 4084 ·

306 4190 335 4250 rt
354 4207 387 4248 so
402 4192 445 4249 dis
459 4193 499 4249 hs.
515 4193 558 4249 itir
573 4193 714 4266 epidsmia.
749 4191 781 4264 2)
797 4193 945 4253 diminuunt
958 4196 1000 4252 hs.
