2918 4824
361 213 886 272 unmnmsnuawnnamamsrs.
1113 217 1185 294 245

46 389 98 458 De
115 391 264 460 mines
281 392 399 458 mensis
419 392 493 460 iulii
513 397 546 461 et
563 393 700 462 diuersis
718 392 919 478 conflictibus
935 399 970 463 at
984 393 1061 464 aliis
1078 396 1186 464 miro-
1202 407 1272 466 tstt

151 487 272 557 tilitas
292 505 355 575 pne
376 491 606 577 continperunt
626 493 760 579 inipso.

95 621 128 691 Ο
148 620 233 693 dure
250 626 375 696 mensis
393 623 471 712 iulii,
490 633 567 718 quot
584 621 805 714 conflictibus·
822 634 899 720 quot
914 625 1024 720 preliis
1042 625 1184 720 undique

45 723 77 790 in
98 720 250 793 ecclesia
269 725 363 814 quasi
381 723 514 814 apertis.
541 731 619 816 quot
641 721 855 816 pestilenciis,
880 731 957 818 quot
979 721 1183 814 egestatibus

45 817 267 890 Christicolas
285 819 494 912 oppressisti!
521 821 601 908 Quis
619 818 846 890 mortalitatem
862 819 1056 914 pestilencia
1074 831 1184 915 etpe-

44 921 157 1006 nurie„
178 937 244 1010 que
263 939 364 1011 super
378 914 517 988 Rodano
534 917 652 1008 luerat,
673 919 847 1012 presertim
864 920 896 988 in
914 920 1003 988 ouria
1021 917 1183 1008 Romana,

44 1014 85 1084 ad
105 1037 210 1108 quam
229 1018 329 1106 egeni
347 1037 391 1086 ex
407 1015 519 1108 preliis
531 1013 743 1110 depauperati
761 1013 989 1106 confugerant,
1007 1014 1184 1106 enarrabit,

44 1135 90 1184 cx
116 1135 184 1206 qua
213 1109 297 1183 ferie
324 1113 397 1207 plus
420 1133 487 1182 uno
513 1134 630 1186 mense
657 1115 690 1184 in
718 1115 806 1183 curia
835 1115 1007 1209 anticipata
1034 1113 1182 1185 lueruntl

43 1211 154 1280 Terra
172 1207 252 1280 inibi
270 1213 388 1302 egenis
406 1213 500 1304 quusi
517 1221 656 1305 purgata
683 1220 736 1283 est
759 1220 793 1280 et
815 1209 968 1298 infirmis3
995 1213 1094 1282 immo
1116 1233 1184 1284 non

45 1309 160 1378 solum
182 1317 273 1378 terre
298 1307 366 1396 illc,
393 1306 454 1378 sed
477 1319 510 1380 et
534 1319 621 1379 terra
637 1307 836 1379 Alamannia
859 1329 1024 1402 nunquam
1047 1310 1090 1377 ita
1114 1331 1183 1382 ex-

43 1404 169 1476 hausta
187 1407 289 1476 estin
306 1406 478 1476 frumento.
516 1405 544 1476 0
564 1405 633 1496 iuti,
661 1403 913 1499 quamcumlibet
936 1427 1083 1479 messem
1104 1409 1184 1500 pin-

44 1505 247 1594 guissimam
267 1503 413 1574 attuleris
431 1512 465 1572 et
481 1513 652 1593 maturam,
670 1503 791 1596 pluviis
808 1512 918 1574 tamen
928 1507 1033 1598 ipsam
1045 1502 1099 1574 diu
1110 1513 1183 1576 tar·

44 1598 148 1690 dans„
166 1609 305 1690 gentem
322 1622 419 1694 quam
436 1605 600 1694 perimere
618 1597 807 1692 minabaris,
824 1611 944 1673 mutata
956 1624 1035 1673 aura
1046 1613 1184 1696 repente

43 1697 221 1770 redemisti
245 1702 418 1792 captivam.
469 1698 643 1793 Nunquam
667 1701 788 1772 messis
813 1703 945 1790 grauior
967 1708 1020 1772 est
1041 1709 1182 1794 reperta.

44 1795 210 1868 Miserius
231 1806 285 1868 est
310 1795 459 1868 dominus
484 1816 677 1888 egenorum.
729 1793 925 1870 Oooidentes
952 1817 990 1870 se
1015 1806 1125 1867 mutuo
1150 1801 1184 1870 ht

45 1891 255 1965 conflictibus
273 1891 325 1963 dai
343 1891 460 1964 iudicio
478 1897 725 1966 committamus.
761 1892 831 1965 lam
848 1892 999 1966 iudicium
1011 1903 1063 1966 ost
1074 1895 1184 1966 mundi

43 1989 155 2064 huius.
211 1990 291 2077 Quis
309 1989 413 2082 Angli
438 1991 590 2087 preclari.
614 1993 678 2060 iam
702 1990 773 2062 iere
798 2013 858 2086 par
878 2013 1000 2063 annum
1018 1995 1183 2064 civitatem

45 2087 152 2160 Kales
170 2085 367 2176 obsidentis.
395 2110 468 2159 cum
486 2099 587 2182 gente
605 2087 722 2159 Franci
740 2089 907 2162 conflictus
925 2088 1127 2180 intranea,
1150 2093 1184 2161 in

46 2185 251 2274 Wasoonia,
268 2185 490 2275 inBritannim
508 2189 541 2258 in
558 2196 645 2257 terra
664 2190 810 2280 marique
828 2185 989 2258 narrabit!
1017 2185 1183 2259 OFranco

46 2293 168 2378 potens
187 2293 222 2353 et
238 2283 400 2377 preclareq
424 2287 476 2355 cui
492 2287 526 2354 in
544 2283 686 2355 ecclesia
704 2283 757 2354 dei
780 2285 889 2357 nullus
907 2283 1022 2357 diebus
1040 2289 1103 2355 tuis
1119 2307 1183 2354 re-

49 2405 131 2472 gum
156 2380 217 2455 vel
242 2383 421 2475 principum
448 2383 594 2476 prelatus
619 2390 671 2454 est
693 2383 751 2454 vel
775 2392 931 2476 aquatum
959 2393 1014 2454 tue
1036 2378 1183 2454 laborem

49 2481 235 2572 ignominie
254 2477 421 2550 oemeudo
438 2477 590 2552 tabescis.
633 2477 696 2550 Ubi
719 2479 865 2552 thesauri
883 2491 917 2551 et
933 2480 1068 2552 consilia
1086 2481 1184 2572 regni

47 2589 80 2649 et
96 2575 242 2672 perinde
259 2585 399 2666 morum,
428 2575 481 2648 ubi
505 2585 661 2670 precepta
686 2588 718 2648 at
742 2576 895 2648 mandata
918 2579 1019 2671 patris
1043 2587 1184 2670 patrum,

49 2699 111 2772 que
130 2674 174 2746 ad
192 2682 307 2745 nutum
325 2684 415 2746 tuum
434 2696 516 2770 quos
534 2671 673 2746 volebas
690 2675 851 2748 hactenus
868 2673 1080 2747 terruerunt?
1112 2673 1183 2748 Vos

49 2783 167 2846 vestre
187 2775 368 2866 sapiencia,
393 2771 512 2843 divicie
531 2782 564 2842 et
586 2776 736 2866 potencia
760 2772 973 2868 deceperunt.
1015 2770 1184 2865 Legantes

49 2893 113 2941 non
132 2868 341 2959 advertistis
358 2869 559 2941 conditorem
577 2865 665 2940 orbis
683 2873 755 2942 eius
773 2882 888 2942 tenere
904 2868 1062 2943 habenas.
1114 2871 1186 2942 Pax

50 2979 80 3039 et
98 2965 332 3062 tranquillitas,
353 2975 501 3061 tempore
517 2965 687 3039 Benedicti
704 2971 845 3064 proximi
861 2965 957 3040 vobis
975 2966 1096 3058 oblata,
1119 2971 1184 3040 iam

50 3067 188 3158 fugiens
206 3073 339 3138 vestros
358 3063 484 3136 deridet
500 3063 646 3138 effectus.
672 3065 775 3138 Sedo
793 3069 897 3160 pietas
916 3076 1043 3156 eterna.
1061 3069 1113 3137 oui
1130 3088 1185 3154 ea,

50 3187 112 3257 que
131 3159 231 3234 nobis
248 3161 446 3236 incredibilia
465 3172 499 3233 at
516 3167 640 3234 amara¹
661 3163 827 3253 videntur„
846 3163 945 3257 plana
963 3173 1039 3236 sunt
1056 3172 1090 3233 et
1107 3185 1184 3234 mo·

51 3261 159 3350 testa,
185 3260 239 3332 iao
256 3263 383 3332 semina
400 3263 539 3353 nysenie
557 3269 590 3330 et
606 3260 672 3332 lolii
689 3265 723 3332 in
740 3262 830 3354 agris
855 3263 1105 3350 sominanoinm„
1127 3263 1185 3331 in-

51 3359 197 3430 debitam
220 3355 484 3430 desiderancium
507 3361 712 3452 potenciam
739 3359 864 3430 fructus
892 3357 1014 3431 doloris
1038 3368 1072 3429 et
1095 3361 1185 3431 sois-

52 3460 162 3545 matis,
187 3459 221 3527 in
238 3459 316 3528 ortis
333 3477 417 3528 vero
434 3455 600 3528 humilium
625 3461 716 3550 pacis
735 3467 767 3528 et
787 3457 1023 3552 tranquillitatis
1047 3459 1186 3528 triticum

53 3575 256 3646 germinare.

55 3707 100 3777 lle
121 3711 227 3776 morte
248 3709 340 3776 ducis
357 3707 526 3777 Britannia
542 3709 614 3777 sine
628 3707 700 3790 filio
718 3709 775 3795 poi
791 3709 926 3794 reliquit
940 3707 1022 3776 duos
1038 3704 1186 3791 froom?

110 3842 193 3914 Dux
215 3839 383 3912 Britannia
407 3842 551 3914 moriens
576 3843 648 3914 sino
672 3839 759 3929 filio,
782 3839 881 3911 liliam
906 3850 939 3910 et
961 3837 1044 3912 duos
1068 3839 1186 3914 iratres

55 3941 196 4036 rchqnit‚
214 3960 352 4033 quorum
370 3941 482 4010 senior
497 3941 531 4008 in
548 3937 667 4011 ducatu
685 3940 857 4028 successit,
875 3935 940 4008 filia
958 3946 1067 4008 autem
1079 3941 1186 4008 comi-

106 4089 137 4157 t)
167 4103 201 4144 so
220 4087 331 4158 glaubte
348 4087 463 4144 Bbhmer
482 4087 530 4144 das
550 4103 645 4144 aurora
665 4087 712 4143 des
732 4088 772 4142 bs.
792 4085 892 4140 tndem
911 4101 943 4141 au
963 4084 1065 4155 collau,
1090 4086 1187 4142 Studet

57 4159 213 4216 interiora.
251 4159 284 4228 2)
309 4158 369 4228 vgt.
390 4176 422 4214 zu
448 4157 549 4215 diesem
569 4177 636 4231 cap..
664 4176 708 4215 wo
729 4157 772 4214 dia
797 4155 1097 4228 personalverhtllnissa
1116 4157 1187 4220 nicht

59 4247 123 4304 gana
142 4230 243 4304 richtig
262 4229 420 4304 dargastollt
437 4230 507 4304 sind,
525 4230 595 4290 Pauli
616 4231 710 4290 dasch.
729 4228 866 4302 Euglands
885 4227 965 4303 4,385
974 4227 1000 4290 li.
