3010 4822
275 241 347 320 542
616 237 1061 304 annuamusamooarnons

191 429 260 488 1355
274 413 345 490 dies
362 415 507 512 prediota
524 419 703 514 progeniae
714 439 888 492 oommuna
899 419 1038 494 oivimtis
1049 425 1161 492 oonua
1171 418 1407 512 imperatorem

274 525 468 607 provooant,
485 527 518 588 et
535 538 676 609 magnus
693 539 805 589 runror
821 519 961 609 insurgit
986 518 1066 606 [mai
1088 515 1168 606 201,
1190 517 1225 586 in
1249 536 1316 609 quo
1339 517 1408 586 im·

273 621 406 704 perator
429 623 462 684 et
485 617 535 686 sui
559 617 592 684 in
617 617 730 688 mortis
751 617 898 710 periodo
925 618 1111 686 extiterunt
1162 612 1231 684 Sed
1255 611 1407 684 dominius

275 706 492 803 Marquardus
510 713 684 806 episeopus
697 712 922 804 Augustensis
938 735 1003 784 una
1020 735 1095 784 oum
1113 714 1182 784 suis
1199 721 1269 782 tum
1279 712 1407 803 paneis,

273 808 378 900 primo
411 820 524 880 ereoto
556 809 682 882 vexillo
697 812 846 883 inimioos
870 809 1026 882 audacter
1053 809 1200 896 invadit„
1221 818 1257 880 et
1282 817 1408 901 pugnat

274 925 349 974 oum
367 907 453 978 aisa
471 927 569 978 mane
586 929 692 1002 usque
709 905 751 978 ad
767 929 959 1003 vesperam,
977 909 1090 1002 plures
1112 905 1323 994 ooddoruut,
1346 927 1408 976 re-

273 997 350 1094 liqui
374 1001 540 1094 fugerunt.
591 1003 713 1078 Sedato
739 1025 873 1077 rumore
906 1004 970 1076 duo
1000 1028 1046 1077 ex
1072 1003 1216 1098 predicta
1245 1005 1408 1096 progenie

273 1097 514 1175 machinatores
532 1105 615 1196 eapti
634 1113 709 1175 sunt
725 1105 758 1176 in
774 1107 863 1174 ouria
880 1101 1085 1175 habitationis
1095 1101 1216 1174 domini
1231 1098 1408 1172 cardinalis

273 1193 460 1272 Hostiensis
487 1199 640 1293 predicti,
663 1201 716 1295 qui
739 1201 821 1273 aiios
848 1221 928 1272 suos
953 1208 1195 1272 accusaverunt
1220 1207 1406 1270 oousortes

273 1289 315 1363 Et
331 1296 380 1366 sio
406 1295 551 1370 sedeoinr
575 1297 693 1371 famosi
716 1299 809 1372 aives
836 1298 946 1370 Pisani
973 1301 1057 1392 eapti
1082 1307 1158 1373 aunt
1183 1305 1217 1367 et
1243 1293 1406 1368 deooiiati.

272 1390 335 1475 Qui
352 1391 497 1468 confessi
514 1395 658 1486 inerunt,
677 1394 762 1490 quod
778 1417 840 1490 por
856 1393 1040 1468 huiusmodi
1057 1415 1242 1484 rumorem,
1270 1395 1300 1465 si
1323 1415 1408 1488 pro·

274 1491 395 1581 sperati
425 1490 583 1582 fuissent„
614 1497 846 1587 imperatorem
870 1503 904 1564 at
934 1495 1173 1588 imperatrioem
1203 1489 1407 1566 vererundia

272 1583 423 1677 patibulis
441 1590 647 1685 suspendore
657 1589 880 1680 intendebant,
898 1589 1268 1684 etreliquosoooidisse.
1297 1590 1408 1682 Prop-

272 1691 325 1753 ter
341 1681 427 1778 quod
446 1685 564 1758 dionant
593 1686 746 1760 demolito
773 1698 849 1762 sunt
873 1687 1017 1760 nunditus
1041 1685 1256 1759 habitationes
1279 1707 1407 1758 eorum.

272 1777 314 1849 Et
330 1782 507 1875 imperator
522 1787 662 1859 reoessit
679 1785 721 1856 da
739 1787 870 1858 civitate
886 1786 1025 1874 Pisana,
1050 1785 1239 1878 relinquens
1265 1782 1310 1855 ibi
1335 1784 1408 1856 iooo

272 1897 335 1948 suo
352 1879 532 1972 prediotrrnr
549 1881 782 1977 Marquardum
800 1885 990 1978 episeopum
1006 1883 1273 1974 Augustensem,
1294 1893 1330 1954 et
1346 1903 1407 1952 re-

273 1993 394 2048 versus
412 1987 464 2052 est
478 1983 511 2051 in
534 1979 742 2066 Alamanian
768 1978 811 2049 da
837 2002 954 2054 manse
975 1983 1065 2052 iunii.
1107 1979 1175 2052 Sed
1200 1979 1311 2054 adhue
1331 2001 1407 2052 eun

272 2083 366 2146 esset
379 2077 476 2167 Pisis,
492 2075 655 2171 quoddam
672 2087 815 2151 nastrum
837 2080 871 2149 in
893 2081 1045 2150 eomitata
1072 2087 1222 2173 potenter
1247 2081 1349 2168 viruit,
1374 2081 1407 2148 in

272 2191 337 2262 quo
354 2174 480 2248 invenit
501 2195 640 2269 puerum
667 2175 800 2247 feminei
825 2197 928 2250 sexus
952 2179 986 2247 in
1006 2175 1091 2248 faeie
1115 2185 1148 2248 et
1172 2185 1240 2248 toto
1265 2195 1406 2270 eorpore

271 2270 422 2363 insutum,
439 2282 475 2342 ut
491 2269 615 2364 ιιιΙιιιιι,1
637 2293 735 2368 quem
753 2293 867 2344 seeum
885 2272 977 2344 duxit
995 2275 1029 2344 in
1048 2273 1264 2345 Alamanianr.

323 2369 422 2441 Anno
439 2367 560 2441 domini
577 2371 748 2443 moontv.
766 2369 809 2442 de
827 2391 943 2444 manse
959 2370 1026 2442 iulii
1037 2369 1124 2442 idern
1136 2373 1319 2466 imperator
1329 2375 1404 2443 emit
1485 2367 1486 2383 ¹

272 2463 313 2536 ab
331 2470 486 2562 episeopo
503 2467 748 2562 Ratisponensi,
767 2477 801 2538 et
817 2491 836 2538 a
854 2465 1046 2562 quibusdam
1064 2465 1225 2542 nobilitas
1235 2467 1405 2556 Bawarie„

229 2621 233 2628 .
272 2561 381 2636 nobile
392 2575 533 2638 oestrum
544 2563 719 2638 Turnstaui
725 2568 814 2636 iuxta
825 2563 1052 2660 Ratisponam
1069 2567 1278 2660 episoopatus
1289 2567 1405 2640 Ratis-

272 2665 443 2754 ponenda
460 2684 520 2758 pro
538 2662 762 2754 duodeviginti
780 2659 920 2736 millibus
938 2662 1173 2754 doronoram2,
1197 2685 1243 2736 ex
1256 2685 1323 2758 quo
1341 2675 1402 2736 tou

271 2768 359 2830 terra
378 2763 485 2832 vieina
497 2758 698 2850 ostiariam,
717 2767 749 2830 et
762 2757 826 2830 heo
838 2761 958 2854 emptio
971 2759 1121 2834 faotaest
1133 2760 1275 2856 eapitulo
1287 2761 1402 2834 Ratis·
1484 2757 1485 2776 ³

272 2859 412 2948 ponensi
429 2861 557 2950 ponitus
574 2860 759 2950 ignorante.

188 2960 257 3018 1356
322 2954 421 3027 Anno
438 2953 559 3026 domini
576 2955 756 3028 meonivi.
775 2953 818 3024 da
835 2975 952 3028 mense
969 2957 1105 3028 ianuarii
1123 2955 1209 3028 idam
1226 2959 1402 3052 imperator

271 3062 434 3126 oonvooat
450 3055 572 3124 ouriam
590 3055 623 3122 in
640 3049 852 3142 Nurenberg,
868 3055 903 3122 in
920 3075 982 3147 qua
1001 3053 1238 3150 arehiepisoopi
1250 3051 1399 3148 Mogon-

262 3151 422 3241 ‹tinensia
440 3148 660 3238 Coloniensia
677 3149 899 3222 'treverensis
917 3160 950 3221 et
962 3151 1400 3245 aiiiprinoipesoonveuiunt

269 3246 448 3338 electores,
466 3257 500 3318 et
516 3267 612 3341 quarn
629 3247 741 3340 plures
759 3247 822 3317 aiii.
855 3245 923 3319 Sed
937 3247 992 3320 iilii
1008 3247 1179 3321 Ludeirioi
1195 3247 1275 3340 tao,
1291 3248 1399 3321 Lude-

271 3346 378 3416 wious
396 3343 540 3416 rnarohio
555 3341 888 3434 Brandenburgensis
906 3354 940 3415 et
956 3343 1026 3416 dux
1039 3344 1242 3440 Stephanus,
1261 3346 1307 3418 ad
1321 3347 1398 3420 dano
1483 3347 1484 3350 ’

272 3443 395 3511 auriam
412 3463 479 3512 non
496 3443 708 3530 eonveniunt,
725 3442 877 3513 timentes
895 3446 1071 3536 potentiam
1095 3447 1304 3536 imperatoris
1323 3465 1398 3539 pro·

268 3535 356 3608 dieti.
382 3537 580 3611 Ludewieus
598 3559 681 3610 vero
698 3535 802 3610 dietus
814 3537 997 3630 Romanus,
1015 3543 1112 3612 etiarn
1123 3539 1209 3612 iilius
1221 3539 1395 3624 Lauerna,

270 3631 357 3706 hene
374 3635 518 3708 interfuit
534 3633 609 3707 huio
624 3636 715 3708 ourie
737 3657 811 3706 oum
835 3655 958 3727 magno
981 3647 1156 3732 apparatu
1181 3646 1216 3707 et
1243 3635 1289 3708 de
1310 3659 1395 3729 mpr-

269 3731 421 3900 eppnatu
455 3729 768 3824 Brandenburgensi
794 3753 855 3827 per
882 3736 1113 3829 imperatorem
1148 3743 1201 3810 est
1226 3737 1393 3810 investitus
1482 3777 1483 3851 p

270 3849 279 3898 ι
303 3853 312 3898 ι
336 3851 399 3901 ern.

318 3925 474 4000 Seoundo
497 3949 615 4002 mense
647 3929 726 4018 [ian.
756 3925 820 4020 21]
850 3929 1027 4025 episeopus
1058 3927 1320 4004 constantiensis
1348 3934 1393 3999 est

324 4092 354 4159 i)
372 4109 405 4150 so
425 4093 513 4150 ddrite
532 4109 565 4150 nu
584 4094 658 4150 tesan
678 4094 751 4164 seiu3
770 4093 882 4151 Gawoid
901 4095 959 4152 irat:
978 4099 1005 4151 et
1018 4095 1107 4166 edura,
1124 4095 1238 4153 Frater:
1259 4102 1288 4152 ut
1304 4095 1386 4150 iredus.

268 4161 301 4230 2)
319 4163 373 4234 egi.
393 4163 436 4219 dia
455 4165 513 4220 uuir.
532 4165 580 4220 des
600 4165 720 4222 bischois
739 4165 872 4220 Friedrich
891 4182 945 4222 von
971 4167 1150 4238 flegensburg
1168 4168 1193 4222 d.
1214 4169 1239 4222 d.
1260 4165 1324 4222 1355
1348 4159 1378 4216 ini

271 4233 306 4290 12
322 4233 367 4290 bei
386 4233 470 4290 Petrei
490 4235 550 4291 Kari
569 4235 609 4292 W.
630 4237 659 4294 U.
681 4237 707 4292 B.
726 4255 752 4310 p.
769 4235 834 4292 ate.
