2982 4824
251 225 323 302 002
419 219 597 280 unumne
615 191 809 278 monnnrnt
826 217 935 278 onsm
952 215 1191 278 mummulus.

167 465 176 476 ..
250 395 375 488 Quibus
393 395 486 470 dietis
503 397 649 490 protinus
663 392 704 466 ab
718 416 760 466 eo
770 393 923 468 deesssit.
948 392 1017 466 lste
1027 415 1124 486 ergo,
1141 391 1228 488 quod
1244 391 1375 480 audivit

249 497 343 571 tuni
355 503 389 568 et
398 494 470 568 eliis
487 493 634 588 plurimis
651 495 821 566 nunduvit.
839 491 881 564 Et
892 495 1063 566 inventum
1081 501 1133 566 est
1148 501 1280 585 peston,
1297 491 1376 586 tprod

251 591 371 665 eodem
394 591 447 664 die
472 600 505 664 et
526 589 621 682 born,
646 612 710 685 quo
731 589 822 662 fruui
837 592 969 664 iuvenis
985 589 1042 662 ille
1058 591 1218 758 apperuit,
1243 589 1377 683 prelium

250 691 373 766 lentum
389 689 460 780 tut,
478 692 511 761 in
571 690 792 762 uexeruitum
810 683 978 760 comedim
996 708 1080 760 ooou
1102 688 1156 760 uit

301 787 371 861 Sed
394 797 508 883 quarto
553 789 584 859 ie
608 786 666 860 vel
689 787 818 880 quinto,
839 795 1014 880 mteqnam
1037 783 1133 857 lieret
1156 780 1296 875 benum,
1318 782 1377 856 duo

145 959 153 966 .
249 880 1378 981 bubespronegooioquodumooeeseruntudllurolnm.Proposito-

250 1007 316 1080 quo
342 983 477 1075 negotio
501 1003 613 1054 uorum
636 1002 720 1073 rege
737 1003 798 1076 per
821 979 984 1075 quendum
1000 979 1235 1075 provinoiolenn
1259 977 1379 1054 ordinis

250 1083 355 1159 nostri
376 1079 511 1152 nauem
535 1081 645 1174 utique
670 1088 782 1152 notum
798 1081 886 1170 regi,
908 1100 972 1152 rex
987 1076 1029 1150 ub
1046 1099 1088 1150 eo
1111 1079 1273 1172 quesivit:
1299 1081 1380 1152 sude

249 1184 360 1252 weiss
374 1177 477 1250 esset?
497 1176 545 1250 At
560 1177 662 1248 freter
677 1175 733 1248 ille
749 1175 792 1247 ‹le
809 1196 848 1250 se
864 1177 937 1270 ipso
953 1175 1177 1270 respondens:
1194 1175 1246 1246 De
1263 1177 1380 1266 noso,

251 1280 390 1367 mim,
413 1277 526 1369 inquit,
549 1293 628 1346 sum.
661 1272 704 1346 Et
719 1295 783 1346 rex
799 1276 843 1346 uit
859 1270 902 1344 ud
922 1295 1015 1344 euru:
1043 1273 1131 1362 Quid
1152 1282 1201 1344 est
1217 1276 1261 1344 de
1277 1272 1380 1358 [rutro

250 1377 435 1463 mictu,
453 1375 511 1460 qui
526 1374 615 1444 beuti
630 1374 801 1443 Frondem
816 1375 924 1442 souitu
940 1369 1025 1456 suu?
1049 1369 1093 1441 Et
1107 1369 1210 1442 buter
1225 1373 1288 1442 uit:
1311 1373 1380 1442 llu-

251 1477 337 1544 mtue
361 1472 441 1543 too
463 1479 527 1560 ως
551 1471 714 1558 mittique
730 1472 891 1559 inposuit,
914 1477 951 1540 ut
964 1487 1008 1539 eu
1020 1477 1119 1558 purte
1137 1488 1199 1540 uuo
1215 1489 1275 1540 ooo
1290 1471 1381 1542 sutu-

251 1579 365 1661 tureut,
390 1569 543 1657 uoltuque
559 1571 702 1639 merem
718 1570 760 1638 do
775 1570 837 1638 deo
854 1567 1027 1656 confidere,
1054 1569 1134 1655 puio
1150 1571 1211 1638 etti
1228 1587 1381 1656 mopsus

247 1667 903 1759 nemorumnemorum
925 1667 1258 1752 mumetuueidum
1282 1666 1381 1753 duttt

251 1775 285 1838 et
294 1765 434 1856 peredit
446 1766 482 1834 io
496 1765 563 1848 fios
577 1765 757 1834 diemout.
773 1763 866 1834 Tune
874 1783 938 1834 rex
949 1761 1053 1856 pluris
1069 1761 1174 1835 laetus
1191 1763 1290 1836 nimis
1306 1760 1383 1836 dixit

251 1861 295 1934 ud
310 1863 460 1935 nauem:
486 1863 583 1932 lls'ot't
594 1861 679 1932 beo?
704 1861 800 1930 iltuit
813 1859 898 1932 teo?
930 1857 1078 1954 Cumque
1095 1858 1150 1930 ille
1168 1862 1218 1932 sio
1233 1881 1312 1932 eum
1329 1857 1382 1930 di-
1478 1884 1479 1946 t

250 1963 345 2035 xisse
366 1957 556 2048 nummu,
579 1979 643 2032 rex
665 1956 846 2030 udiunoxit:
873 1958 992 2028 θυτέον
1014 1957 1095 2028 mibi
1117 1965 1165 2028 eet
1184 1958 1246 2028 tce
1267 1957 1384 2043 frutus

251 2059 422 2130 Benedwti
441 2059 624 2146 promissio,
648 2058 795 2146 quamsi
816 2057 933 2127 milites
956 2056 1037 2126 midi
1058 2057 1147 2128 uiue
1169 2059 1206 2126 to
1222 2059 1384 2128 omues

251 2159 465 2228 omentum.
501 2155 579 2226 Seio
605 2157 691 2226 sulm
712 2157 788 2243 per'
809 2155 1026 2243 mmmm,
1053 2157 1111 2242 put
1138 2153 1220 2224 milti
1243 2152 1385 2238 [rutrum

252 2255 339 2326 tuoe
352 2261 465 2324 sotum
480 2253 567 2343 seuit,
585 2256 675 2341 quod
689 2256 759 2342 ipso
775 2255 811 2322 io
820 2251 984 2324 nemea
994 2255 1059 2342 ipsi
1075 2255 1269 2340 meaturi
1283 2255 1385 2324 mutto

247 2355 405 2444 produit,
423 2371 486 2440 pue
495 2359 613 2440 posteo
629 2351 693 2422 siti
709 2355 744 2420 tn
761 2351 899 2440 imperio
915 2356 1039 2441 nepe
1056 2357 1237 2421 meumst.

303 2447 484 2522 Corrudino
507 2447 639 2522 devicto
662 2452 784 2542 puriter
801 2457 835 2520 ot
850 2453 961 2523 oooiso
978 2447 1120 2522 Kurolus
1143 2449 1385 2543 inquisitionem

250 2550 328 2622 lecit
356 2547 399 2619 de
428 2548 524 2620 terris
552 2543 779 2642 nobilibusque
804 2549 976 2642 personis,
1004 2551 1058 2642 qui
1084 2567 1144 2641 per
1170 2568 1268 2636 eum,
1296 2550 1387 2642 prius
1479 2583 1480 2592 2

251 2645 384 2736 exules
401 2644 532 2718 luerunt
548 2647 581 2718 in
597 2666 740 2737 regnum
757 2643 883 2717 reducti
900 2655 934 2717 et
950 2648 1019 2720 suis
1036 2642 1306 2740 possessionibus
1323 2667 1387 2717 re-

251 2745 364 2834 stunt,
390 2746 445 2838 qui
467 2753 578 2816 temen
601 2753 714 2815 oontru
741 2764 818 2814 eum
841 2753 968 2837 purtem
990 2743 1146 2815 iuverunt
1162 2740 1336 2814 Comudini
1352 2753 1386 2817 et

251 2864 326 2915 oum
343 2861 386 2911 eo
403 2840 533 2914 luerunt
551 2838 652 2914 vuldo
674 2842 780 2934 puuoi.
812 2839 902 2913 lnter
924 2861 1006 2936 quos
1029 2839 1137 2912 lueret
1152 2837 1320 2914 lohannes
1343 2839 1386 2912 de

250 2936 401 3026 Prouidm
428 2941 480 3010 oni
508 2940 582 3034 ipso
608 2948 685 3010 unm
712 2949 920 3033 peperoeret,
948 2949 982 3011 et
1007 2939 1174 3011 eomitissa
1198 2935 1330 3010 Guserti
1352 2948 1387 3010 et

250 3057 357 3131 nepos
378 3038 494 3130 ipsius,
520 3039 572 3109 oui
588 3045 721 3132 neptem
745 3038 862 3129 regine
884 3059 947 3112 rex
964 3034 1101 3108 dederut
1117 3038 1150 3108 in
1167 3057 1324 3126 tuorem,
1346 3059 1388 3108 uu

145 3135 148 3142 '
251 3135 306 3207 ulii
322 3133 460 3228 plurimi.
477 3133 532 3206 Ex
542 3131 657 3229 quibus
675 3134 765 3206 mut
782 3137 952 3229 proscripti
963 3134 1016 3206 elii
1029 3135 1114 3229 oupti
1130 3143 1208 3206 sunt
1224 3143 1259 3206 et
1274 3137 1386 3206 ooetsi

162 3275 163 3282 κ
251 3229 303 3303 Ob
322 3253 418 3328 quum
437 3234 535 3304 etium
553 3253 688 3306 oonsum
706 3229 865 3326 aliquibus
883 3230 1010 3305 oivibus
1022 3231 1180 3305 destruuti
1197 3241 1275 3304 sunt
1290 3234 1386 3304 nuri

250 3329 394 3403 Nueeriu
405 3349 490 3401 veru
501 3328 701 3402 Suruoeniou
712 3332 843 3420 umus,
860 3352 934 3402 eum
950 3329 1164 3423 fugitivorum
1179 3328 1388 3402 multudine

250 3427 349 3522 plenu
373 3437 477 3518 esset,
500 3424 555 3498 diu
576 3429 609 3498 in
631 3423 813 3499 rebellione
840 3426 979 3501 duravit
1011 3425 1079 3500 Sed
1103 3425 1235 3499 demum
1260 3426 1387 3500 truditis

249 3521 480 3620 proditoribus,
504 3525 608 3598 salvis
628 3522 728 3598 rebus
752 3523 903 3600 omnibus
921 3536 955 3598 et
969 3527 1136 3620 personis,
1160 3525 1256 3617 rogis
1273 3523 1388 3598 ditioni

251 3645 290 3696 se
316 3619 454 3695 tradidit
493 3621 566 3695 Nee
591 3623 654 3694 sliu
682 3645 784 3696 oousu
812 3621 990 3718 reeipiendi
1017 3621 1168 3696 homines
1198 3620 1387 3696 huiusmodi

230 3773 232 3776 -
250 3727 368 3794 euusu²
385 3719 455 3810 fuit,
472 3723 536 3793 uisi
549 3741 627 3792 uum
645 3730 738 3794 esset
751 3723 868 3794 uivitus
885 3723 982 3796 nimis
998 3721 1105 3812 roms,
1122 3724 1158 3792 vi
1173 3741 1241 3792 non
1258 3729 1388 3815 poterut

249 3819 397 3912 optineri.
430 3815 499 3889 Sibi
516 3839 600 3910 ergo
622 3816 782 3890 fortalitiis
798 3821 981 3892 reservetis
999 3827 1034 3890 ot
1049 3821 1152 3892 muris
1171 3821 1245 3890 eins
1266 3842 1286 3889 a
1304 3817 1387 3890 iun·-

250 3914 411 3988 dumentis
428 3917 575 4006 eversis,
600 3935 660 3988 eos
678 3913 720 3986 ibi
736 3913 884 3988 habituro
902 3919 1053 3990 sustinuit
1068 3925 1164 4012 puotu
1179 3913 1305 3988 illibato
1322 3915 1387 3988 illis

249 4018 409 4105 munem,
427 4035 491 4109 qus
507 4015 664 4108 promisit.

298 4109 385 4182 Dum
411 4109 475 4183 heo
500 4113 600 4205 igitur
625 4121 806 4206 agerentur
832 4115 866 4186 in
891 4135 1018 4208 regno,
1045 4115 1190 4188 viennas
1213 4110 1256 4186 ub
1280 4134 1324 4191 eo
1351 4113 1386 4184 iu

304 4229 334 4302 l)
350 4230 420 4288 eni·
439 4219 513 4308 quud
530 4249 579 4308 por
595 4232 637 4292 bs.
672 4233 755 4304 2)s0
774 4233 820 4292 dis
838 4235 878 4294 lus.
