3036 4822
234 245 389 308 cffionttt
400 247 581 308 luditum
593 247 743 308 mecum
755 247 952 306 uenenum
967 247 1147 304 contueri„
1183 248 1256 322 379

125 424 313 521 proflueret,
331 423 590 496 oneumvulluuit
607 423 873 518 arehiepiseopos
890 421 1041 517 oppidum
1060 421 1252 498 Ymenbus.¹
1270 431 1343 490 tete

126 523 287 619 Oppidani
312 533 346 594 et
368 519 498 616 uprtdem
521 520 648 594 noldles
673 523 819 594 etmulti
842 525 1037 592 rostioomrm
1054 521 1194 592 uiriliter
1216 543 1256 593 su

126 620 346 697 defenderunt
370 629 406 692 et
427 618 529 692 multu
550 617 756 691 nemmem
779 621 917 690 inimioie
940 618 1129 690 intuderont
1163 619 1257 692 lune

125 719 195 792 dux
217 716 383 811 prediatus
400 717 514 790 nodis
531 719 640 808 imreia
656 721 689 788 in
706 715 861 810 oppidum
883 718 1045 789 missis..
1065 717 1258 788 ..muium

125 815 280 911 oppidum
308 813 511 888 oombustum
539 825 604 904 esu
632 824 666 884 et
687 817 856 908 perierunt
876 816 911 884 in
935 835 977 884 eo
1004 816 1089 886 uiros
1115 817 1257 910 quinque

126 914 225 988 milia
243 912 560 1006 hemmonetpeaoi
575 922 767 984 evaserunt.
793 912 886 983 lune
901 909 1118 1003 landgravius
1135 915 1256 984 timens

126 1010 270 1086 similam
285 1008 413 1086 sladem
430 1010 501 1084 eliis
519 1013 590 1084 sue
606 1009 732 1104 oppidis
750 1011 920 1081 nominem
930 1008 973 1080 ud
986 1013 1125 1100 graiium
1143 1007 1257 1082 eroli·-¹

126 1110 328 1204 episeopiet
348 1106 498 1181 ducisse
520 1162 527 1177 .
551 1161 559 1180 .
581 1163 590 1179 .
612 1161 620 1178 .
642 1105 732 1178 dedit
753 1129 814 1201 pro
839 1107 1001 1180 solutione
1018 1109 1135 1198 viginti
1157 1105 1259 1178 millia

126 1207 328 1280 florenorum
338 1223 398 1300 pro
415 1208 572 1300 expetitis
590 1203 849 1299 arehiepieeopo,
866 1208 957 1299 pn'us
967 1207 1081 1297 positis
1091 1208 1124 1275 in
1135 1208 1256 1298 pignus

125 1303 246 1379 tribus2
258 1359 265 1376 .
279 1359 287 1374 .
300 1357 308 1375 .
323 1313 357 1374 et
373 1307 521 1398 euseepit
536 1301 678 1376 feudalia
696 1301 737 1374 ob
755 1301 1002 1398 orcliepisoepo
1019 1311 1052 1373 et
1068 1300 1257 1394 homagium

124 1399 187 1476 eibi
204 1404 352 1495 prestitit
377 1399 420 1472 Et
435 1403 484 1474 sio
499 1411 712 1473 reeesserunt
730 1399 770 1470 ab
788 1421 839 1470 eo.
865 1400 974 1488 (loen.
987 1403 1011 1488 1,
1025 1399 1152 1492 idib)

175 1499 279 1572 Anno
295 1509 405 1572 eutem
421 1499 665 1572 meeulmv.
684 1500 778 1570 eires
788 1495 1055 1571 wormatienses
1073 1498 1162 1569 olere
1180 1521 1257 1570 mu-

122 1601 250 1670 xirnam
262 1597 454 1669 violentiam
470 1592 646 1668 intulerant
663 1605 696 1666 et
712 1599 798 1666 inter
814 1605 924 1666 oeteis
943 1596 1027 1666 mule
1046 1593 1259 1668 ubserrnrunt

124 1699 176 1768 eis
194 1697 228 1766 in
246 1696 344 1766 uariis
361 1704 395 1764 et
417 1691 567 1766 domibus
594 1715 711 1765 eorum
733 1712 866 1764 omnem
890 1701 1084 1764 suueurrom
1107 1697 1258 1786 preemi*

123 1801 261 1866 nentem
279 1811 383 1884 super
396 1791 522 1884 pluteus
535 1801 570 1862 et
581 1791 723 1882 ungules
741 1791 932 1884 platearum.
958 1791 1051 1861 Tune
1068 1791 1176 1862 eleros
1193 1813 1259 1861 re-

124 1891 406 1978 milesennis,
416 1889 607 1982 relinquens
617 1887 744 1960 bonnet
753 1890 987 1981 possessiones
999 1909 1088 1960 suns.
1099 1889 1259 1979 (Burder.)

175 1985 281 2060 Anno
288 2007 373 2058 nero
387 1985 644 2058 moeelmui.
654 1989 749 2058 rives
760 1983 1026 2058 wormatienses
1044 1990 1156 2080 sepius
1167 2008 1258 2058 evoe
1273 1995 1343 2053 1386

124 2088 189 2158 euti
216 2093 253 2153 et
276 2085 362 2156 eitati
386 2081 428 2152 od
453 2080 592 2156 uioonel
614 2084 705 2174 regis
729 2082 953 2154 Romanorum
976 2081 1171 2156 Wenoesloi
1197 2105 1261 2178 per

124 2183 252 2256 elerum
277 2190 410 2274 propter
433 2201 588 2271 magnam
611 2179 814 2268 uiolentiam,
841 2201 939 2274 quam
963 2183 1057 2252 eives
1081 2181 1260 2254 intulerunt

124 2281 235 2366 elem
253 2280 315 2372 ipsi
332 2288 442 2350 autem
459 2279 554 2350 nives
570 2281 604 2350 in
620 2299 681 2348 sue
699 2275 880 2349 rebellione
898 2279 1115 2371 persistentes
1132 2279 1257 2350 nolus*

124 2386 204 2452 runt
220 2395 413 2468 eomparere
430 2395 494 2446 oen
509 2396 550 2447 se
568 2373 761 2464 defendere,
782 2373 985 2448 ooolideotes
1004 2374 1260 2448 oouiederutioni

124 2475 253 2547 suilieet
269 2476 330 2542 der
344 2475 432 2542 stede
449 2472 558 2562 lunt
581 2481 615 2544 et
638 2475 687 2546 sio
708 2472 816 2563 reguli
839 2474 1001 2544 sententio
1025 2473 1156 2544 luorum
1173 2495 1262 2545 oon-

124 2572 270 2648 dutum
294 2573 327 2642 in
350 2569 524 2642 nonnudles
552 2591 682 2642 mersas
709 2573 789 2641 uum.
827 2569 975 2663 Cumque
1002 2570 1138 2661 regales
1163 2571 1259 2642 litere

124 2678 243 2745 essem
264 2664 448 2762 publioote,
474 2670 568 2740 eires
591 2670 676 2740 iuter
699 2666 764 2738 eliu
787 2667 871 2738 mula
898 2677 932 2738 et
953 2667 1145 2740 insolentius
1169 2669 1261 2739 elene

122 2767 244 2854 indue,
261 2763 425 2860 quondam
437 2787 547 2854 mane„
561 2765 685 2838 seilicet
695 2766 798 2858 prime
810 2763 863 2836 die
873 2768 990 2854 martii,
1003 2787 1067 2859 que
1077 2764 1259 2840 ludtsexte³

123 2865 208 2939 iuria
225 2861 395 2936 uateEsto
411 2859 501 2952 mihi,
518 2885 606 2934 mun
624 2863 750 2936 seneen
765 2863 1021 2935 menteomni.
1034 2885 1108 2934 oum
1125 2863 1259 2936 uexillis

123 2973 160 3038 et
173 2963 277 3036 artois
294 2959 337 3032 de
353 2962 455 3054 portis
479 2969 658 3054 eruperuom
675 2971 709 3032 ot
725 2983 800 3030 enm
816 2962 961 3034 merium
978 2961 1100 3032 insultu
1116 2964 1260 3034 muoso*

121 3056 376 3230 ludibili-lm
398 3058 862 3248 tiltttttttniitt
885 3056 1259 3249 induitintuit

351 3207 363 3244 t

122 3261 303 3330 ussurus
320 3251 527 3326 mmomto
537 3261 572 3324 et
587 3251 799 3346 perentiendo
817 3249 1026 3346 uuptiuundoq
1044 3249 1259 3346 omnibusque

124 3373 242 3428 oerum
259 3346 449 3424 substantiis
467 3346 582 3424 ablatis
595 3359 709 3443 oeptoe
720 3349 762 3422 ud
773 3351 939 3421 deitatem
951 3350 1061 3421 viliter
1077 3359 1259 3438 beamont,

121 3446 268 3524 turribus
294 3447 403 3520 iurum
431 3449 655 3540 muueipurunt
682 3457 717 3518 et
741 3446 939 3540 aliquamdiu
968 3445 1090 3518 detenti
1116 3447 1256 3520 buerunt

121 3546 349 3624 Erantoutem
363 3566 408 3614 ex
419 3544 567 3636 pretatis,
585 3547 750 3616 eumenide
762 3555 795 3616 et
804 3542 1009 3637 presbyteris
1021 3548 1104 3638 eapti
1121 3567 1259 3616 numero

120 3641 331 3734 trigintaduo.
358 3641 478 3714 Postea
489 3663 565 3712 uum
576 3663 696 3732 magun
709 3639 843 3713 cohorte
861 3651 1061 3714 armatorum
1071 3645 1104 3712 in
1121 3645 1258 3735 campis„

122 3741 213 3815 villis
229 3749 264 3813 et
280 3737 406 3832 oppidis
432 3739 570 3812 oleriooe
588 3741 806 3831 quesiverunt
822 3749 855 3809 et
872 3749 1027 3832 quotquot
1051 3737 1176 3809 habere
1191 3759 1257 3831 po-

122 3846 256 3911 tueruut
287 3846 441 3929 tanqam
473 3835 705 3908 meleioetoree
733 3835 775 3908 ed
802 3835 1019 3908 Wormatiem
1052 3834 1259 3908 deduxerunt

123 3936 372 4028 monitentm,
397 3955 437 4007 se
461 3936 634 4026 pecuniam
658 3933 792 4008 daturus
816 3936 947 4006 nustiois
971 3943 1005 4004 et
1020 3933 1093 4004 eliis
1117 3931 1258 4027 quibus·-

178 4106 207 4176 l)
236 4107 438 4172 Immenheoseq
464 4109 584 4169 ndrdtieh
610 4109 784 4167 nuntiasset.
822 4109 854 4178 2)
880 4109 922 4166 die
949 4108 1006 4166 duel
1031 4108 1143 4182 plinder
1167 4126 1257 4168 waren

124 4177 309 4248 emensum,
326 4176 527 4238 immeobeusen
547 4181 601 4236 uod
615 4181 764 4236 Wolihein.
795 4181 855 4250 Vgl.
876 4181 918 4234 die
936 4185 1060 4249 uentrige
1079 4197 1140 4234 vom
1153 4179 1195 4238 22.
1212 4177 1258 4235 inii

127 4249 195 4306 teet
214 4249 259 4306 bei
278 4248 372 4306 liudem
391 4249 458 4308 God.
477 4251 505 4318 ὃ,
522 4249 575 4306 572
595 4252 613 4306 i.
650 4251 681 4320 3)
701 4250 765 4306 leuia
785 4267 808 4306 v.
827 4267 944 4308 warum
964 4249 989 4307 l.
1009 4256 1088 4307 mire.
