2900 4820
216 287 289 362 290
396 283 615 342 commonito
634 283 801 342 biA'l'ssith
819 279 1160 342 nunwnttstmottttsls.

132 479 203 536 1354
216 460 408 557 'l'buregum
425 463 575 535 vastatur
591 463 733 533 omnino.
769 458 808 532 in
821 467 1009 556 'progressu
1027 465 1134 531 autem
1152 455 1194 528 ad
1211 453 1347 527 'ibure-

217 583 309 655 gump
326 559 381 633 ubi
397 563 487 633 iuxta
505 559 642 648 vallum,
667 559 753 654 quod
769 558 990 631 'thuricenses
1015 567 1049 629 et
1064 556 1262 630 Swiuenses
1280 575 1347 626 non

216 661 318 752 longe
345 669 421 730 ante
445 661 610 730 civiatem
633 658 783 730 fecerant
799 668 833 729 et
850 679 887 729 se
905 654 949 727 ibi
966 658 999 726 in
1017 675 1132 748 compo
1155 663 1348 747 posuerant,

215 755 271 828 ubi
288 755 460 829 timebatur
477 755 657 845 conflictum
674 753 838 828 Iohannes
848 751 1039 842 windloch,
1057 755 1232 847 episcopus
1251 749 1347 822 Gon-

216 857 426 944 sonciensis,
444 852 535 925 ducis
554 853 782 943 cancellarium
800 854 905 925 voluit
921 850 1006 946 quod
1019 849 1180 923 vexillum
1198 869 1296 921 suum
1313 855 1348 919 ct

215 973 333 1026 omnes
351 951 470 1026 Swevi
495 949 554 1022 sub
579 950 634 1022 illo
651 953 740 1022 iuxta
759 953 924 1044 antiquum
947 951 999 1020 ius
1017 947 1219 1020 Swevorum
1237 948 1348 1040 preire

216 1047 385 1121 deberent.
421 1047 516 1135 Quot
534 1070 608 1120 curn
626 1047 694 1118 dux
715 1047 831 1138 nollet
856 1047 914 1121 sed
934 1067 1030 1120 suum
1047 1047 1155 1140 preire
1172 1043 1348 1132 vexillum,

216 1151 392 1242 episcopus
410 1167 485 1216 cum
503 1149 571 1218 suis
588 1149 741 1235 recessit
761 1145 880 1217 nolens
898 1147 1047 1215 minuere
1064 1147 1115 1214 ius
1133 1141 1347 1212 swevorum.

215 1242 268 1314 De
283 1265 347 1339 quo
358 1243 427 1316 dux
442 1245 577 1314 nimium
587 1253 640 1315 est
657 1253 848 1315 commotus.
874 1240 967 1314 Gens
984 1261 1126 1335 namque
1143 1237 1348 1311 swevorum

216 1352 401 1436 atempore
418 1339 528 1412 Karoli
553 1351 586 1412 et
606 1340 744 1412 aliorum
765 1343 959 1434 principum
983 1337 1069 1432 quod
1091 1341 1125 1408 in
1149 1335 1347 1430 expedicio-

216 1436 312 1510 nibus
330 1441 469 1533 primum
487 1437 671 1509 conflictum
683 1436 808 1508 babere
822 1435 976 1526 debeant,
993 1433 1118 1508 viribus
1130 1444 1164 1506 et
1172 1432 1347 1506 virtutibus

216 1547 416 1608 meruerunt.
452 1537 628 1629 Postquam
657 1543 766 1608 autem
794 1534 863 1607 dux
887 1545 1013 1628 septem
1041 1529 1233 1603 ebdomadis
1261 1534 1347 1602 circe

214 1632 406 1726 'thuregum
416 1636 573 1723 vastavit
592 1631 727 1706 dimisso
740 1635 900 1721 exerctm,
918 1634 1215 1726 quiarexmanere
1231 1628 1347 1716 noluit„

213 1731 343 1826 reliquit
354 1728 771 1825 equitesinmunicionibus
782 1733 1046 1824 circumquaque„
1064 1725 1347 1821 quiimpedientes

215 1828 278 1902 illis
296 1827 413 1899 adduci
424 1827 577 1901 victualia
595 1825 804 1922 capcionibus
823 1836 856 1898 et
873 1822 1160 1898 inteifcocionibus
1178 1834 1291 1895 mutuo
1309 1844 1348 1896 se

214 1925 378 1999 infestant.
415 1924 495 1996 Dux
511 1933 621 1996 autem
638 1948 711 1997 cum
728 1923 904 2016 R[udolio]
928 1923 994 1994 iilic
1011 1921 1181 1996 Austriam
1208 1930 1263 1994 est
1283 1941 1347 1991 re-

215 2043 351 2113 versus,
377 2025 485 2095 animo
503 2021 650 2094 breviter
666 2023 869 2094 revertendi.
903 2022 945 2093 Et
961 2023 994 2092 in
1012 2017 1179 2092 decembri
1196 2041 1273 2089 cum
1289 2017 1349 2089 ot-

217 2117 359 2192 ierretur
375 2119 506 2194 bladum
518 2118 773 2192 Thuricensibus
786 2131 819 2192 et
832 2143 906 2193 cum
915 2120 1034 2210 viginti
1051 2127 1189 2212 quatuor
1204 2113 1349 2188 navibus

216 2229 414 2290 armatorum
431 2215 564 2289 bladum
581 2216 747 2290 deducere
758 2218 956 2307 voluissent
974 2215 1185 2288 Hemnannus
1197 2213 1241 2284 de
1254 2211 1349 2284 Lan-

215 2312 367 2408 denberg
383 2315 446 2388 bec
462 2314 725 2411 preintelligons
751 2313 922 2389 absconsis
947 2311 1088 2387 navibus
1107 2315 1176 2385 suis
1194 2333 1269 2383 curm
1286 2333 1349 2382 ar-

215 2417 323 2504 matis7
341 2414 414 2487 illos
432 2423 522 2485 retro
535 2415 667 2486 invasit.
693 2412 801 2486 Atilii
819 2414 985 2506 fugientes
1001 2407 1210 2498 denavibns,
1228 2411 1348 2482 occisis

215 2507 373 2604 pluribus,
396 2509 501 2605 pedes
529 2509 686 2602 evadunt
712 2509 854 2584 navibus
873 2509 1073 2581 -Hermanno
1099 2507 1232 2580 relictis.
1269 2505 1350 2578 Dux

216 2618 325 2680 autem
344 2618 418 2703 post
435 2605 557 2702 pascha
575 2606 684 2701 dirigit
700 2609 801 2681 multo
817 2608 940 2702 plures.

263 2704 399 2780 Eisdem
423 2713 532 2777 autem
554 2705 754 2801 temporibus
783 2712 860 2778 ...¹
891 2706 934 2776 de
951 2701 1145 2777 Hobenloch
1170 2723 1190 2773 e
1214 2705 1348 2797 iscopus

214 2799 463 2898 Herbipolensis
488 2801 530 2872 de
548 2804 669 2875 auxilio
687 2803 871 2896 biogumtini
893 2813 928 2874 et
951 2807 1105 2874 comitum
1130 2799 1173 2872 de
1238 2803 1349 2871 iiten-

214 2897 299 2992 berg
323 2909 358 2972 et
380 2901 516 2972 aliorum
546 2903 712 2973 civitatem
735 2899 1009 2996 Herbipoiensem
1037 2908 1189 2994 potenter
1218 2893 1351 2970 obsedit

214 3019 274 3092 pro
298 3019 353 3089 eo,
377 2996 462 3092 quod
485 3019 571 3070 unus
596 3001 798 3073 civitatensis
823 2997 1025 3093 prebendam
1051 2996 1195 3070 ecclesie
1218 2993 1346 3066 Herbi-

214 3094 361 3189 polensis
375 3107 487 3167 contra
499 3095 642 3168 ecclesie
660 3095 943 3184 consuetudinem,
962 3117 1060 3190 quam
1075 3113 1242 3188 nunquam
1257 3094 1348 3163 civi-

214 3201 361 3268 tatenses
379 3201 587 3288 receperant
604 3196 820 3288 impetravita
834 3193 916 3267 sede
928 3203 1037 3265 ctnon
1055 3190 1206 3266 obstante
1223 3188 1348 3284 appel-

213 3288 342 3363 lacione
369 3291 498 3385 capituli
525 3289 567 3360 ad
594 3293 844 3364 invocacicnem
877 3293 1065 3364 executoris
1101 3287 1187 3361 bona
1216 3285 1348 3380 capituli

214 3397 423 3482 occuparunt.
457 3388 501 3460 Et
523 3391 665 3461 veniens
692 3389 757 3460 illic
779 3411 843 3462 rex
864 3391 1041 3480 negocium
1067 3387 1272 3474 reformavit
1302 3387 1348 3455 ita

212 3483 301 3578 quod
318 3489 411 3560 cives
429 3487 537 3558 curias
555 3489 798 3577 canonicorum,
823 3507 905 3581 quas
922 3489 1051 3556 interim
1070 3485 1347 3571 devastaverant,

214 3579 407 3772 reedifipare
419 3581 585 3755 {phorom
600 3593 634 3655 et
655 3583 800 3680 quelibet
816 3605 893 3678 pars
915 3585 949 3654 in
967 3605 1028 3656 sua
1053 3581 1203 3654 libertate
1227 3599 1350 3651 rema-

214 3691 310 3752 neret
344 3683 399 3754 iul.
468 3683 494 3772 ].

262 3776 392 3852 Eodem
421 3802 508 3851 anno
535 3778 577 3851 de
601 3803 717 3854 mense
743 3778 922 3874 septembri
954 3781 1031 3871 [oct.
1057 3777 1096 3869 5]
1124 3779 1260 3848 moritur
1285 3771 1351 3848 lo-

212 3871 342 3950 hannes
360 3874 624 3973 archiepiscopus
641 3877 927 3971 Medyctamnsts,
946 3889 979 3950 et
995 3887 1064 3949 tres
1082 3874 1240 3947 fratueles
1257 3877 1350 3965 eius,

212 3969 379 4064 Mothous,
395 3973 565 4049 Barnabas
583 3975 815 4065 ctdoleactua
833 3974 888 4046 iiiii
907 3973 1069 4070 quondam
1086 3969 1258 4066 Stephani,
1276 3970 1349 4042 do-

213 4074 310 4143 minia
327 4083 537 4166 occuparunt.
568 4071 715 4145 Dederat
732 4083 842 4144 autem
859 4075 931 4166 ipse
949 4071 1215 4165 archiepiscopus
1233 4089 1349 4164 pecu-

214 4171 302 4240 niam
319 4166 441 4242 dudum
458 4169 649 4260 Wcmbero
666 4170 708 4242 de
726 4169 953 4262 Uirsetmgen„
975 4172 1145 4263 capitaneo
1164 4170 1349 4260 sociatam,

268 4288 297 4362 i)
317 4289 451 4347 biberius.
