2882 4818
363 216 526 290 ttet‘flttns
546 215 885 274 ttttswsttssuttomtsrs
1119 217 1188 292 183

70 403 128 464 tem
146 397 269 464 cesaris
288 393 374 464 illius
394 402 481 464 terre
499 393 674 462 dominium
693 401 876 462 tenuerunt.
924 392 1063 485 Rexque
1075 401 1190 484 postea

69 489 217 564 Gibelinis
236 487 375 562 adbcsit.
477 489 685 562 Wernbcrus
704 500 811 560 etitem
830 512 942 561 comes
960 488 1003 558 de
1020 485 1192 580 llonberg,

68 588 191 660 relictus
216 591 251 660 in
274 585 469 660 Lombardiu
493 612 511 658 a
535 611 630 678 regeq
659 597 735 682 quot
758 598 791 658 et
818 596 955 680 quantas
983 583 1191 659 incredibiles

68 683 209 756 babuerit
233 688 390 758 victorias
415 697 449 757 et
471 709 568 780 quam
596 686 733 758 feliciter
760 688 892 757 nomine
919 687 1045 780 imperii
1072 687 1192 758 trium·-

66 781 176 877 pberit,
193 787 325 876 integre
342 782 475 856 lristorio
493 782 665 874 indigeret.

132 929 253 1000 Postea
272 924 444 998 obsidendi
462 929 569 997 animo
586 926 628 998 ad
646 925 842 998 Cremonam
861 930 1022 1016 translatu
1044 933 1097 1022 qut
1116 951 1192 1000 cum

67 1038 95 1097 et
112 1047 190 1097 snos
209 1027 332 1098 missos
350 1035 552 1096 rennuerent
568 1047 646 1096 rece
669 1035 750 1096 tare.
787 1025 902 1097 Territi
920 1036 1028 1096 eutem
1048 1025 1192 1096 Cremo·-

65 1145 183 1194 nenses
201 1121 342 1193 ferendo
359 1121 456 1194 funes
474 1125 505 1192 in
524 1123 616 1193 collis
633 1047 765 1192 obviam
782 1121 871 1194 ibant
886 1127 959 1213 regi
975 1122 1082 1214 [1311
1094 1125 1191 1216 apr.].

65 1221 176 1294 llabita
204 1223 306 1311 igitur
333 1217 495 1290 Cremona
524 1229 557 1290 et
582 1221 655 1291 lere
689 1221 760 1292 aliis
788 1217 981 1290 lombardie
1009 1219 1193 1294 civitatibus

64 1322 202 1390 Pririam
232 1315 447 1388 obsistentem
474 1321 617 1406 invenitff
649 1340 747 1412 quam
775 1341 848 1390 oum
876 1315 1194 1408 Mediolanensibus

64 1413 314 1488 Veronensibus
332 1416 454 1485 etaliis
472 1413 654 1487 civitatibus
672 1437 798 1510 suaque
816 1416 931 1488 milicia
954 1437 1014 1510 per
1030 1420 1193 1508 integram

65 1515 131 1584 iere
156 1523 301 1584 estatem
323 1509 459 1584 obsedit.
504 1511 565 1584 Ubi
583 1511 775 1586 Welramus
800 1513 901 1585 irater
918 1516 988 1586 eius
1013 1515 1118 1585 iaculo
1142 1522 1195 1586 est

64 1617 200 1684 occisus.
237 1609 340 1684 Cuius
357 1609 534 1682 obsidionis
553 1620 586 1680 et
603 1614 769 1683 exercitus
787 1609 1036 1700 multitudinem
1054 1612 1193 1682 lotorem

65 1721 93 1779 et
109 1711 339 1804 pestilenciem
358 1711 429 1802 quis
448 1707 602 1798 narrabit,
626 1731 700 1779 oum
718 1711 885 1780 civitatum
908 1708 1052 1802 quelibet
1075 1706 1193 1780 ibidem

64 1812 151 1901 quasi
168 1811 202 1878 in
223 1805 393 1880 domiciliis
411 1806 573 1878 resideret
590 1817 623 1876 et
640 1803 876 1898 aggredientes
899 1806 1040 1900 perduc
1058 1808 1194 1878 miliaria

65 1914 242 1976 senserunt
258 1902 422 1975 fetorem?
454 1902 606 1976 Ambitus
625 1907 790 1976 exerottns
807 1907 867 1976 trio
886 1905 1021 1976 miliaria
1039 1905 1193 1976 contine-

64 2003 124 2094 1111Ὶ
142 2013 297 2074 necerat
314 2023 471 2073 numerus
491 2011 657 2094 captorum
670 2008 703 2074 el
713 2013 825 2074 mutuo
836 2003 1032 2093 occisorumq
1051 2025 1115 2074 nec
1127 2024 1194 2072 un-

64 2123 154 2195 quam
175 2121 268 2171 mors
281 2103 483 2171 communior
493 2097 676 2170 videbatur.
703 2097 826 2171 Omnes
838 2109 948 2174 autern
959 2099 1075 2195 Gelphi
1087 2097 1195 2172 eidem

64 2201 181 2270 ciuitati
199 2202 235 2268 in
253 2196 436 2268 bominibus
449 2207 481 2266 ct
491 2193 685 2268 victualibus
703 2199 860 2269 currulium
877 2195 1086 2291 prebuerunt.
1119 2197 1194 2268 Ha'-

62 2296 200 2368 buerunt
219 2298 307 2364 enim
326 2297 492 2365 intrinseci
509 2317 568 2388 pro
581 2317 619 2366 se
637 2303 780 2365 nrontem
793 2298 981 2385 contiguum
995 2298 1126 2368 civitati.
1153 2293 1196 2366 Et

63 2417 137 2466 ecce
156 2392 301 2488 quodam
320 2391 372 2462 die
391 2413 487 2462 mane
505 2391 691 2463 ascendens
709 2403 853 2465 montem
865 2392 968 2464 virilis
983 2396 1193 2483 1111111111-

63 2497 140 2564 11111
165 2494 250 2562 vicit
273 2489 508 2560 multitudinem
532 2489 787 2560 ascondoncinm
813 2513 858 2562 ex
882 2488 1045 2579 adversm
1072 2493 1104 2560 in
1131 2512 1194 2584 quo

63 2591 212 2660 ronllictu
232 2585 454 2677 ttaeobatdus,
479 2588 587 2658 Prixie
608 2587 784 2658 dominium
805 2597 939 2676 tenens,
963 2599 1075 2659 auctor
1098 2586 1193 2658 huius

63 2686 145 2774 belli
167 2707 269 2780 quem
285 2707 348 2755 rex
359 2685 455 2778 Spire
472 2685 679 2773 militaveratq
697 2685 837 2757 letaliter
848 2685 1049 2758 vulneratur.
1082 2685 1194 2757 Allato

63 2796 169 2855 antem
189 2804 234 2852 eo
252 2787 324 2874 regi
343 2801 405 2854 ren
422 2801 498 2852 eum
517 2781 674 2852 intuendo
697 2801 907 2875 cognoscens
931 2783 1119 2854 mirabiliter
1142 2791 1195 2854 est

63 2885 215 2959 revisus.
260 2879 343 2950 Cum
361 2890 471 2950 antem
488 2879 543 2950 ille
560 2902 624 2973 ope
642 2879 842 2952 medicorum
860 2884 966 2951 curari
984 2903 1049 2952 non
1060 2877 1193 2974 'posset

63 2991 93 3048 ut
110 2979 254 3049 diucius¹
269 2980 449 3071 puniretur7
467 2999 527 3070 per
544 2987 681 3070 quattuor
697 2976 831 3048 thauros
849 2977 1051 3049 membratim
1069 2987 1122 3049 est
1138 2978 1194 3048 la-

64 3081 178 3147 niatus.
226 3073 377 3162 Quebbet
398 3095 527 3168 quicque
550 3077 695 3168 parcium
719 3075 778 3146 fnit
800 3078 904 3168 posita
923 3097 1023 3168 super
1039 3085 1143 3147 rotam
1161 3083 1195 3143 et

65 3185 158 3267 caput
175 3195 302 3244 versus
320 3182 446 3266 portam
468 3175 606 3242 civitatis
630 3175 664 3241 in
687 3172 803 3242 lancea
826 3169 998 3262 figebatur.
1039 3173 1194 3259 Quesitus

65 3283 170 3341 autem
198 3271 254 3342 ille
279 3267 386 3339 adbuc
408 3273 543 3356 vivensq
572 3291 631 3338 cur
654 3279 776 3340 tantum
801 3268 928 3361 nephas
953 3271 1195 3364 attemptaverit

64 3381 173 3439 contra
193 3387 326 3459 regemff
344 3366 526 3459 respondit:
554 3387 588 3436 sc
605 3370 693 3455 reqis
708 3369 895 3454 superbiam
910 3366 1000 3451 serre
1010 3387 1076 3438 aaa
1087 3387 1193 3456 posse.

63 3465 236 3538 intrinseci
254 3475 362 3534 autem
382 3463 546 3553 videntes7
575 3486 638 3556 que
662 3461 783 3534 fiebant
807 3464 849 3534 de
870 3465 937 3555 itta,
961 3475 1128 3560 captorum
1152 3463 1194 3534 de

66 3569 154 3652 regis
185 3565 333 3633 exercitu
362 3583 517 3652 magnam
543 3560 777 3631 multitudinem
801 3565 890 3632 iuxta
914 3568 1021 3634 menia
1046 3585 1195 3656 suspen-

66 3660 192 3730 derunt.
246 3657 386 3730 Obtento
411 3669 518 3729 autem
543 3668 654 3729 monte
681 3681 742 3752 per
765 3662 975 3732 extrinsecos
995 3659 1126 3732 tandem
1151 3657 1194 3728 illi

66 3757 259 3828 deficientes
278 3778 317 3828 se
335 3766 369 3826 et
380 3759 550 3826 civitatem
566 3759 658 3846 regis
673 3759 785 3848 gracie
802 3755 999 3847 obtulerunt,
1024 3758 1124 3828 irrues
1138 3755 1194 3826 fe-

67 3865 177 3926 rentes
197 3859 230 3924 in
248 3853 351 3926 collis.
377 3853 454 3925 Rex
472 3863 581 3924 autem
599 3851 751 3924 demolita
769 3865 860 3948 portu
878 3863 912 3924 et
928 3867 1020 3948 parte
1037 3857 1121 3926 muri
1137 3856 1195 3923 iu-

69 3973 208 4034 messus
233 3961 287 4020 est
309 3951 390 4021 ultro
415 3973 542 4021 murum
571 3949 679 4040 [1311
702 3962 784 4046 sept.
797 3951 872 4041 24].
923 3953 1002 4024 Post
1024 3952 1086 4022 heo
1109 3953 1194 4020 circa

71 4047 225 4142 hyemem
242 4047 377 4118 ianuam
394 4052 534 4120 veniens
553 4071 625 4120 cum
643 4051 759 4142 regina
778 4042 954 4122 honorifice
967 4059 1018 4124 est
1029 4057 1193 4142 receptus.

122 4215 151 4282 l)
176 4217 249 4272 Urst.
271 4215 328 4270 dem
347 4215 421 4273 sione
440 4217 677 4288 entspreebcnder:
697 4217 797 4272 durius,
