2882 4818
927 1 1008 3 ἡ
1070 2 1435 10 ἦ

358 239 522 298 ttdfflttds
544 239 881 298 nuewuneutteen'ets.
1106 245 1175 318 155

96 415 232 486 inuoluit
250 425 362 486 autem
379 414 500 488 bellum
517 426 628 488 contre
647 414 972 508 Nuwenburgenses
990 420 1175 506 intentum

59 513 128 606 quod
149 511 300 606 pluribus
324 517 420 586 anuis
443 536 506 585 uec
532 519 604 604 egri
629 536 744 588 eorum
768 537 831 586 nec
853 518 966 602 vinee„
992 519 1090 586 immo
1114 537 1178 588 nec

59 634 128 682 unus
144 621 237 682 ortus
257 612 333 682 culti
358 613 497 682 luerunt.
540 611 717 706 Multisque
740 615 858 684 occisis
884 623 917 682 et
943 616 1064 706 captis„
1092 613 1175 684 ultro

58 711 277 804 quinquaginta
301 706 439 804 pedibus
471 721 546 781 sunt
577 713 722 782 cuneati.
781 709 847 804 lpsi
875 730 957 781 vero
982 709 1023 780 de
1054 712 1176 782 auxilio

58 811 189 900 episcopi
212 807 346 899 opidum
369 805 608 878 Bludoltzheim
629 807 763 900 predicti
780 806 926 899 Rudolb,
950 811 1028 878 item
1053 818 1175 880 tturem

56 903 330 976 intbmcrsbeim
349 903 590 978 destruxerunt.
616 903 752 978 Nobiles
767 904 985 1000 outemopidb
1003 903 1174 976 dictiSor-

57 1025 194 1092 meurer,
218 1003 328 1072 etalii
353 1025 426 1073 cum
451 1007 568 1074 comite
593 1007 790 1092 existentes
814 1007 910 1074 nimis
926 1005 1073 1076 leserunt
1090 1001 1174 1073 bur-

55 1122 191 1191 qeuses3
209 1098 326 1194 quibus
345 1099 409 1171 duo
426 1100 582 1171 fortalicio
601 1104 632 1171 in
645 1099 807 1192 Ougbeim
826 1110 860 1170 et
873 1111 1014 1172 cestrum
1027 1098 1174 1185 Gernek„
1283 1119 1287 1126 ·

56 1203 122 1268 item
138 1219 241 1268 uuum
258 1207 402 1268 castrum
415 1195 618 1286 Frosbbucb
635 1221 696 1292 per
713 1201 867 1270 comitem
884 1196 1066 1270 edificatum
1085 1201 1174 1270 iuxta

55 1295 175 1366 Reuum
192 1317 296 1388 prope
311 1295 538 1384 Bonzeuhein,
562 1293 615 1366 ubi
634 1307 710 1366 tuno
727 1296 845 1368 alveus
863 1297 947 1368 Reni
966 1295 1083 1384 lueret
1108 1295 1175 1366 de-,

57 1395 152 1464 molitu
171 1394 312 1466 fuerunt.
345 1393 439 1482 Quod
457 1392 587 1464 duravit
603 1415 709 1488 usquc
726 1393 767 1464 ud
785 1397 983 1464 creationem
993 1391 1124 1464 Rudolll
1141 1397 1174 1464 in

59 1513 174 1582 regem.
211 1491 273 1578 Qu
291 1491 435 1581 undem,
461 1490 735 1584 conquerentibus
753 1492 815 1564 illis
835 1491 876 1561 de
894 1501 1020 1584 stupro
1044 1491 1174 1584 opidum

58 1588 91 1656 cd
106 1592 154 1660 ius
171 1589 312 1660 Romani
331 1593 427 1679 regni
443 1592 580 1682 recepit
602 1592 716 1661 sinens
734 1600 856 1676 tamem
880 1587 966 1682 quod
984 1611 1096 1660 comes
1115 1611 1176 1682 per

59 1707 90 1755 se
110 1697 220 1781 captos
251 1689 434 1757 excoriavit
456 1686 496 1757 ud
521 1707 685 1778 unguem3
714 1697 746 1756 et
770 1690 905 1779 insuper
928 1709 991 1756 rex
1013 1686 1173 1757 decimum

59 1795 169 1876 purtem
193 1786 340 1856 omnium
362 1781 520 1856 bonorum
543 1784 758 1878 opidanorum
781 1785 922 1878 recepitp
948 1804 1043 1878 quum
1068 1783 1174 1856 comiti

58 1885 239 1974 assignavit.
1007 1891 1010 1898 '

57 2035 98 2103 lle
115 2039 267 2124 episcopo
284 2037 483 2126 dioptrntino,
508 2039 566 2126 put
582 2041 749 2126 prornoutt
765 2034 936 2120 liudolfum
962 2039 1110 2105 comitem
1134 2039 1175 2106 dc

144 2134 319 2222 Habeburp
336 2137 370 2202 in
389 2135 566 2204 ltcmunum
583 2153 707 2222 repen..

118 2267 154 2338 ln
171 2265 287 2336 diebus
306 2267 368 2338 illis
393 2267 498 2338 electo
523 2267 662 2361 quodam
680 2265 887 2358 bloguntiuo¹
909 2265 949 2336 ud
977 2262 1090 2336 urbem
1114 2287 1173 2359 pro

56 2364 296 2436 confirmacione
313 2362 473 2458 proficisci
485 2366 620 2438 volente
637 2365 782 2456 [1260]‚
793 2363 953 2437 Rudollus
965 2383 1077 2434 eomes
1090 2385 1173 2456 pre-

56 2461 161 2550 dictus„
177 2485 240 2556 per
257 2463 398 2534 electum
415 2463 529 2534 litteris
547 2472 698 2554 rogetus„
722 2467 829 2556 ipsum
847 2459 886 2532 ab
905 2461 1091 2551 Argentiuu
1109 2481 1173 2532 us-

55 2583 109 2652 que
127 2560 166 2630 ud
191 2559 286 2654 alpes
305 2571 450 2650 cuntem,
475 2583 581 2654 eoque
605 2559 747 2642 tetre-iter,
766 2559 955 2632 confirmato
978 2556 1172 2628 redeuntem

54 2657 207 2730 conduxit.
246 2659 309 2746 Qui
326 2655 604 2752 archiepiscopus
629 2669 742 2750 grates
762 2654 821 2728 sibi
839 2679 960 2750 agene,
978 2655 1063 2750 quod
1081 2679 1173 2726 nuu-

53 2777 138 2848 quum
156 2766 354 2846 moreretur,
377 2759 440 2826 uisi
466 2759 572 2826 comiti
596 2755 637 2824 dc
663 2765 750 2826 tanto
775 2757 918 2827 servicio
942 2752 1172 2848 responderet,

53 2857 175 2944 optauit.
202 2851 360 2948 Idemque
372 2850 586 2944 llloguntiuus
605 2854 744 2924 feliciter
760 2851 945 2947 procedens
964 2863 997 2922 et
1014 2871 1173 2946 prospere

54 2970 103 3039 pro
120 2955 293 3022 creceione
310 2953 401 3042 regis
420 2954 584 3045 principes
602 2950 643 3020 od
661 2950 792 3043 opidum
803 2947 1023 3020 Fruulrenlurt
1041 2972 1173 3020 conuo-

54 3052 137 3120 cuvit
173 3048 305 3121 lutereu
322 3047 449 3138 eccidit
468 3046 888 3142 quchsiticiBesilieuses
903 3043 1086 3118 Stellileros
1105 3068 1172 3116 ex-
1223 3047 1227 3054 '

53 3145 202 3235 pulemut.
245 3143 486 3240 Propterquod
502 3144 664 3218 Rudollus
689 3167 800 3216 comes
823 3147 1034 3234 cougregatis
1059 3146 1171 3216 enticis

54 3264 118 3313 cum
133 3243 306 3316 Stellil'eris
325 3255 489 3314 eteorum
512 3240 691 3314 fautoribus
715 3246 804 3314 iuxta
832 3241 991 3335 capellam
1007 3239 1172 3332 Biuingeu

54 3336 205 3412 Bosileem
223 3339 362 3412 obsedit.
392 3339 613 3432 Congregatis
632 3351 741 3412 cutem
758 3337 956 3436 principibus
976 3335 1171 3411 electoribus

55 3439 174 3510 eiuter
197 3462 236 3512 sc
261 3439 303 3510 de
326 3439 472 3532 periculo
496 3439 835 3530 vocacionis'imperii
862 3435 959 3508 etde
984 3433 1171 3529 perdicione
1278 3493 1281 3500 .

56 3533 123 3609 lutis
139 3540 318 3629 principum
335 3534 623 3629 conquerentibus„
641 3534 728 3606 etde
745 3556 887 3628 persona
907 3534 1060 3624 eligenda
1078 3545 1172 3608 bec-

56 3629 197 3704 tcntibus:
225 3631 737 3724 dtogununusttudctt.contus
763 3632 804 3702 de
823 3629 1001 3722 llabsburg
1026 3653 1171 3722 mequo-

59 3728 192 3802 tuinitetis
210 3733 403 3822 sapientiem
422 3729 673 3810 commendavit.
706 3728 884 3822 Multisque
901 3727 1086 3823 potentibus
1104 3751 1171 3800 uo-

59 3825 188 3912 minutisq
216 3825 430 3918 bloguntinus
455 3849 628 3899 assereus:
663 3832 859 3916 capientium
877 3837 910 3898 ct
929 3831 1171 3896 menecratem
1215 3873 1218 3878 ,

59 3921 171 4014 diricitr
192 3935 224 3994 et
240 3929 391 4013 potencie
411 3925 636 4014 preferendos,
665 3947 724 4018 pro
742 3924 883 4006 Rudollo
908 3928 1040 4014 instetit„
1060 3921 1171 4006 'Colo-

60 4017 192 4092 nienscm
209 4033 241 4092 et
258 4022 505 4107 Treverensem
522 4021 562 4092 ad
580 4021 611 4091 id
626 4025 736 4116 ipsum
757 4021 927 4096 inducens,
944 4045 948 4054 ·
966 4022 1044 4092 Dux
1062 4031 1170 4092 cirtem
1202 4047 1207 4054 ·
1248 4023 1252 4032 '
1288 4095 1292 4104 ,

61 4107 208 4206 bawarie
225 4123 277 4212 qui
295 4119 510 4190 clarissimum
529 4141 667 4190 cruorem
688 4143 793 4209 suem
813 4143 858 4190 ex
875 4129 966 4213 petre
985 4118 1068 4189 duco
1081 4119 1170 4189 Bre-

110 4241 135 4309 l)
156 4247 240 4305 electo
255 4250 407 4306 Wcrnbero
422 4251 625 4324 prebiepiseopo
640 4250 795 4320 lloguutiuo
810 4250 843 4306 Α.
896 4239 900 4248 ’
