2904 4822
318 243 493 303 rmmmcns
512 243 555 300 on
574 239 838 300 nmssnnncvmt.
1006 325 1010 332 Ι
1112 240 1159 314 35

73 411 226 505 dnglomm
241 437 328 510 rege
345 415 547 508 Edeword0,
565 375 767 513 quiparams
778 411 951 488 adbellum
962 411 1093 486 modom
1110 435 1171 508 por
1185 435 1257 494 1340

73 518 307 606 compositionem
324 514 364 586 ab
375 515 544 588 obsidione
555 515 700 611 ppediote
712 516 850 588 civitatis
861 515 1043 586 recessitin
1054 533 1170 585 mense

71 609 217 702 septembri
233 613 493 708 annopredicto.
855 645 857 652 ·

69 883 106 952 ite
119 891 287 958 concordio
305 891 387 976 inito
404 892 488 960 inter
504 908 613 978 repen
629 891 769 960 Frcocie
787 888 1031 959 cenomanum
1049 890 1090 960 dc
1100 889 1172 960 Bc-

145 990 251 1074 ccrto,
271 990 432 1074 quomodo
445 991 595 1075 precepit
609 1006 670 1056 ree
685 990 752 1056 suis
769 995 805 1056 ot
821 987 1024 1056 Lodeecicuoe
1030 1006 1095 1075 pro
1106 990 1172 1056 ine-

139 1094 289 1169 peratore
307 1093 456 1172 tenerect‚
479 1093 511 1154 ct
531 1088 572 1154 de
596 1087 738 1170 quodam
756 1087 857 1170 ipsios
873 1085 1038 1154 bodowici
1052 1091 1171 1154 statuto

144 1182 393 1270 indpuisprom',
412 1190 444 1251 et
457 1185 670 1251 recoeociooe
683 1185 863 1250 vicariatus
879 1181 1072 1264 insertorum
1084 1201 1173 1269 pcr-

145 1282 224 1346 ciom
253 1283 326 1367 rapt
355 1281 470 1367 Acplie
494 1283 663 1367 commissi,
688 1281 849 1364 quomodo
878 1278 1064 1351 Laconicus
1087 1282 1177 1350 misit

144 1380 354 1464 ocntiosrepi
362 1378 502 1445 Frccete
508 1396 573 1464 pro
585 1379 764 1445 concordia
775 1379 858 1445 inter
868 1395 940 1446 eom
957 1379 1104 1446 etsedcm
1113 1375 1174 1458 fc-

142 1477 265 1562 etendc,
284 1476 446 1560 quomodo
460 1476 533 1555 stlta
546 1477 672 1542 comitis
686 1474 802 1541 Tirolr's
817 1477 887 1542 stne
904 1477 975 1542 tore
990 1476 1177 1561 repudiavit

143 1569 321 1642 Iohannem
340 1573 445 1654 filiam
468 1575 556 1659 repis
572 1572 724 1640 Bobemie
748 1579 780 1640 et
794 1572 978 1642 morebtcci
993 1575 1108 1659 nupsit.

643 1691 648 1697 ·
1020 1671 1098 1758 Cap.
1115 1673 1174 1740 att.

100 1801 189 1874 Anno
204 1811 318 1873 autem
329 1801 448 1873 domini
461 1802 640 1874 mccoxli.
660 1805 692 1872 in
710 1823 826 1874 mense
843 1805 954 1874 marcii
970 1823 1035 1874 rex
1046 1801 1173 1898 Philip·
1204 1851 1210 1858 -

62 1916 109 1987 pos
123 1895 321 1972 Francorum
338 1897 545 1970 concordiam
562 1900 638 1971 iecit
648 1921 722 1970 cnm
731 1898 910 1972 Ludcwioo
922 1903 975 1995 qui
987 1923 1024 1973 se
1035 1924 1095 1996 pro
1105 1905 1173 1974 im-

62 2007 192 2084 peratore
215 1995 369 2089 gerebat,
394 2001 465 2069 sine
489 2001 572 2068 scitu
589 2008 622 2067 et
638 1998 807 2068 voluntate
830 2020 914 2091 pape
931 1997 1099 2069 Benedicti
1116 2001 1172 2069 xii.

62 2091 150 2182 ipsum
165 2097 398 2189 imperatorem
414 2094 658 2186 pronunciando
677 2105 710 2166 et
726 2097 835 2165 virum
850 2093 972 2165 bonum
990 2105 1023 2166 et
1033 2095 1173 2166 catholi-
1189 2163 1192 2170 .

60 2211 129 2279 cnm,
145 2201 176 2260 et
193 2197 264 2263 suis
281 2190 460 2284 regnicolis
478 2194 625 2285 precepit
641 2202 676 2262 ut
687 2195 793 2286 ipsum
805 2190 904 2264 talem
922 2193 1124 2285 appellarent
1141 2201 1173 2262 et

59 2281 208 2377 baberent,
227 2300 263 2359 et
280 2311 359 2361 suos
376 2292 513 2360 nuncios
531 2292 617 2360 misit
634 2288 675 2358 ad
691 2311 821 2382 papam5
839 2297 874 2358 ut
884 2292 989 2382 ipsum
1009 2293 1106 2360 ctiam
1116 2298 1173 2360 ta-

59 2381 111 2452 lem
125 2383 260 2457 baberet
277 2397 311 2456 et
327 2409 387 2480 per
404 2386 485 2456 alios
502 2384 614 2457 baberi
632 2385 764 2457 iaceret.
783 2383 877 2472 Quod
888 2407 971 2478 papa
982 2385 1093 2457 facere
1110 2407 1172 2456 re-

59 2485 180 2570 cusavit,
197 2487 298 2554 immo
310 2504 416 2575 grave
427 2484 508 2571 tulit,
526 2481 611 2576 quod
621 2504 683 2554 rex
693 2486 854 2577 premissa
865 2482 990 2554 fecerat
1000 2494 1174 2577 antequam

58 2597 106 2666 per
115 2579 288 2652 ecclesiam
299 2579 416 2652 fnisset
433 2577 611 2652 absolutus.
629 2580 829 2652 Premissam
846 2590 955 2650 autem
965 2580 1173 2652 concordiam

60 2671 168 2748 iecerat
188 2699 254 2749 rex
277 2676 477 2749 Francorum
495 2687 628 2770 propter
644 2681 793 2748 timorem
811 2699 908 2771 qrrem
925 2674 1035 2748 habuit
1052 2701 1070 2748 a
1087 2699 1198 2769 rega·

58 2769 166 2862 Angiie
185 2779 241 2868 qui
259 2797 401 2866 regnum
417 2777 519 2868 ipsius
537 2773 644 2845 fuerat
661 2795 822 2865 agressus
840 2784 990 2869 utsupra
1008 2785 1059 2846 est
1071 2786 1172 2847 nota-

58 2875 120 2941 tum.
224 2871 424 2944 Ludewicus
449 2881 557 2942 autem
581 2881 641 2941 etc.
666 2870 844 2965 predictam
867 2871 1074 2943 concordiam
1096 2871 1174 2942 fecit

57 2963 199 3054 publicari
222 2969 455 3064 Aquisgra'nd,
478 2978 511 3038 et
533 2967 651 3039 ibidem
676 2971 785 3040 statuit
801 2969 913 3059 legem
930 2979 966 3039 ut
981 2969 1061 3040 nulli
1078 2973 1172 3040 cives

57 3081 163 3137 servos
181 3067 319 3138 aliorum
335 3070 368 3136 in
386 3069 478 3138 cives
495 3069 691 3160 reciperent
710 3076 743 3136 et
759 3063 801 3137 ibi
813 3070 915 3136 eciam
925 3069 1098 3136 revocavit
1114 3068 1173 3136 vi-

58 3164 211 3250 cariatum
230 3186 328 3258 quem
344 3167 417 3254 regi
433 3162 621 3253 Anglorum
638 3163 817 3233 contrderat
833 3167 866 3233 in
878 3161 1021 3255 partibus
1033 3161 1173 3234 inferio-

57 3253 144 3348 ribus,
162 3261 317 3332 videlicet
332 3258 514 3331 Brahanoie
531 3259 683 3330 Fiandrie
703 3271 736 3330 et
752 3259 935 3330 Hollandie.
962 3259 1005 3331 Et
1022 3262 1070 3332 sic
1086 3281 1173 3330 eon-

58 3351 281 3429 iederationem
298 3361 408 3429 initam
426 3380 502 3428 oum
517 3379 600 3448 rege
610 3357 735 3448 Anglic
746 3357 908 3444 dissolvitq
920 3379 964 3430 ex
975 3379 1015 3428 eo
1027 3360 1100 3453 quia
1111 3379 1174 3430 as-

58 3449 178 3524 serebat
193 3459 366 3548 pecnniam
382 3463 481 3526 totam
500 3451 560 3525 sibi
575 3476 642 3525 non
659 3455 729 3525 fore
748 3455 888 3526 solutam
897 3457 930 3524 in
941 3465 1088 3548 tempore
1100 3465 1174 3527 sta-

58 3555 126 3636 tuto5
144 3573 240 3644 quam
258 3551 317 3624 sibi
334 3573 397 3624 rex
406 3551 531 3642 Anglie
541 3555 747 3646 promiserat,
766 3555 1008 3644 etpartemiom
1026 3551 1174 3640 dederat,

58 3653 86 3712 ct
100 3648 146 3716 sic
161 3670 238 3720 eum
254 3649 339 3720 male
358 3648 484 3720 delusit.
585 3649 685 3719 Anno
703 3658 811 3718 autem
823 3646 967 3740 predicto
986 3649 1173 3720 sciboetxli.

59 3759 163 3814 mensa
187 3743 325 3817 octobris
349 3749 463 3817 iterato
487 3748 573 3818 misit
588 3745 786 3816 Ludewicus
803 3742 967 3838 predictus
987 3765 1065 3816 suos
1083 3768 1174 3816 nun-

58 3840 118 3910 cios
141 3839 182 3911 ad
200 3865 315 3934 regem
331 3843 531 3914 Francorum
548 3841 741 3936 Philippum,
765 3845 936 3936 requirens
956 3851 990 3910 ut
1007 3863 1083 3910 eum
1100 3861 1175 3911 cnm

59 3955 133 4028 papa
150 3938 363 4012 concordaret
380 3939 561 4012 secundum
578 3938 663 4034 quod
680 3962 743 4011 rex
754 3937 813 4012 sibi
824 3941 1018 4033 promiserat
1029 3937 1105 4007 dum
1123 3939 1174 4009 si-

89 4063 116 4132 i)
134 4065 238 4138 flichtig
254 4069 403 4139 Frankturt
426 4059 609 4139 wo'budwig
633 4067 688 4124 iuni
709 4067 740 4124 15
760 4068 807 4123 das
832 4073 924 4137 gesetn
943 4082 1032 4136 gagen
1052 4066 1094 4121 die
1113 4066 1176 4123 oni-

60 4133 207 4194 mbmeron
217 4141 404 4212 piebibtrrgern
414 4141 466 4210 gab
477 4141 531 4196 nnd
541 4157 584 4196 wo
596 4157 625 4196 er
634 4140 700 4196 auch
716 4141 776 4196 dem
792 4139 892 4210 tonino
906 4137 1013 4195 Eduord
1030 4154 1085 4200 son
1097 4139 1176 4209 Eng-

58 4199 113 4260 irnd
131 4207 179 4264 dm
198 4210 389 4268 reichsvicariot
407 4212 508 4270 wieder
526 4211 646 4268 obnahm.
684 4213 710 4267 S.
729 4209 856 4279 budrdgs
875 4216 1008 4280 regestcn.

925 4315 965 4368 3*
