2904 4822
363 219 539 282 murreus
557 221 602 280 aa
621 221 886 280 arassmmovau.
1139 225 1191 302 57

70 397 227 484 Quomodo
250 393 414 466 lebannes
435 395 542 482 [roto
564 397 682 468 lioroli
704 399 855 468 Bouaria
880 399 1046 470 liobemie¹
1073 400 1192 483 mbas

155 497 256 566 multo
267 497 415 583 dampere
424 496 539 584 intulit,
557 499 758 583 etouomodo
768 515 829 566 ree
839 499 1069 585 Anulieoietor
1081 499 1192 568 Colica

154 597 318 663 mailmem
335 593 480 681 obtinuit,
497 597 648 682 quercet
664 595 805 664 Francie
817 599 983 683 pertinuit.

116 728 215 800 Anno
232 749 300 822 quo
322 749 434 821 supra,
458 726 615 800 videlicet
629 727 731 799 xlvii.
746 739 780 798 et
796 749 913 802 mense
935 729 1012 799 iunii
1027 726 1192 801 lohannes
1208 735 1277 794 ¹34⁷

63 827 156 898 lraler
182 825 296 898 Karoli
324 847 485 915 agressus
508 847 631 898 versus
654 824 842 896 Bawariam
863 828 895 895 in
920 823 1099 897 confinibus
1120 825 1193 898 Bo-

64 922 161 994 hemie
179 923 301 995 multos
318 921 416 994 villas
433 927 578 996 vastavit
594 923 758 1012 incendio,
776 920 942 996 abducens
953 945 1072 1018 peoora
1085 922 1194 996 etho-

64 1025 159 1092 miaes
166 1023 348 1116 captivavit
359 1042 460 1094 senes
471 1043 545 1093 cum
556 1019 732 1093 iunioribus
744 1042 836 1092 more
847 1042 1064 1115 paganorum,
1076 1021 1194 1094 volens

64 1141 98 1190 se
112 1119 224 1190 ulcisci
236 1119 372 1190 ctlratri
389 1120 605 1213 complacere.
623 1117 665 1190 Et
678 1121 742 1191 sio²
762 1122 795 1189 la
808 1121 935 1190 oriente
949 1141 1045 1214 quam
1058 1121 1090 1190 in
1101 1121 1195 1191 occi-

65 1215 155 1287 dente
173 1239 259 1289 seva
277 1218 465 1311 persecutio
483 1227 516 1288 ei
531 1213 618 1288 bella
633 1216 777 1288 diversa.
795 1215 880 1287 Nam
898 1227 932 1288 et
948 1227 1024 1289 tunc
1041 1218 1195 1312 temporis

63 1313 244 1386 Edwardus
269 1336 333 1386 rex
356 1313 481 1406 Anglie
504 1312 660 1386 obsidens
685 1325 829 1386 castrum
853 1336 914 1386 seu
937 1313 1067 1410 opidum
1087 1313 1195 1387 Galicz

64 1435 131 1484 eum
147 1415 300 1484 exercitu
318 1410 441 1502 validoa
460 1411 535 1483 dum
553 1412 718 1505 Philippus
735 1434 799 1483 rex
815 1409 954 1482 Francia
970 1412 1074 1485 vellet
1089 1417 1196 1508 ipsum

65 1521 200 1582 castrum
211 1507 368 1600 liberara
379 1531 442 1582 rex
450 1511 574 1600 Anglie
587 1507 646 1582 sibi
657 1508 769 1582 obviat
779 1531 852 1580 cum
861 1531 920 1580 sua
928 1509 1058 1600 milicia,
1074 1509 1196 1583 relictis

64 1605 315 1679 flandrensibus
327 1611 413 1678 circa
424 1603 627 1678 obsidionem
639 1606 747 1701 oppidi
759 1604 959 1678 dictiCalicz.
971 1605 1066 1694 Quod
1077 1607 1196 1680 videus

64 1727 120 1777 rex
134 1704 276 1777 Francia
295 1703 335 1774 ah
352 1725 394 1775 eo
411 1704 596 1776 declinavit.
621 1703 698 1776 Rex
715 1726 798 1776 vero
815 1707 921 1798 ipsum
939 1715 1072 1777 secutus
1090 1715 1197 1776 castra

64 1813 197 1874 meatus
215 1804 249 1873 in
266 1802 340 1873 loco
357 1799 412 1871 ubi
429 1823 491 1873 rex
507 1800 647 1872 Francia
665 1805 818 1873 iacuerat.
837 1799 931 1888 Quot
943 1801 1095 1876 videntes
1104 1801 1198 1874 Cali-

65 1923 179 1972 censes
198 1923 237 1973 se
254 1897 519 1971 reddideruntad
531 1902 676 1991 graciam
684 1899 935 1971 llandrensium
954 1921 1027 1971 cum
1044 1899 1198 1972 victualia

64 1995 119 2068 illis
130 1998 346 2070 defecissent.
366 1995 736 2070 OmninoFlandrenses
748 2017 833 2069 vero
844 1995 977 2090 opidum
993 2000 1066 2088 regi
1073 1996 1198 2089 Anglie

65 2098 330 2188 assignaverunt,
347 2097 447 2166 venia
465 2117 681 2188 personarum
707 2098 757 2166 cis
774 2093 996 2166 tantummodo
1013 2091 1054 2164 ab
1072 2117 1113 2167 ao
1130 2097 1199 2166 im·

65 2203 193 2284 patrata.
219 2191 263 2264 Et
280 2195 406 2285 capitur
430 2191 560 2285 opidum
577 2191 758 2286 predictam
775 2193 893 2287 portis³
921 2193 1020 2264 maris
1039 2202 1070 2263 et
1087 2191 1198 2287 predis

66 2299 253 2363 consuetum
271 2299 306 2362 et
321 2287 504 2361 hominibus
520 2287 693 2384 rapacibus
711 2289 854 2385 plenum.

67 2441 111 2512 lle
126 2444 342 2514 coronatione
359 2443 529 2511 euboeam
546 2441 679 2512 Nicoloi
701 2443 736 2511 in
753 2441 915 2511 tribunum
932 2441 1153 2511 ltonmoomm
1169 2448 1203 2512 et

156 2543 262 2630 ἱρείης
285 2538 394 2628 focio,
417 2546 451 2608 ei
470 2541 512 2608 de
535 2542 675 2608 victorio
690 2539 880 2609 leodienses
896 2541 1041 2628 episcopi
1063 2541 1098 2608 in
1115 2541 1200 2610 does

158 2639 363 2709 Leodiema

106 2755 206 2826 Anno
213 2773 292 2847 qum
299 2749 454 2824 videlicet
465 2751 767 2824 xlviimensemaii
774 2751 915 2824 Romani
922 2751 1086 2846 quenulam
1093 2749 1199 2823 Nico-

66 2853 146 2922 laum
159 2846 362 2922 nominasibi
373 2851 406 2919 in
417 2847 579 2920 umanum
587 2849 810 2938 Romanorum
825 2857 1071 2922 coronaverunt
1085 2848 1200 2921 laurea

67 2971 181 3021 corona
198 2949 309 3020 Rome
332 2949 366 3017 in
382 2946 468 3018 festo
490 2957 703 3042 pentecostes
724 2949 804 3039 [mai
821 2947 900 3038 20],
926 2958 959 3019 et
975 2947 1080 3018 lactus
1104 2947 1200 3019 milas

68 3043 230 3118 balneavit
247 3045 281 3114 in
299 3067 400 3116 conca
418 3047 451 3115 in
469 3066 531 3139 qua
543 3042 776 3118 Constantinus
794 3042 976 3138 baptizatus
987 3043 1057 3133 brit,
1075 3041 1200 3116 habens

68 3144 130 3216 cccl
142 3145 289 3217 florenos
307 3151 372 3212 tam
389 3144 422 3211 in
433 3141 508 3214 dote
519 3145 633 3214 uxoris
648 3164 744 3238 quam
756 3141 798 3212 de
810 3153 880 3213 arte
891 3142 1016 3212 notaria
1029 3143 1162 3234 quesitis
1173 3143 1199 3214 ⁴.

68 3241 123 3328 Oui
140 3247 240 3313 ctiam
256 3241 291 3310 in
308 3241 531 3332 assumptione
548 3237 645 3311 beate
662 3242 802 3330 virginis
823 3241 915 3332 [aug.
929 3239 992 3328 15]
1012 3233 1140 3310 nobiles
1158 3237 1200 3311 da

69 3337 244 3433 Columpna
263 3347 298 3407 et
314 3335 356 3406 de
366 3335 495 3408 Ursinis
514 3335 822 3431 expulitdalloma
840 3347 874 3407 et
883 3336 1043 3431 quosdam
1060 3335 1200 3426 nobiles,

70 3435 122 3506 sed
140 3447 314 3531 tyramms,
333 3433 505 3528 decapitat,
525 3444 558 3504 et
568 3433 694 3528 aliquos
711 3433 893 3529 proscribit.
911 3431 954 3506 Et
965 3437 1093 3506 sictres
1105 3436 1200 3508 simul

71 3554 104 3602 se
115 3531 704 3627 gesseruntproregellomanorum:
723 3529 924 3604 Ludawious
932 3530 1073 3604 Karalus
1085 3555 1125 3604 ac
1134 3529 1200 3604 Ni-

73 3630 189 3702 colaus.
207 3629 251 3700 Et
261 3628 361 3700 credo
373 3629 458 3724 quod
475 3631 601 3723 imperii
613 3627 685 3700 smis
704 3632 940 3724 appropinquet
956 3632 1045 3702 iuxta
1060 3639 1201 3702 senlen-

71 3729 141 3797 tiam
157 3727 347 3816 salvatoris
372 3725 456 3820 quod
474 3746 568 3796 omne
583 3747 719 3817 reprom
736 3731 771 3796 io
786 3747 822 3798 ae
838 3730 975 3797 orreum
993 3729 1202 3818 desolabitur,

73 3825 228 3917 apostolo⁵
256 3827 353 3894 etiam
372 3832 562 3895 attestante:
579 3828 644 3895 nisi
660 3829 785 3896 ceneri!
799 3828 954 3896 decessio
967 3828 1120 3914 primum,
1138 3845 1202 3919 que

72 3923 130 3992 iam
140 3920 1020 4018 inceptaesteteciamcomplebiturantefinemmundi.
1082 3918 1203 3994 Mensa

74 4023 171 4090 eciam
187 4019 333 4116 predicto
351 4021 525 4115 episcopus
543 4018 735 4092 Leodiensis
754 4041 828 4091 cum
846 4017 1003 4090 adiutorio
1015 4015 1202 4091 ducisBra-

112 4149 141 4217 l]
154 4149 212 4206 bier
222 4151 257 4206 ist
267 4150 315 4206 der
323 4149 388 4206 rand
397 4149 609 4222 abgescbnitlem
623 4167 655 4206 so
666 4149 727 4206 dass
738 4155 806 4205 elwa
817 4147 843 4204 in
852 4148 994 4205 cdercon·
1002 4147 1089 4204 lehlen
1099 4147 1208 4208 labante.

82 4218 458 4286 2)ua1setetntzutetten.
487 4221 703 4291 3)aoinderlre.
730 4219 954 4290 4)soinderhs.
983 4219 1208 4292 ammento.
