2882 4818
307 239 379 314 130
708 235 1061 300 uuoooeauauutoun.

308 415 464 488 Fridrici¹
485 415 632 506 alacrus,
661 414 849 488 Gumadum
874 416 974 488 lilium
992 415 1126 490 Fridrici
1143 437 1262 508 regem
1285 441 1363 493 oum
1384 441 1434 490 suo

306 517 454 587 exercitu
471 525 549 608 aput
558 513 586 584 F
586 514 779 586 rankenfurt
795 518 827 586 in
838 514 894 585 dic
905 518 1011 588 sancti
1020 513 1168 586 Oswaldi
1182 518 1278 608 [aug.
1288 519 1330 606 5]
1343 521 1434 608 igno-

307 617 446 686 miniose
464 612 602 704 fugavit.
635 611 718 684 ltem
735 613 865 684 Ulmam
882 613 1011 686 obsedit
1034 623 1067 684 ct
1084 613 1208 686 diversi
1231 613 1355 684 domini
1384 615 1433 687 sibi

307 711 506 783 adherentes
524 709 678 784 diversas
696 709 848 783 obsident
865 714 1028 803 ciuiuus,
1046 723 1079 782 et
1096 721 1161 782 tota
1175 711 1359 784 Teutbcnia
1377 713 1433 784 de-

307 809 697 900 vastaturtgneetterro.
721 807 849 880 Eodem
860 832 947 882 anno
957 809 1164 900 lantgravius
1176 831 1266 880 vane
1278 809 1432 882 recedens

305 905 345 977 ab
364 908 459 980 Ulma
478 909 579 980 lluvic
597 911 724 979 ventris
742 918 888 980 mortuus
908 919 969 980 est.
995 906 1122 979 Eodem
1140 910 1237 978 ctiam
1253 909 1432 980 annoRttt-

305 1005 417 1096 lingon
437 1008 554 1077 civitas
571 1001 711 1078 obsessa
730 1015 780 1078 est
797 1007 830 1074 in
842 1006 927 1078 festo
938 1004 1171 1098 penthecostes
1186 1005 1353 1096 [mailtll.
1370 1007 1431 1093 Qua

304 1114 438 1196 propter
455 1106 549 1174 cives
567 1100 686 1174 ibidem
703 1113 817 1174 votum
834 1102 986 1174 lecerunt
1001 1101 1098 1174 beate
1115 1103 1265 1194 Virginia
1291 1107 1320 1174 si
1338 1107 1430 1196 ipsius

303 1203 493 1272 interventu
511 1197 551 1270 ab
569 1197 716 1272 hostibus
735 1199 969 1288 liberarentur„
988 1199 1074 1294 qarod
1090 1200 1218 1273 vellent
1234 1203 1266 1270 ei
1283 1201 1429 1272 ediliearo

304 1298 464 1391 capellam
482 1297 565 1368 infra
583 1319 695 1370 muros
714 1298 903 1390 gloriosam.
940 1299 1042 1368 Beata
1068 1309 1176 1370 autem
1195 1297 1303 1369 Maria
1320 1321 1429 1392 preces

303 1397 449 1488 ipsorum
467 1394 650 1466 exaudiens
668 1394 780 1470 hostes
798 1397 936 1487 fugavit.
964 1395 1060 1466 Unde
1078 1394 1183 1468 subito
1200 1418 1261 1489 pro
1280 1401 1429 1488 magistro

301 1491 386 1564 dicte
412 1493 539 1586 capelle
564 1491 746 1564 edificando
763 1497 932 1582 miserant
949 1491 1112 1565 laudabile
1134 1515 1218 1586 opus
1243 1493 1427 1587 incipiendo.

301 1589 402 1664 Cuius
420 1591 547 1684 capelle
566 1591 726 1681 angulare
744 1592 909 1679 ultimumq
937 1613 1010 1662 oum
1036 1591 1161 1684 capella
1184 1590 1272 1662 lorct
1290 1591 1426 1662 edificata

300 1691 479 1780 nonaginta
491 1691 632 1781 quinque
643 1689 752 1777 annis,
770 1710 856 1760 anno
868 1687 987 1759 domini
999 1690 1203 1760 mcccxliii.
1222 1691 1257 1759 in
1268 1687 1322 1760 die
1333 1691 1426 1760 sancti

298 1783 449 1952 Ι9511111111
466 1782 713 1880 perficiebaturq
738 1796 771 1857 et
788 1787 929 1878 angelus
947 1785 1125 1860 deauratus
1143 1784 1204 1858 sibi
1222 1809 1426 1881 superpone-

321 1894 403 1957 atur.

349 1981 478 2056 Mortuo
497 1981 536 2054 ll.
561 1983 747 2073 lantgravio
765 1981 966 2054 Wilhebnus
990 2004 1102 2053 conces
1120 1980 1296 2053 Hollandie
1322 1992 1423 2054 contra

298 2077 478 2153 Fridricum
496 2080 627 2171 eligitur
644 2102 730 2152 anno
748 2078 867 2151 domiui
880 2080 1102 2168 mccxlviii,
1120 2082 1173 2174 qui
1186 2082 1220 2150 in
1231 2103 1320 2152 anno
1333 2082 1423 2151 tercio

298 2201 316 2248 a
335 2175 527 2250 Frisonibus
544 2188 596 2251 est
613 2179 753 2252 occisus.
780 2177 822 2248 Et
839 2180 887 2250 sic
903 2187 1021 2248 neuter
1038 2177 1165 2248 illorum
1184 2175 1332 2250 Fridrico
1350 2199 1421 2272 pre-

298 2277 410 2349 valuit.

348 2375 466 2448 Meci.
484 2373 649 2450 Fn'dricus
667 2386 814 2446 mortuus
832 2385 895 2464 est„
924 2371 983 2446 sub
1002 2397 1066 2468 quo
1084 2377 1233 2446 civitates
1250 2373 1437 2464 Rtttlingur

295 2471 478 2564 Esslingen
495 2473 676 2566 Hailprunn
694 2481 727 2542 et
744 2473 855 2565 plures
877 2473 940 2542 alie
964 2482 1041 2543 sum
1064 2471 1213 2542 edilrcate
1239 2483 1274 2542 et
1296 2473 1420 2566 imperio

296 2569 452 2642 subiecta.
485 2569 609 2657 Quibus
634 2568 819 2644 civitatibus
844 2572 915 2662 ipse
932 2568 1120 2657 Fridricus‚
1144 2569 1184 2640 Η.
1205 2581 1239 2640 et
1257 2567 1433 2661 Cunradus

283 2668 350 2739 -tttu
362 2671 539 2760 suireges,
556 2681 708 2762 tanquam
721 2666 854 2757 benigni
865 2675 977 2759 patres
990 2678 1022 2736 et
1033 2666 1225 2738 fundatores
1238 2665 1432 2759 dignitatem

296 2767 428 2837 multam
446 2766 661 2838 contulerunt.
693 2763 833 2836 bl.cc.l.i.
860 2761 1033 2836 (luuradus
1058 2787 1119 2834 reu
1141 2763 1317 2835 Siueuiam
1341 2763 1419 2855 liquit

295 2874 329 2934 et
345 2873 435 2935 trans
453 2885 545 2934 marc
564 2862 662 2934 vadit.
804 2929 808 2938 .

343 2962 420 3031 Post
436 2964 632 3032 Custodum.
669 2960 798 3032 blortuo
823 2961 968 3033 Fridrico
993 2963 1189 3054 imperatore
1218 2972 1251 3030 ct
1275 2957 1399 3032 Gunmd

293 3057 359 3129 tuo
377 3081 450 3150 suo„
469 3061 613 3132 surrexit
631 3057 822 3149 conradum
841 3059 926 3132 filius
945 3057 1087 3128 Cumadi
1106 3067 1263 3152 atnepos
1281 3057 1408 3128 Fridric'

293 3156 413 3229 volens
436 3179 581 3248 regnare
604 3159 687 3228 siout
711 3155 971 3248 predecessores
999 3158 1049 3226 sui
1073 3153 1176 3226 duces
1200 3155 1344 3229 Stravie.
1372 3177 1388 3245 a

291 3253 365 3346 plus
384 3275 481 3348 quam
498 3263 629 3324 centum
647 3257 741 3326 annis
759 3252 952 3346 regnabant.
980 3253 1182 3324 Cumautem
1193 3252 1281 3323 idem
1292 3253 1394 3323 Cuma

292 3350 353 3422 dus
370 3351 518 3423 breviter
534 3362 712 3443 regnasset
722 3375 796 3422 cum
807 3373 929 3444 magno
941 3349 1248 3425 exarcitu2inuabat
1258 3349 1374 3444 Apulia

291 3458 325 3518 et
341 3448 460 3520 ibidem
478 3474 497 3520 a
515 3449 689 3521 Mauricio³
706 3471 790 3542 rege
808 3451 930 3543 Apulia
948 3453 1072 3544 capitur
1089 3459 1122 3520 et
1138 3447 1346 3541 decapitatur.

291 3551 340 3620 sic
355 3551 527 3642 imperium
544 3544 585 3618 ab
596 3548 649 3618 illa
661 3549 823 3643 progenie
834 3545 1048 3620 establatum.
1075 3547 1154 3618 Post
1167 3544 1256 3617 huno
1266 3569 1323 3639 per
1332 3541 1397 3613 111111

290 3655 340 3718 tos
359 3667 464 3718 annos
482 3667 546 3716 nec
561 3667 624 3717 rex
641 3669 705 3716 neo
722 3669 820 3717 cesar
836 3647 1010 3740 imperavit
1022 3655 1055 3715 et
1065 3655 1176 3716 tamen
1189 3666 1252 3737 per
1261 3645 1381 3737 princip

289 3753 323 3813 et
339 3741 488 3815 dominos
506 3753 595 3814 terre
612 3741 698 3815 bona
716 3765 783 3837 pax
799 3743 866 3814 luit.

337 3840 558 3924 bleclxxiiii.
594 3841 749 3936 Sequitur
772 3840 814 3911 de
838 3863 922 3932 rege
939 3840 1090 3912 Rudollo.
1128 3840 1191 3910 llic
1207 3849 1282 3910 nota
1300 3835 1382 3931 quod

288 3947 436 4033 tempore
460 3939 571 4011 Karoli
596 3942 708 4030 magni
733 3960 837 4033 usque
862 3939 902 4010 ad
921 3938 1107 4010 Cunmdum
1140 3937 1194 4008 11111
1219 3957 1334 4027 regum

287 4036 404 4110 duoum
423 4035 630 4128 eligebantur
646 4041 679 4108 iu
696 4059 810 4128 reges
835 4037 961 4110 futuros
980 4040 1205 4130 imperatores.
1240 4031 1303 4104 Sed
1323 4055 1383 4125 pos
1402 4045 1403 4048 ’

286 4156 382 4226 quam
393 4138 572 4228 progenies
584 4135 701 4206 ductim
713 4136 839 4206 Suevic
850 4134 982 4224 deiecit
994 4133 1091 4206 desiit
1101 4155 1194 4223 esseg
1206 4143 1240 4204 et
1251 4133 1363 4223 imperi

323 4259 352 4330 1)
366 4263 498 4319 Fridricus
512 4263 551 4319 bs.
578 4262 609 4332 2)
625 4263 751 4320 exercitui
766 4265 807 4320 bs.
834 4265 865 4332 3)
880 4265 932 4320 sici
