3014 4822
443 241 595 300 ubantes
614 241 663 300 Sil
682 241 915 302 rumntuoms.
1172 245 1245 318 ’475

122 420 220 514 hapa
238 421 397 492 minorem
418 418 610 511 magnilica,
636 421 785 514 captivos
811 429 962 514 potenter
987 417 1124 492 abducit.
1160 419 1248 494 Dum
1262 427 1334 486 tam

124 519 184 592 hec
209 528 370 610 aguntur,
399 519 517 590 milites
543 517 586 588 de
612 517 818 612 Westphalia
844 519 972 612 plurimi
1000 515 1183 590 adunantur
1206 519 1247 590 ad

124 613 312 690 solvendam
338 612 542 688 obsidionem
562 621 660 692 castri
679 614 873 688 Lechenich.
909 615 977 688 Sed
1001 624 1080 686 ante
1101 618 1247 708 ipsorum

122 713 296 786 advemmn
311 735 377 804 pax
393 717 479 785 inter
495 713 660 786 dominum
679 713 961 807 archiepiscopum
978 723 1012 784 et
1024 711 1144 784 ducem
1155 711 1248 785 Bra·

122 810 284 886 hanthrum
304 822 337 882 et
356 812 542 905 complures
562 834 642 885 suus
659 815 849 900 intervenit,
869 833 933 906 que
951 812 1082 884 demum
1102 809 1249 884 firmatum

123 923 155 982 et
178 920 405 983 conservatur.
441 909 480 980 ln
503 913 596 982 cuius
624 914 714 1004 pacis
742 907 982 982 firmamentum
1011 929 1105 982 soror
1128 907 1249 982 domiui

122 1007 354 1103 archiepiscopi
378 1006 512 1079 traditum
534 1012 646 1101 nuptui
667 1006 820 1101 Adolpho
844 1006 909 1079 lilio
930 1009 1056 1078 comitis
1075 1004 1118 1076 de
1135 1003 1248 1080 Monte

116 1119 154 1180 et
178 1107 276 1178 ducis
298 1105 341 1176 de
363 1104 535 1178 Limburch
563 1115 597 1175 et
625 1105 785 1178 medietas
815 1107 912 1178 castri
938 1105 1114 1176 'luidensis
1141 1103 1248 1178 eidem

113 1203 272 1298 huotpto
288 1207 321 1275 in
341 1203 474 1274 laudum
491 1207 690 1294 assignatur.

168 1303 228 1374 llis
246 1305 387 1397 peractis
399 1299 565 1375 dissensio
578 1304 680 1374 oritur
689 1303 775 1374 inter
784 1301 950 1374 dominum
968 1300 1249 1396 arehiepiscopum

120 1413 154 1473 et
169 1405 263 1472 cives
278 1397 496 1471 Colonienses
515 1422 614 1494 super
633 1421 686 1488 ec„
707 1399 790 1494 quod
809 1402 898 1470 iuxta
919 1403 1171 1492 promissionem
1188 1397 1250 1472 sihi

121 1499 237 1572 lactem
251 1501 283 1568 in
300 1500 428 1591 incepta
443 1496 583 1570 lidcliter
596 1519 663 1570 non
680 1505 959 1592 perseverassent
971 1519 1077 1590 usque
1094 1497 1135 1572 ad
1149 1496 1249 1568 linem

122 1617 253 1689 guerre.
291 1593 388 1665 Unde
409 1593 628 1668 Colonienses
653 1600 814 1670 instruunt
838 1615 947 1666 naves
965 1591 1101 1668 bellicas
1127 1615 1250 1686 magno

122 1703 277 1789 apparatu
300 1691 341 1762 ad
366 1715 404 1764 se
426 1691 575 1765 tuendos.
612 1693 680 1764 Sed
708 1692 827 1764 eadem
856 1691 1020 1766 dissensio
1047 1695 1162 1786 partim
1191 1713 1251 1785 per

120 1793 365 1886 replicationem
377 1790 621 1864 coloniensium
640 1814 741 1884 super
758 1811 812 1878 ec„
830 1789 915 1884 quod
934 1812 1125 1862 succursum
1137 1787 1250 1862 archi-

122 1893 276 1983 episcopo
294 1885 519 1960 exhibuissent
536 1887 694 1962 hacteuus
715 1891 784 1962 suis
801 1885 1066 1960 antecessoribus
1084 1909 1150 1959 non
1167 1908 1250 1982 pre-

122 1990 242 2076 sotum,
262 1988 377 2079 partim
397 2009 458 2080 per
475 1986 696 2060 mediatricem
717 1989 890 2080 pecuniam
909 1987 1106 2080 conquievit.

166 2083 246 2178 lpso
275 2105 365 2179 anno¹
390 2083 656 2179 archiepiscopus
683 2082 985 2176 Magdehmgensis
1013 2093 1047 2154 et
1074 2085 1250 2177 episcopus

122 2180 412 2254 halverstadensis
425 2193 458 2254 et
474 2181 618 2256 marchio
631 2182 672 2254 de
684 2182 834 2254 Miasena
850 2180 1010 2253 invadunt
1022 2191 1141 2252 terram
1156 2203 1250 2252 mar-

121 2279 245 2352 chionis
256 2278 298 2349 de
309 2277 606 2370 mandechingen,
620 2279 842 2374 depredantur
851 2289 886 2350 et
895 2277 1083 2352 incendunt
1103 2275 1251 2352 mantuo

122 2399 203 2450 vero
219 2375 554 2468 Breudenhurgensis
575 2376 723 2450 hostibus
743 2377 885 2468 fatigatis
906 2387 939 2448 et
957 2379 1095 2448 tentoria
1112 2375 1251 2466 figenti-

121 2475 180 2548 bus
199 2479 288 2547 cirea
308 2495 472 2568 vesperas
488 2478 658 2568 repentino
677 2479 810 2546 incursu
831 2477 1086 2568 superveniens¹
1110 2482 1251 2567 septue-

121 2577 209 2666 ginta
230 2573 350 2644 milites
371 2575 516 2666 episcopi
536 2571 839 2664 Magdehurgensis
863 2571 1035 2660 vulnerat,
1060 2574 1251 2666 episcopum

115 2670 440 2744 ttalversuuensem
461 2673 546 2763 cepit
564 2681 598 2742 et
613 2692 732 2743 omues
751 2671 832 2742 alios
854 2673 960 2741 victos
976 2668 1078 2760 lugat.

166 2769 271 2841 Anno
282 2767 402 2838 domini
416 2767 577 2840 mccxli.
589 2772 766 2862 imperator
775 2766 829 2838 diu
839 2767 1033 2840 Faventiam
1044 2777 1119 2861 post
1129 2765 1251 2861 pascha
1267 2764 1334 2822 1241

118 2871 151 2938 iu
167 2866 370 2938 deditionem
386 2867 501 2960 accipit
520 2868 604 2960 [apr.
623 2865 687 2956 14]
709 2867 818 2938 multis
838 2868 980 2959 receptis
1001 2889 1076 2936 cum
1094 2865 1106 2936 l
1124 2866 1250 2938 castris.

118 2965 303 3060 Imperator
321 2966 418 3035 etiam
442 2975 585 3035 castrum
609 2973 642 3035 et
666 2965 837 3060 pallacium
857 2966 890 3033 in
916 2967 987 3055 ipsa
1011 2966 1142 3034 civitate
1165 2983 1252 3033 con-

121 3066 213 3134 struit
224 3071 260 3132 et
269 3059 444 3134 nobiliores
461 3083 579 3134 omnes
597 3063 707 3156 populi
717 3061 890 3132 Favenuni
904 3059 945 3130 ad
959 3063 1147 3132 convivium
1165 3081 1252 3132 oon-

120 3170 218 3232 vocat
236 3169 271 3230 et
287 3179 404 3232 omnes
425 3157 596 3253 splendide
612 3181 792 3253 procurans
810 3163 895 3230 inter
914 3179 953 3230 se
973 3157 1170 3228 reconcihat

168 3257 266 3329 Circa
290 3255 376 3327 idem
402 3267 534 3351 tempus
554 3258 767 3330 Prenestinus
787 3261 962 3350 epiecopus
982 3255 1112 3345 legatus
1132 3251 1252 3342 Gutta,

120 3357 194 3428 Otto
212 3352 388 3426 cardinalis
406 3354 537 3445 legatus
548 3354 686 3446 Anglie,
704 3355 887 3445 Gregorius
905 3355 1050 3424 notarius
1068 3355 1159 3424 curie
1175 3352 1252 3424 Ro-

120 3475 216 3526 mane
230 3451 363 3542 legatus
375 3449 616 3542 longobardia
636 3452 721 3546 apud
734 3451 871 3524 lauuarn
883 3455 1047 3523 civitatem
1060 3449 1152 3524 ltalia
1165 3469 1252 3522 cuu-

120 3554 296 3622 venientes
313 3551 430 3618 itinere
446 3549 557 3619 navali
578 3571 651 3620 eum
669 3551 777 3621 multis
798 3550 869 3620 aliis
888 3551 1065 3643 episcopis,
1083 3545 1252 3620 abhatibus

120 3647 226 3720 Gallie
247 3655 282 3716 et
300 3645 425 3736 Anglie
451 3657 484 3718 et
507 3647 614 3718 miultis
638 3649 758 3719 nuntiis
784 3647 983 3741 prelatorum
1005 3657 1072 3718 tam
1096 3645 1138 3716 de
1157 3645 1252 3717 Teu-

119 3744 229 3816 thonia
251 3742 403 3837 quamde
419 3745 491 3818 aliis
508 3747 616 3832 tanis,
635 3767 709 3816 xxv
726 3745 860 3836 galerus
877 3753 1020 3816 armatas
1039 3765 1113 3814 eum
1130 3764 1252 3834 magno
1325 3771 1328 3778 ⁴

121 3845 273 3914 mmmm
293 3839 503 3913 laudensium
524 3845 645 3914 civium
668 3846 832 3934 ingressiq
856 3841 997 3912 Romam
1023 3839 1114 3912 adire
1139 3844 1253 3910 inten-

120 3939 211 4028 dunt,
232 3949 269 4009 ut
284 3937 350 4009 illic
365 3941 398 4008 in
416 3940 589 4011 concilioa
610 3963 706 4035 papa,
731 3951 765 4010 ut
783 3937 1047 4032 praesumebatur,
1071 3938 1190 4009 indicto
1210 3934 1252 4008 de

119 4035 312 4108 liberatione
340 4039 429 4107 curie
449 4037 599 4108 Romane
620 4037 660 4108 ab
677 4041 800 4110 iniuriis
825 4035 866 4108 ab
886 4039 1083 4130 imperatore
1102 4034 1198 4106 illatis
1219 4046 1253 4106 et

123 4133 289 4230 adipsum
306 4137 537 4228 imperatorem
549 4133 790 4231 reprobandum
810 4143 979 4207 tractatum
996 4131 1156 4204 haberent
1173 4131 1251 4204 eili-

175 4255 204 4324 l)
225 4256 266 4312 hs.
286 4255 511 4329 supervenientes.
641 4295 649 4312 .
