3010 4822
257 221 330 296 524
597 221 772 278 llElNlllCllS
791 217 1046 279 autuonsomo.

174 396 243 454 1344
257 393 299 470 dc
324 397 439 482 altera
465 397 607 468 monime
630 399 663 466 in
686 394 882 482 Frarroonim
906 399 980 490 quia
1004 407 1158 468 uocatus
1181 399 1273 492 pacis
1302 399 1393 491 prius

257 490 383 565 habitos
408 495 558 584 civitates
577 493 754 564 voluerunt
777 495 947 564 immutare
972 493 1013 563 de
1038 493 1205 566 voluntate
1222 492 1394 568 Lodewici

170 671 173 678 ¹
258 602 291 663 et
315 590 426 662 lacere
450 589 621 664 firmiores.
657 589 725 660 Sed
753 591 916 684 principes
943 601 977 662 et
1003 589 1130 664 nobiles
1158 590 1393 664 conuodicunt

257 687 352 762 Unde
371 697 508 782 uterque
527 711 565 760 se
582 698 676 782 parat
693 687 734 757 ad
745 709 853 760 arma.
879 687 947 760 Sed
964 685 1165 762 ludewicus
1181 691 1345 784 intercipit
1361 701 1396 761 ct

256 797 367 880 portes
385 783 570 858 concordat.
598 783 733 858 Nobiles
757 787 855 856 etiam
879 786 1001 858 laciunt
1024 786 1183 874 edictum,
1209 787 1296 881 quod
1314 809 1394 860 mo-

257 884 329 957 dico
347 894 494 978 tempore
519 892 688 956 servatum
712 893 776 972 est,
801 884 885 954 inter
908 905 946 954 se
970 887 1055 956 circa
1080 894 1228 978 sumpius
1248 889 1395 958 vestium

255 1005 315 1076 pro
333 985 402 1056 suis
420 980 591 1072 umoribus,
612 991 646 1053 et
662 979 816 1072 redigrmt
840 979 882 1052 ad
906 1003 1045 1076 parvam
1062 1004 1223 1056 summam
1241 993 1395 1078 sumptus

167 1093 169 1096 ’
256 1080 404 1152 eosdem.
1353 1133 1356 1138 n

303 1177 430 1249 Eodem
458 1198 545 1248 anno
575 1175 655 1269 [leb.
687 1178 750 1269 10]
785 1177 862 1251 obiit
890 1176 1090 1252 venerabilis
1119 1190 1212 1273 pater
1238 1179 1396 1253 dominus

255 1275 430 1348 Heinrious
457 1277 612 1368 pincerna
636 1275 678 1350 de
699 1276 893 1349 Reicbenelr
914 1281 1090 1373 episeopus
1114 1277 1256 1350 ecclesie
1271 1275 1396 1350 Eiste-

256 1377 377 1459 tensis3
395 1383 428 1443 et
445 1370 642 1464 subrogatus
661 1385 713 1446 est
730 1378 761 1444 ei
782 1373 987 1447 concorditer
1003 1395 1063 1469 per
1081 1375 1274 1446 electionem
1292 1379 1397 1470 capi-

132 1545 134 1550 ,
256 1471 324 1558 tuli
342 1493 439 1564 quam
456 1481 565 1542 tamen
576 1475 763 1544 reservatio
797 1495 859 1566 ape
871 1472 1052 1567 impedivit„
1069 1483 1104 1544 ut
1115 1471 1212 1560 rnna„
1230 1469 1397 1544 Albertus

255 1566 297 1639 de
320 1566 537 1658 llocbenlels,
560 1573 745 1663 prepositus
769 1495 899 1642 ibidem.
934 1570 1040 1642 Huius
1065 1579 1211 1664 tempore
1235 1568 1399 1642 videlicet

254 1689 341 1738 anno
359 1665 479 1738 domini
495 1667 723 1738 mcccxtviii.
742 1667 825 1739 infra
842 1678 994 1740 octavum
1006 1668 1237 1762 assumptionis
1249 1669 1398 1758 virginis

153 1850 156 1858 ,
254 1763 400 1856 gloriose
428 1763 593 1836 Ultericus
619 1762 661 1835 de
688 1762 960 1854 Pfedenhausen,
989 1768 1166 1838 cononicus
1191 1763 1398 1838 Eistetensis

255 1861 411 1950 ecclesie,
429 1859 604 1954 presbyter
621 1872 751 1934 eentum
765 1885 925 1934 annorum
937 1863 994 1936 vel
1011 1865 1097 1934 circa
1111 1861 1199 1949 obiit,
1217 1864 1269 1956 qui
1286 1861 1399 1934 multa

252 1957 399 2031 remedia
423 1967 457 2030 et
476 1962 609 2052 pinguia
634 1959 675 2030 ad
695 1959 767 2030 loca
788 1959 922 2034 diversa
947 1960 1118 2033 ordinavit.
1151 1959 1249 2030 Anno
1264 1957 1398 2032 domini

254 2055 491 2129 mccoxlviiii
510 2051 612 2128 in'die
629 2055 714 2128 beati
728 2056 847 2130 Felicis
865 2061 898 2128 in
914 2057 1022 2131 Pincia
1044 2059 1122 2148 [ian.
1134 2055 1194 2147 14]
1213 2057 1398 2130 Heinricus

167 2179 169 2184 ·
253 2151 361 2226 Malso
373 2151 550 2248 presbyter
568 2165 601 2226 et
614 2155 777 2250 quondam
791 2157 933 2228 vicarius
951 2157 983 2226 io
1002 2153 1119 2226 eadem
1133 2155 1273 2228 ecclesia
1291 2153 1399 2240 obiit;

253 2254 306 2346 qui
332 2251 460 2343 legavit
486 2275 545 2346 pro
572 2255 815 2326 constructione
843 2251 932 2326 chori
962 2255 1040 2326 novi
1069 2252 1215 2324 eiusdem
1243 2253 1399 2326 ecclesie

253 2349 510 2444 quadringentas
537 2347 637 2422 libras
660 2349 841 2423 Hallenses
866 2361 900 2422 et
922 2351 984 2422 elio
1009 2350 1108 2422 multa
1131 2349 1215 2422 bono
1239 2350 1397 2424 remedia
1494 2436 1495 2440 Ἰ

252 2447 337 2518 lecit.
371 2446 541 2520 Prodictus
573 2471 653 2520 vero
682 2447 841 2522 Albertus
872 2447 913 2519 de
943 2445 1146 2522 Hocbenfels
1176 2447 1302 2520 clectus
1335 2461 1399 2522 est
1494 2453 1495 2528 l

252 2543 462 2618 confirmatus
489 2537 554 2640 per
576 2543 766 2618 Haimicum
794 2547 1072 2640 archiepiscopum
1096 2543 1398 2637 Mogontineosem
1494 2541 1495 2615 l

253 2641 436 2735 depositum
454 2667 472 2714 a
491 2641 663 2715 Clemente
680 2667 764 2738 papa
782 2643 865 2715 iufra
883 2647 1013 2736 scripto.
1048 2641 1232 2715 Ecclesiam
1251 2646 1353 2716 etium
1375 2671 1397 2718 a

252 2743 382 2830 magnis
396 2738 524 2828 debias,
542 2744 575 2815 iu
593 2740 708 2836 quibus
726 2753 921 2814 antecessor
940 2764 1014 2812 eam
1031 2739 1150 2814 dimisit
1167 2739 1253 2834 apud
1264 2739 1397 2816 ludeos
1494 2763 1495 2832 t

252 2847 286 2907 et
299 2835 501 2912 Christianos
519 2836 671 2912 absolvit.
696 2835 820 2925 Quibus
835 2839 949 2912 solutis
965 2835 1092 2911 nobiles
1106 2835 1397 2912 circumsedentes
1494 2851 1495 2940 ξ

252 2937 383 3025 guerris
400 2933 542 3008 diversis
554 2937 730 3010 eeclesiam
741 2940 953 3022 invaserunt3
972 2933 1031 3009 sed
1049 2939 1122 3031 ipse
1140 2939 1277 3029 pecunia
1298 2938 1397 3010 mul·
1494 2951 1495 2970 ¹

251 3041 303 3104 tos
322 3035 464 3126 pacavit,
482 3044 516 3104 et
532 3035 581 3106 sic
597 3034 835 3114 eeclesiamex
853 3035 943 3106 titulo
978 3038 1119 3108 remisso
1137 3043 1264 3128 septem
1281 3055 1396 3118 annos

195 3119 201 3129 ’
252 3153 325 3201 cum
344 3128 475 3204 dimidio
492 3131 548 3202 vel
569 3136 654 3209 circa
679 3129 815 3226 pacifice
837 3057 994 3226 possedl.
1025 3129 1151 3219 Quibus
1173 3132 1298 3226 elapsis
1322 3131 1396 3204 do-

252 3229 358 3300 minus
376 3251 460 3322 popu
472 3227 627 3300 Clemens
646 3241 776 3318 sextus
794 3251 952 3302 asserens
970 3251 1009 3302 se
1027 3247 1227 3304 reservasse
1246 3230 1396 3304 eandem

252 3325 432 3398 ecclesium
447 3349 509 3398 sue
527 3329 706 3420 provisioni
727 3338 874 3420 tempore
891 3325 1034 3398 Heinrici
1059 3329 1204 3421 episcopi
1221 3328 1396 3414 antedicti,

252 3421 293 3492 dc
322 3425 392 3516 ipsa
416 3420 566 3515 providet
593 3423 724 3496 domino
746 3423 943 3497 Bercbtoldo
971 3425 1061 3496 fratri
1089 3422 1209 3496 domini
1231 3422 1396 3498 Iohannis

183 3563 187 3572 ·
251 3517 439 3612 burcgravii
463 3523 495 3592 iu
514 3519 714 3617 Nurenberg
733 3533 766 3592 et
789 3521 909 3594 domini
926 3520 1082 3594 Friderioi
1100 3519 1291 3613 burcgravii
1312 3527 1400 3620 epi·

193 3633 195 3636 ·
252 3639 310 3690 sco
334 3619 342 3688 i
364 3617 489 3712 provisi
507 3615 758 3714 Ratisponensis
782 3619 865 3691 inlra
884 3622 1011 3715 scripti3
1036 3618 1238 3713 quiquidem
1256 3619 1395 3694 Bercb-

154 3745 156 3750 ·
251 3639 358 3788 toldds
376 3714 548 3809 professus
566 3717 625 3788 luit
640 3727 723 3789 rante
746 3715 893 3788 ordinem
918 3717 1090 3790 militarem
1109 3716 1247 3790 fratrum
1271 3718 1394 3792 domus

250 3811 440 3884 Teutonico·
472 3813 578 3900 Quem
596 3819 787 3892 venientem
811 3839 829 3884 a
851 3815 932 3888 sede
955 3813 1133 3910 apostolica
1157 3837 1245 3886 anuo
1267 3813 1393 3890 domini

251 3910 407 3981 moccli.
432 3914 465 3982 in
490 3933 606 3984 mense
629 3912 755 4006 octobri
771 3913 936 4007 predictus
957 3911 1113 3986 Albertus
1129 3916 1393 3988 intervenienti-

249 4001 311 4080 bus
338 4005 560 4082 amicabilibus
588 4009 797 4099 tractatibus„
826 4015 943 4084 timens
967 4013 1143 4104 potentiam
1166 4010 1391 4103 predictorum

249 4101 541 4198 burggraviorum
565 4106 608 4178 ad
628 4107 804 4182 ecelesiam
829 4107 957 4182 admisit
981 4119 1014 4179 et
1031 4111 1218 4198 consensit,
1243 4119 1277 4180 ut
1300 4110 1391 4182 idem

251 4199 467 4278 Bercbtoldus
493 4228 512 4276 a
537 4206 627 4278 clero
655 4217 688 4278 ct
710 4229 795 4303 papa
822 4217 973 4302 tauquam
998 4209 1173 4304 episcopus
1200 4209 1390 4303 recipiatur.
