2882 4818
250 218 322 290 128
471 210 583 268 NOTAE
604 211 647 267 ult
665 207 857 268 cununumo
876 207 916 264 ET
936 207 980 264 DE
998 207 1159 265 RUDOLFO.

250 386 376 460 morula
403 383 523 458 ibidem
545 385 650 474 factm
677 405 742 456 non
768 385 840 457 sinc
868 405 990 476 magno
1018 382 1142 454 honore
1170 381 1340 472 colligitur
1361 391 1388 449 et

272 495 475 556 ertractatur.

250 507 271 578 p
289 582 338 654 Ea
346 591 541 675 tempestate
549 573 966 653 venerabilisEberhardus
975 579 1241 652 Constantiensis
1249 578 1390 649 ecclesie

272 680 363 752 resul
380 680 495 750 claruit
512 687 544 750 et
560 677 734 750 Bertoldus
753 675 853 749 abbas
873 679 976 748 sancti
994 675 1090 768 Gaui,
1109 681 1161 748 vir
1178 679 1390 770 incompara-

250 704 323 850 luis
333 776 656 870 liberalitatisquiet
666 779 727 870 ipsi
738 778 880 868 torqueri
888 773 1229 870 dubietateccperant
1241 777 1390 868 quamvis

252 874 542 947 Cunradiluissent
552 875 716 968 allumpni.
731 872 826 944 Unde
836 895 896 966 per
907 876 1129 944 internuncios
1141 875 1193 967 apri
1202 871 1389 943 Conradum

251 973 441 1045 familiarius
464 982 640 1061 noverant,
664 974 838 1042 cercicrari
861 969 904 1041 de
927 974 998 1043 eius
1020 979 1176 1062 satagunt
1198 973 1389 1042 existencia.
1430 965 1431 974 ’

251 1071 279 1148 Ε
297 1069 413 1165 quibus
431 1070 515 1141 alter
531 1091 607 1141 cum
625 1067 813 1140 Cunradum
831 1073 979 1141 existere
1002 1068 1183 1162 perdocuit,
1208 1069 1390 1139 elter'vem
1430 1149 1431 1152 Ἴ

251 1168 369 1240 laisum
395 1191 473 1240 esse
497 1170 644 1238 astruxit.
669 1164 759 1236 Dixit
782 1169 884 1237 enim:
917 1167 1176 1256 (neccessarie
1199 1169 1392 1236 existimant
1430 1173 1431 1178 ’

252 1287 317 1336 non
334 1286 420 1352 mum·
438 1275 545 1336 tomen
563 1271 597 1334 in
614 1267 704 1335 draci
720 1266 869 1334 videbitis
885 1269 975 1352 quod
990 1269 1191 1335 demdcrutic.
1221 1265 1391 1336 Postremo
1430 1301 1431 1358 3

253 1366 395 1436 veniens
414 1363 644 1434 Constanciam
661 1383 759 1434 omne
783 1363 906 1454 vulgus
930 1360 1108 1433 incredibili
1124 1361 1244 1434 lavore
1264 1361 1391 1433 salvum

253 1483 330 1530 eum
352 1464 488 1554 recepit
513 1471 546 1530 et
569 1461 659 1531 ellari
684 1482 722 1531 se
745 1463 852 1554 ipsum
875 1463 1051 1554 episcopus
1075 1468 1206 1531 secreto
1230 1461 1390 1554 promittit.
1430 1467 1431 1552 i

253 1557 307 1629 Ac
323 1556 496 1631 manifeste
514 1556 767 1652 deprehendens
791 1560 977 1650 opinionem
1001 1561 1033 1627 in
1051 1577 1093 1628 eo
1110 1557 1315 1646 frustratam
1340 1560 1391 1626 in·

254 1659 383 1751 punitor
400 1665 532 1751 propter
555 1677 648 1726 suam
673 1658 913 1740 conscienciam
931 1653 1081 1727 omnibus
1099 1653 1225 1728 delusis
1244 1654 1338 1726 abire
1356 1652 1392 1722 ad
1430 1685 1431 1750 p

254 1757 381 1847 propria
400 1753 527 1824 occuito
545 1757 718 1826 concessit.
1430 1771 1431 1780 ¹

320 2095 420 2166 Anno
444 2091 562 2165 Christi
591 2090 764 2164 mdlesimo
788 2117 835 2164 cc.
861 2098 1108 2188 septuagesimo
1135 2097 1190 2184 iit,
1219 2095 1391 2168 indictione

255 2191 400 2266 secunda
417 2212 533 2262 omnes
551 2191 714 2283 principes
732 2188 775 2261 ad
792 2211 874 2284 quos
894 2195 1036 2284 pertinet
1060 2194 1151 2284 regis
1168 2193 1392 2264 Romanorum

234 2315 235 2320 ¹
255 2291 384 2378 electioq
408 2310 554 2359 necnon
572 2285 675 2355 etalii
701 2288 790 2358 multi
814 2285 941 2360 nobiles
961 2299 994 2359 et
1010 2301 1160 2382 potentes
1179 2313 1224 2362 ex
1241 2291 1391 2362 mundato
1430 2287 1431 2370 l

254 2387 375 2459 domini
386 2409 471 2483 pape
479 2384 630 2477 Gregorii
639 2406 673 2454 x.
689 2387 720 2454 in
731 2383 816 2457 sesto
829 2396 941 2458 sancte
949 2385 1143 2460 llichahelis
1156 2386 1392 2460 Franchenlurt
1430 2375 1431 2446 l

255 2485 296 2556 ad
314 2483 492 2556 creandum
515 2503 632 2572 regem
656 2481 835 2570 confluunt„
863 2493 896 2552 et
920 2488 1127 2574 unanimiten
1155 2495 1284 2556 semota
1308 2489 1390 2556 omni

255 2581 445 2655 disensione
467 2578 645 2651 Rudolium
668 2582 819 2650 comitem
844 2579 885 2649 de
909 2580 1104 2656 Habesburc
1126 2582 1263 2674 eligunt
1291 2583 1390 2670 Quem

257 2682 363 2752 statim
371 2677 578 2751 Coloniensis
590 2699 629 2748 ac
641 2677 695 2748 alii
712 2699 850 2770 quorum
867 2681 1004 2752 interest
1022 2685 1172 2775 episcopi
1185 2686 1391 2752 coronatione
1430 2711 1431 2806 p

256 2777 362 2869 regali
372 2774 612 2848 confirmarunt.
626 2774 688 2860 Qui
699 2771 781 2848 duas
789 2773 872 2848 filias
884 2773 925 2846 de
934 2782 1075 2870 coniuge
1087 2781 1391 2870 suareginasecun
1430 2807 1431 2864 i

256 2874 353 2963 lacta„
377 2873 441 2946 filia
454 2871 617 2966 quondam
633 2869 814 2942 Burchardi
836 2877 961 2948 comitis
978 2875 1021 2946 de
1039 2871 1251 2966 uouentem,
1277 2879 1329 2969 qui
1353 2873 1389 2944 ad

257 2994 362 3044 annos
374 2969 502 3044 nubiles
516 2980 753 3064 perveneram,
766 2967 918 3062 habebat,
932 2997 1067 3066 quarum
1087 2996 1182 3045 unam
1195 2971 1390 3044 Ludewicus
1430 2965 1431 2992 ¹

257 3091 370 3142 comcs
378 3069 543 3140 Palatinus
553 3067 641 3138 Reni
651 3078 685 3138 et
695 3066 762 3138 dux
772 3067 928 3140 Bawarie
940 3070 1092 3156 traduxit
1111 3093 1185 3142 cnm
1197 3071 1303 3142 altera
1315 3089 1390 3142 vem

257 3165 326 3238 dux
341 3167 488 3238 Saxonie
507 3167 744 3236 matrimonium
763 3171 932 3238 connexit.

339 3611 343 3614 ’
391 3611 437 3684 ΙΝ
455 3611 721 3686 CHRONIGAM
738 3611 984 3687 lllETRICAlll.
1005 3611 1259 3688 tute-1348.

1430 3731 1431 3746 l

744 3763 1431 3828 —1--p

257 3511 865 3588 nxcnarmnxnxrcsrncnn
876 3513 1069 3588 nunonis
1077 3513 1389 3589 unumunurn

337 3885 484 3971 Denique
510 3884 687 3978 Fridricus.
717 3879 836 3952 Ottone
865 3880 979 3976 quarto
1006 3887 1135 3955 mortuo
1162 3905 1249 3956 anno
1279 3884 1388 3956 domini

247 3982 462 4052 mccxxiii.
481 3980 646 4052 Fridricus
665 3979 831 4052 secundus
849 4003 913 4050 rex
924 3981 1034 4052 Sicilie
1052 3985 1141 4074 prius
1160 3993 1275 4054 contra
1293 3987 1387 4077 ipsun

264 4079 389 4151 electus
417 4075 671 4169 regnavit-Hic
694 4075 858 4150 Fridricus
882 4077 941 4150 luit
968 4077 1052 4151 lilius
1080 4077 1224 4152 Heinrici
1253 4085 1349 4152 sexti-
1362 4087 1389 4146 et

263 4196 369 4268 nepos
387 4173 521 4246 Fridrici
544 4179 636 4269 primi
662 4175 875 4267 imperatoris.
902 4175 1029 4248 Eodem
1053 4198 1139 4248 anno
1165 4176 1240 4248 Ber.
1255 4178 1333 4249 dux
1355 4173 1388 4244 de
1430 4199 1431 4276 p
