2900 4820
193 181 267 256 280
373 173 593 240 somnusue
612 173 778 234 monuo
797 173 1136 236 nmwsnuuneansns.

109 371 176 431 1351
242 355 331 428 luter
347 352 510 426 Francum
534 375 662 450 quoque
685 363 720 424 et
735 353 885 444 Anglum
907 343 994 426 lacto
1014 352 1185 444 condictu·
1200 355 1232 424 in
1256 375 1321 448 quo

194 474 272 552 pars
295 452 413 523 Franci
436 451 612 546 prevaluit„
640 451 680 522 ad
704 473 827 522 annum
849 449 978 522 inducie
1003 450 1244 524 confirmantur.
1278 452 1323 524 Et

193 561 269 648 post
290 550 353 622 hec
376 571 463 622 anno
486 548 572 620 dom.
591 551 666 644 quin
712 551 862 641 agesimo
886 546 1032 622 secundo
1050 546 1092 620 de
1115 571 1232 623 menso
1254 550 1323 624 iulii

193 649 340 722 Francus
358 655 500 720 castrum
519 645 672 742 Gyncse
696 646 789 720 sedit.

242 745 370 818 Eodem
394 766 482 818 anno
505 747 778 840 quinquagesimo
805 767 880 817 cum
902 767 967 819 rex
990 745 1129 820 Carolus
1152 746 1324 820 Romanus

193 841 340 940 pluribus
364 840 548 916 civitathus
566 853 599 914 et
619 844 689 915 aliis
706 844 793 915 Rani
810 865 899 916 nova
916 845 1049 922 contulit
1072 843 1239 935 thelonea,
1262 868 1325 940 por

196 963 259 1036 que
277 940 486 1015 traducentes
504 945 582 1015 vina
601 950 635 1011 et
650 942 731 1014 alias
749 961 879 1014 merces
903 942 1077 1035 plurimum
1095 953 1171 1016 sunt
1192 941 1325 1034 turbati,

194 1037 463 1131 Argentinenses
479 1061 564 1113 uero
581 1037 701 1112 tamdiu
718 1040 849 1111 Renum
870 1027 1116 1130 obsh'uxerunt,
1140 1039 1227 1135 qnod
1244 1049 1325 1112 tau-

194 1135 271 1208 dem
286 1135 440 1212 obmissis
456 1141 554 1211 novis
568 1135 718 1210 thelouiis
728 1138 762 1207 in
772 1158 872 1232 maye
885 1136 945 1210 sub
957 1161 1043 1211 anno
1053 1138 1085 1211 li.
1096 1139 1193 1210 Reno
1206 1149 1323 1234 aperto

195 1259 317 1327 magna
335 1259 410 1308 cum
427 1239 505 1308 vino
523 1238 658 1308 navium
674 1233 843 1308 multitudo
861 1235 1040 1308 descendit.

198 1373 201 1378 ·
244 1333 373 1406 Eodem
389 1356 476 1406 anno
494 1336 764 1428 quinquagesimo
786 1336 903 1428 primm
926 1337 959 1406 in
977 1333 1086 1406 medio
1102 1336 1192 1423 imsii,
1216 1336 1327 1408 vineis

198 1429 622 1522 dudumefflorescentibus
634 1453 738 1523 mana
746 1435 927 1504 comuniter
937 1431 1190 1505 sufficiebantad
1198 1455 1328 1524 agres-

196 1542 276 1622 tam7
294 1534 336 1602 ita
355 1529 440 1626 quod
457 1552 524 1602 non
541 1539 593 1602 est
610 1532 782 1619 memoria
800 1529 886 1624 qood
902 1527 998 1602 blada
1016 1533 1138 1604 etvina
1156 1527 1240 1601 adeo
1257 1531 1329 1604 llo-

197 1639 334 1702 ruerunt
349 1630 558 1723 tempestive.
583 1627 626 1699 Et
636 1638 748 1721 aperto
758 1627 868 1717 Rene,
887 1649 961 1698 cum
972 1626 1163 1701 crederetur
1179 1631 1329 1722 precium

197 1727 284 1798 bladi
295 1728 406 1800 etvini
424 1725 621 1813 ascendere,
638 1729 745 1820 ipsum
756 1723 856 1797 valde
874 1724 1185 1798 descenditctcirca
1195 1724 1330 1892 spiram

198 1835 232 1896 et
247 1823 472 1897 Wormaciam
497 1833 572 1894 ante
597 1821 683 1894 diem
699 1820 853 1896 Iohannis
878 1819 1019 1917 baptiste
1041 1825 1123 1914 [iun.
1140 1821 1205 1914 24]
1251 1821 1330 1896 lada

199 1931 274 1995 sunt
291 1921 428 1993 collecta
445 1922 593 2015 vinaque
605 1921 725 2015 optima
742 1923 814 2013 ipso
832 1941 919 1992 anno
936 1930 1123 1993 creverunt.

246 2017 373 2090 Eodem
396 2038 482 2089 anno
506 2020 540 2090 in
562 2017 648 2092 sesto
672 2026 883 2113 pentecostes
903 2020 985 2109 [iun.
1004 2020 1043 2109 5]
1069 2018 1129 2090 fuit
1150 2021 1332 2114 capitulum

198 2117 358 2212 generale
382 2115 681 2207 Augustinensium
704 2115 869 2209 Basylee„
894 2113 948 2186 ubi
971 2115 1100 2188 buerant
1121 2117 1332 2210 undeviginti

198 2217 347 2308 magistri
373 2212 549 2304 theologie.
585 2215 674 2309 Papa
700 2235 828 2308 quoqne
852 2211 1002 2286 omnihus
1026 2213 1179 2288 fratribus
1207 2213 1331 2288 ibidem

198 2310 406 2387 venientibus
425 2309 513 2381 dedit
529 2333 604 2383 eam
621 2315 779 2405 graciam7
797 2333 894 2406 mam
905 2313 938 2382 in
948 2310 1068 2384 iubileo
1085 2311 1280 2386 habuissent
1295 2316 1331 2386 in

198 2409 289 2482 mbe.
315 2405 440 2497 Quibus
457 2407 592 2504 luitper
608 2432 739 2504 papam„
757 2411 1041 2500 Argentinensem
1059 2421 1092 2482 et
1108 2409 1332 2484 Basiliensem

199 2510 373 2604 episcopos
391 2507 538 2600 aliosque
557 2507 799 2580 conhibuentes
817 2509 957 2599 egregie
971 2510 1186 2582 ministratum
1197 2520 1231 2581 et
1242 2531 1332 2581 cou-

199 2603 348 2680 oordavit
365 2603 539 2699 capitulum
557 2609 589 2678 in
606 2605 801 2697 magistrum
813 2604 971 2676 Thomam
989 2604 1031 2676 de
1049 2604 1212 2698 Sarhurg,
1229 2610 1332 2702 priori

199 2725 286 2776 anno
304 2702 497 2796 generalem
515 2703 670 2794 electum,
688 2707 756 2776 vita
774 2713 808 2774 et
825 2705 968 2776 sciencia
985 2703 1217 2776 excellentem.

248 2800 299 2873 Eo
316 2811 465 2894 tempore
481 2801 704 2876 'lheverensis
729 2799 994 2896 archiepiscopus
1013 2813 1156 2875 casurum
1173 2801 1334 2878 hlunbler

196 2900 410 2973 fortissimum
427 2896 482 2969 diu
498 2897 654 2972 obsidens
673 2902 879 2994 expugnauit
895 2898 981 2989 [dee.
1000 2900 1077 2990 22].

247 2995 375 3067 Eodem
389 3018 474 3067 anno
487 2997 519 3068 li.
534 2996 663 3092 puidam
675 2997 849 3068 Carmelita
862 2997 978 3088 lector,
995 2999 1122 3073 faciens
1139 3021 1333 3074 sermonem

199 3100 233 3167 in
250 3097 352 3167 missa
369 3115 467 3188 pape,
486 3117 561 3166 eum
573 3106 606 3166 et
616 3094 800 3167 cardinales
812 3094 854 3166 de
866 3117 980 3166 eorum
991 3098 1087 3170 viciis
1105 3095 1189 3168 adeo
1205 3119 1334 3194 repre-

198 3191 324 3282 hendit
341 3191 427 3286 quod
438 3214 568 3283 omnes,
580 3196 633 3287 qui
643 3193 791 3284 aderant,
803 3191 1027 3282 terrebantur3
1044 3197 1099 3289 qui
1109 3198 1214 3268 extitit
1223 3217 1333 3291 prop-

199 3301 251 3363 ter
267 3289 331 3361 hoc
347 3313 366 3359 a
385 3300 470 3364 statu
493 3289 626 3362 honoris
648 3300 784 3364 rotatus.
815 3289 929 3366 mma
954 3313 1083 3386 quoque
1107 3293 1166 3364 huit
1188 3294 1333 3388 quedam

200 3387 313 3461 clausa
338 3387 433 3460 litera
460 3392 544 3461 ostio
568 3387 755 3480 ordinatis,
782 3410 867 3558 pape
892 3399 925 3460 ct
948 3387 1165 3462 cardinalibus
1193 3388 1333 3484 ducem

200 3507 263 3580 qua
281 3496 393 3580 aperta
410 3489 584 3581 reperitur,
608 3484 694 3582 quod
710 3483 813 3560 Levia
849 3509 904 3577 aoq
928 3491 1082 3583 princeps
1105 3487 1333 3580 tenebrarum,

200 3583 320 3656 salutat
336 3587 495 3656 vicarium
520 3607 614 3657 suum
638 3607 757 3680 papam
775 3595 809 3656 et
825 3588 1007 3660 servitores
1032 3606 1111 3658 suos
1129 3583 1332 3677 cardinales,

200 3703 338 3776 qnorum
355 3703 419 3777 ope
435 3685 500 3752 iam
518 3685 629 3754 vincat
642 3681 806 3755 Christum
823 3685 980 3756 nitentem
998 3683 1146 3756 exaltare
1163 3707 1333 3779 pauperes

201 3777 385 3852 ethumiles
397 3789 509 3851 contra
527 3778 760 3875 rempublicam
774 3781 897 3871 mundi,
915 3791 949 3852 et
962 3780 1151 3855 introductis
1162 3781 1333 3878 prophetis

200 3898 261 3949 eos
272 3876 314 3947 de
325 3875 476 3950 omnibus
494 3878 805 3952 commendatvioiis
816 3879 1002 3951 etselutant
1014 3901 1073 3952 eos
1091 3889 1197 3952 mater
1213 3901 1332 3953 eorum

197 3972 353 4070 superbia
371 3985 404 4048 et
420 3996 553 4049 sorores
572 3997 686 4048 eorum
704 3979 860 4067 avaricia„
877 3977 1005 4048 limuria
1017 3989 1051 4050 et
1061 3987 1185 4068 cetere,
1202 4000 1269 4072 que
1287 3999 1327 4051 se

200 4075 320 4144 iactant
344 4095 458 4144 eorum
482 4072 639 4146 adiutorio
663 4072 870 4164 honestare,
894 4085 928 4146 et
944 4075 1044 4146 multa
1061 4076 1147 4147 talia.
1179 4075 1223 4148 Et
1239 4079 1331 4148 scri-

202 4167 301 4244 bitur:
320 4171 441 4240 llotttm
458 4175 620 4243 incontra
637 4171 760 4258 inserat
772 4181 922 4265 presente
939 4181 1072 4244 coloreo
1089 4177 1269 4250 demonum.
1290 4171 1333 4248 st
