2918 4824
367 267 531 326 ramnus
549 264 887 328 uuswmouaonusls.
1116 269 1185 344 241

45 467 116 516 nec
133 468 204 518 una
223 467 337 518 corum
354 445 452 536 nero,
469 444 609 520 swano
626 446 684 520 vel
700 444 883 518 Franoonie
901 443 1096 516 electionem
1114 443 1189 515 lla·-
1205 452 1275 510 tato

45 545 110 616 roli
130 565 200 614 nec
217 566 303 640 papa
319 566 497 638 processus
515 548 654 634 ornavit,
678 565 744 616 neo
765 547 935 638 quisquam
956 543 1084 615 illarum
1104 565 1188 636 par-

45 645 140 712 cium
159 641 290 736 aliquos
308 653 420 714 contra
438 644 616 737 principem
633 641 800 736 publicare
811 663 989 736 processus
1000 639 1188 713 nonaude·

44 737 113 810 bat.
154 740 363 813 Basilisnses
381 743 482 830 onim,
499 739 576 810 boet
591 743 725 812 racione
743 741 887 833 episcopi
905 741 956 811 sui
973 740 1189 832 etprogenici

44 835 296 910 Monacborum
314 834 390 909 inibi
407 837 654 931 prevalencium
664 836 787 908 Karolo
804 835 993 908 lavensium
1009 839 1116 930 ipsum
1125 857 1189 906 re-

44 945 190 1028 ceptare
210 935 438 1026 crederentur,
456 933 610 1008 uddentcs
623 944 864 1006 lamentantem
876 935 1012 1006 aliarum
1023 936 1189 1006 civitatum

44 1032 281 1122 concordiam,
305 1053 344 1106 se
361 1031 543 1106 adhesuros
561 1035 697 1127 principi
720 1031 844 1104 firmius
862 1032 933 1104 aliis
957 1030 1188 1103 decreverunt.

43 1128 213 1204 Reverso
231 1141 342 1202 autem
359 1133 552 1226 imperatrix
568 1128 610 1200 dc
627 1127 800 1202 Hollandia
817 1131 851 1202 in
867 1151 985 1202 menso
1002 1125 1189 1216 novembri,

43 1228 169 1299 relicto
194 1227 272 1299 inibi
288 1226 470 1300 Wilbelmo
488 1225 568 1316 utto,
592 1250 609 1298 a
628 1229 774 1322 principe
792 1249 867 1298 cum
889 1225 1010 1319 gaudio
1027 1229 1061 1298 in
1077 1225 1189 1298 Fran-

43 1324 189 1396 beufort
207 1336 260 1399 est
276 1335 427 1420 recepta3
445 1327 499 1420 qui
516 1325 613 1398 simud
631 1327 791 1398 transiere
803 1321 989 1396 Monaoum.
1017 1323 1191 1396 Venerunt

44 1433 166 1494 autem
186 1447 262 1494 oum
277 1427 350 1518 ipsa
361 1423 563 1517 sollempnes
574 1425 682 1494 nuncii
694 1421 797 1514 Angli
808 1425 841 1492 in
851 1421 1082 1512 Frankcnlort,
1093 1425 1189 1516 prin-

44 1523 163 1614 cipem
181 1531 217 1592 et
232 1521 384 1612 Anglnm
401 1520 548 1613 colligari
559 1529 753 1614 querentes.
802 1517 885 1590 Gurn
902 1517 1018 1614 quibus
1035 1523 1189 1614 princeps

44 1641 124 1689 cum
157 1619 259 1712 pleno
288 1617 463 1710 colligandi
492 1616 645 1690 mandato
672 1615 854 1690 Robertum
881 1617 1000 1690 ducem
1021 1614 1190 1705 Bawarie,

46 1715 158 1788 lilium
182 1717 294 1788 fratris
313 1719 377 1805 sui,
393 1713 616 1787 Wolframum
632 1714 674 1786 de
691 1713 898 1810 Nollenburg
918 1719 1111 1808 magistrum
1128 1737 1191 1786 or·

45 1811 136 1883 dinis
151 1813 428 1885 Tbeutonicorum
439 1811 754 1908 porAlamanniam
772 1813 1029 1888 ctLudoudoum
1041 1815 1192 1886 comitem

47 1908 90 1980 de
112 1909 288 2005 Oetingcn
305 1910 491 1985 destinauit.

47 2083 202 2250 Koroleuls
231 2083 416 2172 ioprcditur
443 2081 632 2153 Bobemtom
661 2101 725 2174 per
753 2083 919 2154 dicaciam
947 2085 1087 2154 latentur
1119 2089 1197 2172 post

189 2183 357 2251 ectiooem.

97 2312 250 2386 Karalus
269 2325 379 2385 autem
396 2314 522 2388 clectus
541 2315 682 2386 latenter
704 2337 765 2409 per
781 2315 953 2396 Alsaciam
970 2327 1003 2387 et
1019 2314 1193 2388 Sweviam

50 2414 118 2504 [in]
139 2423 268 2483 terram
284 2409 443 2484 Bohemie
460 2415 652 2506 properavit
670 2411 783 2502 [1346
801 2412 911 2504 ἀθο.],
936 2411 990 2484 nbi
1014 2411 1192 2485 honorilice

47 2522 101 2582 est
119 2519 292 2604 receptus.
328 2507 487 2584 Posthac
503 2509 545 2580 da
564 2531 680 2582 mense
698 2508 852 2582 februarii
870 2533 956 2582 anno
968 2510 1088 2581 domini
1098 2511 1191 2585 xlvii.
1208 2495 1279 2555 ¹³⁴⁷

47 2613 123 2704 ipse
149 2605 298 2680 Karalus
323 2627 398 2678 cum
421 2606 556 2679 Karolo¹
576 2630 661 2699 rege
679 2607 839 2699 Ungarie7
864 2605 991 2700 genero
1016 2629 1090 2698 suo7
1118 2631 1193 2680 oum

48 2705 198 2777 Alberto
216 2703 365 2776 Australi
382 2704 578 2797 colloquium
603 2703 787 2776 babuerunt
809 2710 841 2776 in
859 2705 1015 2778 Wiennu.
1068 2703 1191 2794 Quibus

49 2805 151 2874 simul
170 2800 325 2874 euntibus
343 2803 375 2871 in
386 2799 556 2896 Presburg
574 2801 720 2874 ciusdem
733 2801 872 2894 Ungarl
883 2801 1082 2877 Ludowious
1094 2806 1191 2899 prin-

49 2923 133 2996 ceps
154 2901 266 2973 statim
283 2902 316 2970 in
333 2895 480 2971 Wienna
500 2900 694 2994 colloquium
713 2903 969 2974 secretissimum
990 2899 1100 2974 habuit
1118 2924 1192 2976 oum

49 2997 208 3072 Australi
229 2998 338 3087 [ian.].
391 2995 536 3068 Boemus
555 3006 665 3069 autem
683 3000 824 3070 veniens
843 2999 1032 3070 Tridentum
1053 3001 1191 3090 [mtirn],

49 3119 110 3190 pro
129 3092 325 3166 rehabendo
343 3098 495 3166 comitatu
509 3094 641 3188 Tyrolis
660 3093 702 3164 de
720 3095 841 3167 auxilio
858 3093 1116 3169 Mediolanensis
1134 3101 1192 3168 in-

50 3197 152 3265 stetit.
187 3188 301 3262 lverat
318 3195 405 3263 enim
421 3190 565 3264 marchio
576 3191 908 3284 Brandcnburgcnsis
918 3193 1087 3267 Prussiam
1104 3215 1191 3265 con-

51 3301 99 3362 tra
119 3287 284 3382 gentiles,
302 3292 394 3362 ouius
412 3312 497 3362 uxor
513 3300 657 3362 castrum
674 3287 804 3383 Tyrobs
823 3287 973 3364 omnibus
990 3294 1190 3364 necessariis

52 3390 200 3460 munivit
216 3385 261 3458 ad
275 3409 407 3458 annum.
444 3385 684 3478 Engelmarus²
702 3398 811 3459 autem
828 3387 922 3461 miles
941 3399 1058 3482 potens
1076 3391 1108 3458 in
1127 3411 1191 3460 oo-

52 3490 182 3574 mitam,
208 3487 263 3577 qui
280 3493 314 3556 et
328 3487 436 3578 ipsum
453 3483 581 3556 tradidit
598 3483 789 3575 marchioni7
813 3494 968 3559 tractatus
989 3484 1099 3557 habuit
1115 3485 1192 3559 bino

53 3594 86 3653 et
103 3581 196 3654 inde.
247 3580 395 3652 Marchio
412 3593 523 3652 autern
539 3581 728 3674 intelligens
746 3580 821 3671 beo
845 3581 931 3654 illico
949 3595 1001 3656 est
1017 3606 1190 3658 reversus.

53 3677 226 3752 Bobemus
252 3689 360 3750 autem
384 3701 458 3750 oum
482 3678 613 3773 opidum
629 3677 768 3752 Merene
786 3689 820 3750 et
843 3679 905 3752 alio
929 3681 1021 3774 plura
1040 3683 1189 3770 vicisset,

55 3779 233 3850 veniente3
252 3779 397 3871 principe
414 3797 488 3848 oum
506 3797 628 3867 magno
646 3781 807 3866 exercita
832 3780 920 3850 victa
943 3798 1004 3871 per
1029 3797 1067 3850 se
1091 3799 1189 3848 oom-

55 3871 180 3948 burcns
209 3895 371 3948 reversus
401 3882 452 3946 cst
478 3873 668 3946 Tridentum
705 3876 817 3969 [apr.].
875 3875 1030 3967 Princeps
1059 3896 1188 3967 quoquo

56 3974 207 4044 similiter
229 3983 283 4044 est
308 3993 482 4062 reversus,
510 3975 583 4064 quia
608 3974 750 4043 maxima
774 3971 832 4042 luit
855 3974 983 4044 caristia
1007 3968 1187 4064 utrobique.

56 4069 258 4146 Ludowious
275 4081 387 4140 autem
404 4067 548 4140 marchio
565 4071 702 4164 ipseque
713 4067 880 4142 Bohemus
898 4071 930 4139 in
948 4071 1020 4163 ipso
1038 4072 1189 4140 comitatu

59 4292 82 4348 Α
106 4220 136 4288 l)
154 4219 314 4348 budpwr'co.
350 4218 382 4283 2)
401 4233 453 4274 von
468 4217 628 4275 Villanders.
665 4217 696 4288 3)
714 4217 836 4275 veniente
855 4217 920 4274 leblt
938 4216 964 4274 iu
978 4217 1005 4274 B.
1019 4217 1074 4274 und
1093 4215 1128 4273 ist
1142 4233 1189 4274 aus

84 4337 90 4350 .
108 4310 228 4365 organa.

110 4400 248 4443 scamma
261 4395 375 4442 ronnas
388 4397 409 4437 t.
816 4413 821 4418 ·
945 4395 980 4454 pp
