3012 4820
252 233 325 306 604
647 227 991 288 meerlesmuemm.

166 419 237 477 1338
249 411 403 504 piscopos
424 417 458 478 et
474 409 662 502 episcopos
680 409 708 478 si
726 417 838 478 eenha
856 405 970 477 facere
988 415 1230 500 presumerent
1248 403 1291 474 ad
1309 405 1382 499 pri-

249 510 417 578 vationem
444 506 635 596 dignitatum
669 515 703 575 et
729 505 967 598 prelaturarum
994 507 1140 597 ipserum
1168 502 1271 572 etad
1300 505 1382 574 alias

250 604 434 698 spirituales
453 613 487 673 et
503 603 700 696 temporales
718 609 823 696 pe'nas
841 613 875 673 et
890 606 1078 674 sentencias
1089 599 1290 692 infligendas
1309 603 1385 672 eis-

250 703 326 773 dem
343 700 467 795 absque
478 703 662 771 menieiene
676 710 709 771 et
720 704 877 772 citaeiene
890 702 952 772 elia
963 720 1211 794 processurum
1223 703 1385 791 medens

250 799 310 872 sibi
328 797 509 886 videretur,
527 807 622 892 preat
638 801 671 869 in
696 799 811 870 litteris
838 809 872 870 et
887 795 1097 893 processibus
1134 813 1196 890 per
1213 796 1253 884 (l.
1275 795 1387 885 tas.)

248 902 355 991 ipsum
372 894 551 967 Iohannem
569 917 671 990 super
687 894 747 968 hiis
759 897 852 968 lactis
870 897 999 992 plenius
1011 897 1201 966 continetur.
1230 895 1294 982 Qui
1307 897 1386 988 qui-

249 997 324 1067 dem
341 1015 458 1066 omnes
476 1013 668 1088 processus„
686 998 907 1085 asserciones„
924 995 1211 1089 pronunciationes
1232 1003 1266 1063 ct
1277 993 1388 1064 littere

250 1117 290 1164 ac
312 1095 419 1163 omnia
448 1101 482 1162 et
507 1092 660 1182 singula,
684 1115 748 1186 que
773 1095 863 1187 [per]
895 1096 1002 1187 ipsum
1027 1089 1206 1162 Iohannem
1237 1101 1338 1181 gesta
1356 1099 1388 1159 et

250 1200 404 1262 attentatu
422 1189 526 1262 luisse
543 1189 704 1280 dicuntur,
722 1191 854 1262 luerunt
874 1201 907 1262 et
924 1200 1000 1262 sunt
1017 1188 1105 1260 nulle
1125 1188 1298 1259 ecnullius
1319 1209 1387 1258 ve-

250 1291 329 1361 leris
347 1298 381 1359 et
397 1290 551 1358 nencnu·
569 1309 633 1358 nec
659 1288 767 1382 alique
785 1289 882 1360 mede
900 1285 1033 1360 timendi
1058 1309 1123 1357 nec
1147 1285 1309 1356 servandi
1326 1307 1389 1356 nec

251 1384 393 1458 timenda
401 1407 464 1455 nec
475 1383 653 1474 servanda,
666 1386 751 1479 qued
762 1407 875 1479 ymmo
889 1409 935 1457 ex
951 1387 1030 1480 ipsis
1043 1386 1190 1477 sequitur
1200 1383 1389 1470 manifeste,

253 1483 338 1578 qued
355 1486 427 1577 ipse
447 1481 610 1554 lohannes
628 1483 772 1576 predicta
790 1483 942 1556 faciende
967 1492 1000 1554 ct
1023 1481 1155 1552 diffinite
1180 1485 1213 1551 in
1242 1481 1388 1575 predicta
1480 1531 1481 1538 κ

252 1581 407 1652 decretali
424 1577 679 1652 omitteretne
700 1579 873 1653 iudicando
892 1602 930 1655 se
941 1583 1048 1674 ipsum
1065 1582 1199 1672 preprie
1210 1579 1331 1650 iudieie
1348 1577 1388 1648 de
1480 1659 1481 1666 χ

251 1680 362 1752 heresi
379 1677 546 1766 iudicavit
565 1701 640 1750 eum
657 1679 789 1750 dilhnita
808 1684 840 1750 in
859 1679 1003 1775 predicta
1021 1676 1178 1748 decretali
1190 1679 1287 1747 Ect't't
1298 1679 1388 1770 prius

252 1775 445 1871 approbavit
462 1785 496 1846 et
512 1779 544 1846 in
565 1777 710 1869 pluribus
730 1781 859 1849 statutis
878 1781 947 1850 suis
971 1776 1144 1869 plurimum
1166 1774 1389 1858 comendavit,
1480 1781 1481 1796 ¹

274 1886 347 1946 reut
366 1879 399 1945 in
417 1873 693 1967 appellationibus
719 1876 813 1947 lactis
843 1887 954 1947 centra
979 1872 1084 1944 dictes
1108 1893 1291 1965 processus
1316 1870 1388 1941 dieti

250 1897 405 2139 hbbpnnis
423 1974 506 2041 etin
530 1971 788 2066 allegaeienibus
813 1974 907 2046 lactis
935 1972 1127 2068 plenissime
1151 1969 1337 2041 ostenditur
1358 1977 1389 2038 et

250 2089 310 2162 pre
333 2079 414 2140 aher.

229 2183 231 2188 ·
302 2167 423 2240 Ottave
449 2169 595 2262 prelatus
618 2173 769 2246 deminus
793 2167 980 2260 iohannem
1008 2172 1117 2242 nitens
1142 2167 1182 2238 ad
1203 2177 1388 2239 cunamen

252 2267 392 2360 imperii,
410 2266 452 2336 de
470 2266 556 2344 laete
572 2289 790 2366 pergecrras
812 2289 937 2359 graves
965 2279 1000 2338 et
1021 2265 1256 2338 intollerabiles
1282 2271 1317 2334 et
1332 2281 1391 2356 per

252 2362 401 2437 incendia
419 2373 454 2434 el
470 2364 759 2464 depopullacienes
778 2377 811 2438 et
829 2371 932 2438 eciam
950 2389 1009 2462 per
1033 2367 1343 2437 circumvenciencs
1361 2373 1393 2433 et

254 2462 387 2535 fraudes
406 2473 542 2540 cenatus
561 2477 615 2538 est
632 2467 803 2539 destruere
822 2475 854 2535 et
870 2465 984 2536 delere
1002 2463 1118 2535 fideles
1137 2465 1286 2556 imperii,
1305 2459 1393 2532 sub·
1478 2525 1479 2532 ,

254 2565 342 2633 icere
362 2558 510 2636 laudibus
528 2565 729 2636 inimicemm
749 2583 896 2652 suerum,
913 2584 995 2658 ques
1014 2561 1139 2633 lideles
1157 2561 1304 2632 ecclesie
1323 2579 1391 2630 ne-

255 2657 408 2745 minabat,
429 2668 462 2728 et
478 2662 558 2754 ipsis
577 2660 728 2733 fidelibus
745 2664 883 2754 imperit
903 2664 955 2756 qui
968 2683 1006 2733 se
1019 2657 1253 2742 defendebant„
1266 2661 1390 2729 crimen

255 2756 382 2826 heresis
399 2753 485 2828 false
503 2771 536 2832 et
552 2783 727 2856 perperam
743 2758 941 2853 imponebat,
957 2768 1053 2851 preat
1064 2755 1207 2851 predicta
1219 2765 1298 2828 sunt
1309 2755 1393 2826 adee

253 2855 379 2924 neteriu
392 2857 1264 2952 etmanifcsu,quednnttapessunttcrgtverseetene
1277 2855 1392 2943 celan,

254 2961 288 3021 et
317 2953 422 3021 eciam
448 2955 480 3024 in
506 2957 738 3050 appelluciene.
764 2977 824 3049 per
848 2955 967 3026 dictum
995 2952 1159 3025 deminum
1187 2949 1391 3024 Ludevicum

255 3051 443 3140 interposita
464 3057 658 3125 sentinetur.

303 3147 400 3217 Nene
417 3150 552 3240 predicti
569 3150 722 3223 lehannis
735 3173 913 3224 successor
930 3149 1082 3222 deminus
1094 3148 1296 3220 Benedictus
1309 3171 1390 3243 papa

254 3249 309 3318 xii.
330 3247 533 3338 supradictus
551 3271 729 3344 processus
746 3269 825 3344 pme
843 3253 957 3321 verius
976 3267 1140 3321 excessus
1157 3247 1264 3318 lactes
1280 3257 1391 3317 cenba

255 3345 424 3436 imperium
444 3355 478 3418 et
494 3359 605 3418 centra
619 3347 778 3440 prelatum
790 3347 955 3419 deminum
966 3344 1168 3417 Ludevieum
1181 3345 1298 3438 plures
1309 3365 1391 3438 pre-

255 3442 423 3511 nunciavit
446 3467 485 3516 ac
509 3445 740 3532 denunciavit,
765 3450 907 3518 asseruit
930 3453 963 3514 et
986 3443 1065 3515 dixit
1090 3452 1123 3512 et
1146 3441 1340 3513 denunciari
1355 3465 1392 3512 ae

256 3541 463 3632 pronunciari
490 3541 584 3632 lecit,
612 3541 794 3634 [deminum
822 3543 1039 3630 hadevicum]
1073 3543 1390 3612 excommunicatum

255 3635 436 3710 hereticum
454 3649 487 3709 ct
504 3643 723 3712 scismaticum
741 3663 781 3711 ae
797 3641 840 3712 de
858 3641 970 3712 heresi
987 3649 1020 3708 ct
1031 3641 1186 3710 scismate
1203 3637 1390 3732 condemp-

256 3741 367 3805 natum
387 3745 420 3806 et
435 3735 639 3809 indiscerdia
657 3739 797 3809 electum
813 3739 917 3810 fuisse
934 3761 974 3808 ae
990 3739 1077 3807 omni
1095 3739 1177 3825 iure,
1195 3735 1331 3830 siquod
1350 3757 1390 3806 en

254 3837 325 3926 ipsa
343 3834 506 3905 electione
524 3837 558 3905 in
581 3857 690 3926 regne
716 3837 771 3907 vel
797 3839 933 3930 imperio
956 3835 1180 3906 Romanorum
1208 3831 1271 3905 sibi
1301 3841 1390 3905 esset

257 3929 497 4024 quomodolibet
513 3935 718 4026 acquisitum,
736 3933 840 4005 luisse
859 3943 891 4004 et
907 3955 986 4006 csse
1010 3934 1191 4024 privatum,
1216 3941 1251 4002 et
1275 3951 1388 4002 emncs

256 4029 343 4115 illes„
361 4031 414 4120 quai
432 4028 558 4121 prelato
576 4029 707 4101 demine
724 4029 891 4102 bodeviee
906 4041 960 4102 aut
971 4028 1193 4123 conplatus„
1210 4025 1387 4099 fautoribus

257 4135 292 4196 et
307 4127 460 4198 ministris
481 4149 521 4198 ae
535 4125 727 4198 officialibus
746 4131 815 4200 suis
833 4149 1026 4223 quecunque
1055 4125 1150 4197 medo
1175 4136 1331 4220 parerent
1357 4127 1386 4194 in

258 4223 364 4316 alique
383 4223 440 4295 vel
457 4222 670 4296 intenderent
686 4225 743 4296 vel
761 4247 821 4298 ees
839 4237 895 4298 aut
911 4227 1184 4321 eliqaemeorum
1205 4227 1386 4320 reciperent
