3036 4822
251 257 392 318 nunno.
411 258 550 318 iOEGltOL.
569 257 723 318 canonic.
742 259 933 318 sufflanstttnt
952 257 1142 318 ascnnmos
1188 257 1261 334 319

128 433 258 500 nula.
335 439 374 499 iii.
395 436 524 498 inurant.
542 434 691 496 Heinricus
713 434 850 495 diaconus
865 444 894 495 et
908 436 1046 512 magister
1065 437 1102 494 sti
1117 433 1259 498 widonis

149 555 187 566 —
211 515 261 579 14.
343 521 372 579 ii.
403 555 431 564 -—
460 553 499 564 -
543 517 627 578 lodda
650 519 748 595 regina
771 518 958 596 imperatricis
983 518 1129 595 [Agnetis]
1155 517 1219 581 lilia.

541 599 609 659 Otto
632 600 713 660 miles
729 599 765 659 ale
779 598 937 674 crunnum,
961 603 1008 677 qui
1027 600 1146 661 contulit
1160 619 1212 680 pro
1228 619 1261 661 se

583 691 611 741 et
631 699 685 760 pro
708 681 766 742 lilio
788 699 843 740 suo
865 699 1010 741 xmarcas
1031 683 1065 741 ad
1088 700 1161 761 opus
1176 683 1258 746 Beni.

147 801 186 811 -
212 762 260 827 16.
311 764 442 824 xviilral.
458 781 518 844 apr.
544 764 687 825 Arnoldus
710 765 784 843 Spir.
808 781 888 842 epus.
917 763 1006 825 1056.

541 843 626 925 llugo
641 846 733 906 dictus
744 845 778 904 de
789 845 969 924 Spigelberc‚
985 855 1086 906 cantor
1100 847 1170 911 eccl.
1181 848 1257 927 Spir.

146 925 259 990 -17,
317 929 374 989 xri.
397 959 436 974 -
458 963 496 974 —
540 928 608 988 Otto
631 928 712 987 miles
734 926 771 987 cle
792 927 969 1006 Wingarten.

540 1009 644 1070 Arnolt
665 1012 860 1088 campanarius
882 1010 973 1070 dictus
996 1011 1161 1090 episcopus.

150 1089 258 1151 -18,
329 1109 375 1149 xa.
398 1125 438 1136 -·-
459 1131 498 1142 -
541 1092 645 1170 Buggo
666 1094 852 1174 portenarius.

146 1209 186 1220 -
211 1171 260 1234 19.
304 1173 373 1234 xiiii.
398 1213 435 1224 -
458 1209 497 1220 -
541 1173 642 1238 Cuono
664 1175 845 1236 scolasticus.

147 1293 186 1304 -
207 1253 258 1318 20.
314 1257 373 1316 xiii.
397 1293 434 1304 -
462 1289 493 1300 ·-
539 1255 909 1336 GerhardusSwaneuberg
930 1257 1011 1318 miles
1030 1255 1259 1320 etlunthauxor

579 1357 650 1401 erus.

146 1455 178 1469 -
207 1415 258 1480 21.
322 1419 372 1484 xii.
396 1454 434 1464 -—
456 1453 496 1466 -
538 1419 639 1497 Egeno
662 1420 743 1480 miles
765 1420 801 1480 de
821 1421 961 1486 llirwilre.

539 1501 646 1564 Cunrat
666 1502 702 1562 de
723 1503 856 1564 Steinahe
878 1507 968 1566 maior
989 1507 1164 1584 prepositus.

147 1619 186 1634 -
208 1579 258 1643 22.
335 1583 373 1643 xi.
398 1619 435 1632 --
458 1617 497 1627 -
539 1583 656 1646 Eberolt
678 1584 759 1645 miles
783 1583 817 1644 de
840 1586 1010 1647 Steinwilre.

145 1695 185 1708 -
207 1661 259 1726 23.
344 1682 372 1723 x.
402 1701 428 1710 -
457 1699 481 1710 -·
538 1665 697 1728 Einhardus
720 1669 794 1747 Spir.
818 1687 898 1748 epus.
924 1667 1013 1730 1067.

539 1747 673 1810 Albertus
704 1749 828 1810 decanus
851 1753 927 1830 Spin.
950 1753 1066 1812 occisus
1088 1749 1149 1811 ob.¹
1175 1753 1255 1812 cuius

577 1830 722 1891 fratruelis
753 1831 891 1892 lohannes
924 1833 959 1894 de
989 1831 1127 1892 llusbach
1161 1845 1257 1895 noster

207 1987 248 2049 24
540 1915 787 2055 Acorpoanonipus
810 1923 876 2054 ppst
898 1914 1254 1980 obitumsuumcont....

147 2033 175 2044 ..
250 2040 256 2052 ,
306 2008 373 2052 rrrrr.
397 2025 436 2036 -
462 2025 496 2040 ·-
568 2013 821 2058 nscmusavoca
836 2015 878 2056 us.

537 2074 685 2138 Cunradus
707 2079 782 2156 Spir.
805 2095 876 2156 epus
904 2078 1059 2157 imperialis
1090 2078 1153 2140 aule
1183 2096 1257 2139 can-

576 2159 718 2220 cellarius.
743 2156 833 2220 1224.

535 2237 672 2302 Gerlacus
695 2250 803 2301 cantor.
827 2243 901 2320 Spir.
926 2287 934 2300 .
958 2287 965 2300 .
993 2241 1145 2305 ,cuntulit
1169 2241 1254 2302 nohis

576 2325 615 2384 iiii
638 2324 741 2386 domos
764 2341 831 2384 suas
853 2342 916 2383 cum
939 2325 1061 2400 pristino
1082 2325 1109 2383 in
1126 2325 1190 2384 rico
1204 2323 1256 2383 lu-

576 2405 694 2468 (leorum
716 2407 788 2466 sitas
809 2407 837 2468 in
852 2406 1005 2466 remedium
1028 2407 1183 2468 animarum
1198 2404 1255 2466 tlo-

575 2491 640 2548 nini
657 2489 711 2549 mei
727 2486 888 2548 cancellarii
904 2487 979 2547 bone
997 2488 1142 2563 memorie,
1164 2488 1254 2567 patris

575 2571 630 2630 mci
648 2568 774 2630 Anselmi
798 2570 937 2649 quondam
954 2570 1101 2648 Spirensis
1123 2569 1253 2630 aduocati

575 2659 604 2712 et
618 2653 710 2712 anime
731 2671 809 2726 mee;
832 2669 951 2729 quorum
973 2653 1192 2713 anniversarium
1208 2654 1255 2710 vi-

573 2732 676 2794 delicet
704 2734 809 2796 domini
842 2736 896 2794 mei
928 2732 1087 2794 cancellarii
1109 2743 1138 2794 et
1164 2735 1253 2816 patris

574 2818 627 2874 mei
650 2815 849 2878 celebrandum
871 2825 916 2876 est
937 2819 965 2876 in
982 2815 1079 2894 vigilia
1101 2819 1254 2878 annuntia-

574 2899 662 2958 tionis
683 2897 711 2960 b.
730 2899 864 2976 Virginis.

533 2977 624 3055 Sigilo
646 2979 784 3040 scultetus
801 2981 875 3059 Spir.
896 2988 925 3040 et
947 2987 1027 3058 pater
1041 2977 1170 3055 Datherii
1191 2978 1254 3039 cel-

573 3059 665 3120 lerarii
688 3063 789 3126 nostri.

245 3185 252 3198 .
318 3141 365 3200 rii.
393 3179 427 3192 -
456 3173 487 3186 -
535 3137 682 3205 cunradus
705 3142 899 3204 thelonearius
921 3143 1025 3206 iunior.

244 3267 251 3280 .
331 3223 367 3282 ri.
393 3259 428 3272 -
451 3253 491 3270 ··-
535 3221 635 3299 Egeno
658 3225 739 3286 miles
762 3225 797 3286 de
817 3223 961 3286 lluslraclr.

244 3347 251 3364 .
339 3322 365 3364 v.
391 3337 428 3348 -
450 3337 491 3350 -
533 3301 671 3383 Magister
692 3306 831 3370 Andreas.

243 3431 251 3444 .
325 3387 428 3448 111-
450 3421 488 3434 -
532 3389 661 3464 Sigerum
683 3392 859 3468 prepositus.

530 3466 695 3532 Lambertus
718 3469 789 3533 diac.
812 3481 840 3532 et
861 3489 977 3552 prepos.
999 3481 1044 3533 ste
1066 3469 1222 3534 Trinitatis.

245 3595 252 3612 .
339 3551 366 3611 ii.
390 3585 430 3596 -
453 3585 490 3598 -·
533 3549 679 3612 Witlelrint
701 3551 837 3620 decanus.

182 3695 190 3713 .
242 3693 249 3707 .
315 3651 488 3713 iiii.non.-
531 3648 674 3712 llelrtildis
698 3669 769 3712 uxor
790 3653 938 3715 Anshelmi
961 3651 1119 3716 marshalci.

246 3781 250 3790 ,
335 3733 366 3792 11.
392 3769 425 3781 -
450 3767 490 3778 -
531 3731 677 3812 llarquart
697 3734 780 3796 miles
802 3737 838 3796 de
860 3734 1023 3797 Badewede.

388 3847 428 3860 -—
450 3849 489 3860 -—
533 3816 678 3878 Arnoldus
702 3817 790 3878 irater
811 3827 840 3877 et
862 3817 992 3879 decanus.

530 3897 679 3960 lleinricus
703 3900 789 3960 irater
816 3909 844 3959 et
872 3900 1037 3979 prepositus
1059 3917 1085 3958 s.
1109 3896 1250 3959 Germani.

531 3979 677 4042 Heinricus
700 3983 865 4062 prepositus
888 4001 912 4044 s.
937 3979 1066 4042 Germani
1097 3978 1189 4040 dictus
1214 3978 1250 4040 aa

571 4064 766 4141 Stucelingen.

113 4187 201 4332 [mall
219 4189 402 4331 llffi'dg'mffi
428 4195 458 4249 Α.
479 4193 503 4250 d.
525 4193 593 4250 tato
619 4195 729 4268 [richtig
749 4194 830 4264 12771
857 4196 882 4250 in
902 4195 945 4251 alie
971 4211 1128 4266 parasceves
1148 4194 1250 4252 domini
