2918 4824
274 347 278 352 ,
378 277 543 341 mirans
561 277 899 342 orowsnuunaunsts.
1131 285 1204 364 239

63 454 108 526 de
125 479 250 532 meuse
267 457 475 554 septembris,
498 483 571 532 oum
590 471 666 532 unte
684 471 826 533 castrum
845 459 1101 552 ooniregissent.
1125 465 1202 556 opi·
1219 477 1288 534 teto

62 552 145 626 dum
170 557 321 629 similiter
341 581 416 630 oum
439 555 587 630 domibus
612 557 859 646 destruxerunt.
883 570 1076 632 asserentes
1094 581 1135 631 eu
1152 564 1201 634 eis

60 651 213 746 obligata
231 678 296 727 neo
312 667 461 751 tempore
479 667 598 730 statuto
614 655 795 751 redempta.

62 807 223 896 Qualiter
248 830 310 882 rec
331 811 500 882 Scotorum
527 813 587 881 luit
610 813 659 882 od
683 813 938 900 reportandum
966 820 1087 884 terram
1116 818 1204 906 repis

167 910 294 999 Abolla
316 912 387 998 ipso
407 929 486 1000 repo
506 913 660 980 cadomo
681 911 715 978 io
737 909 905 980 obsidione
926 912 1029 982 Ketis

110 1041 294 1115 Existentc
310 1053 420 1114 autem
430 1041 544 1136 Anglo
561 1045 595 1114 in
611 1041 782 1116 obsidione
795 1041 888 1116 Kalis
904 1044 1070 1138 predictus
1088 1065 1201 1119 comes

61 1138 104 1209 de
116 1139 250 1212 Herbe¹
264 1145 297 1211 in
308 1141 528 1236 acquisicione
545 1141 719 1214 multmum
737 1143 957 1213 municionum
966 1145 1082 1214 iterum
1094 1165 1202 1235 egre-

60 1240 120 1328 gie
150 1239 371 1334 triumphavit.
414 1237 530 1329 Anglo
553 1261 682 1334 quoque
705 1243 738 1310 in
761 1235 932 1312 obsidione
955 1253 1114 1334 occupato
1140 1265 1203 1314 rex

59 1335 242 1408 Scotorum
267 1360 312 1410 ex
333 1337 486 1408 instinctu
503 1335 622 1408 Frsnoi
643 1337 796 1428 latenter,
820 1347 855 1409 ut
872 1337 1019 1429 credidit,
1043 1338 1202 1432 Angliam

60 1444 115 1504 est
145 1437 334 1526 ingressus.
377 1433 512 1526 Argius
536 1445 646 1506 autem
669 1438 810 1508 monitus
837 1439 967 1530 scripsit
982 1436 1119 1529 ringis,
1147 1441 1201 1532 qui

61 1531 278 1623 ingrediente
301 1534 414 1622 Scoto.
441 1533 550 1605 occisa
574 1536 662 1604 omni
687 1543 789 1625 gente
812 1555 887 1623 sua.
901 1537 1019 1628 ipsum
1043 1547 1202 1630 oeperunt

111 1728 189 1802 iliis
214 1729 428 1824 temporibus.
456 1732 581 1803 seilicet
604 1726 764 1801 dominica
789 1739 865 1800 unte
883 1728 1013 1802 Martini
1040 1733 1134 1822 [nov.
1146 1731 1200 1824 61,

59 1847 150 1922 papa
168 1830 203 1897 in
221 1831 415 1901 consistorio
432 1828 613 1924 predictum
624 1825 781 1898 Karolum
799 1831 833 1898 in
843 1828 1068 1902 Romanorum
1084 1851 1201 1922 rogem

62 1926 298 2020 sollempniter
314 1925 517 2022 approbavit.
554 1927 629 2016 Qui.
648 1947 721 1996 oum
732 1924 913 2019 Aquenses
932 1937 964 1998 et
982 1925 1200 2004 Coloniensas

60 2025 175 2189 {psum
192 2045 262 2094 non
277 2029 474 2119 receperint,
491 2028 526 2096 in
541 2024 658 2096 Bunnu
677 2020 716 2093 ab
735 2021 982 2120 archiepiscopo
1000 2024 1200 2101 Coloniouse

81 2124 229 2194 ominica
257 2132 332 2194 unta
355 2122 494 2195 Andree
521 2123 614 2214 [nov.
633 2119 697 2210 26]
724 2123 828 2193 extitit
850 2135 1035 2196 coronatus.
1078 2124 1112 2196 A
1136 2148 1200 2219 quo

61 2217 297 2310 Coloniensis,
324 2221 565 2310 Treverensis.
593 2217 754 2290 Gerlaous
784 2217 824 2289 de
849 2217 1015 2292 Nassowa
1044 2225 1200 2315 provisus

60 2312 283 2410 bioguntinus
301 2317 586 2488 archiepiscopus.
611 2321 687 2389 item
706 2315 999 2406 monasteriensis.
1024 2317 1199 2410 Maiensis,

60 2411 264 2488 Leodiensis
288 2427 321 2488 at
337 2415 399 2488 Vir
421 2419 576 2514 uncnsis,
602 2417 765 2512 episcopi,
790 2413 831 2485 de
850 2418 919 2489 suis
938 2425 1014 2489 sunt
1030 2416 1199 2510 regalibus

61 2515 224 2586 investiti.

108 2609 346 2686 Existcntibus'
367 2623 477 2685 autem
501 2611 597 2686 simul
622 2610 706 2684 duce
722 2610 915 2703 Burgundie
937 2621 970 2683 et
985 2611 1131 2685 Iohanne
1157 2612 1199 2685 de

61 2707 228 2781 Gabilone
247 2733 321 2782 oum
337 2709 466 2784 Franco
489 2713 522 2782 in
543 2713 686 2784 servicio
703 2708 834 2799 Franci,
859 2709 991 2784 ducissa
1006 2709 1199 2802 Burgundio

61 2817 210 2880 castrum
231 2806 367 2902 predicti
384 2807 551 2901 Iohannis,
574 2807 660 2880 Sulis
684 2803 821 2880 obsedit.
872 2807 967 2895 Quod
991 2829 1198 2904 conquerens

60 2902 231 2978 lohannes
250 2904 378 2979 Franco
396 2908 429 2978 in
452 2909 624 3003 presencia
649 2905 754 2996 ducis.
781 2915 816 2976 et
831 2905 887 2976 illo
905 2905 1051 2978 dicente:
1078 2927 1112 2978 sc
1133 2927 1199 2978 ooo

60 3003 188 3092 socero,
212 3001 377 3076 lohannes
401 3008 550 3078 recessit.
596 3003 639 3075 Et
655 3005 898 3097 composicione
916 3007 1006 3094 inita,
1031 3001 1117 3098 quod
1135 3026 1199 3076 ca-

62 3113 167 3173 strum
193 3099 267 3174 duci
291 3100 333 3173 ad
357 3103 428 3176 eius
453 3105 599 3194 graciam
621 3101 818 3190 truderetun
848 3100 917 3173 dux
938 3105 1068 3172 retinuit
1090 3104 1198 3196 ipsum

61 3211 221 3271 castrum.
272 3198 369 3271 Unde
392 3210 507 3294 postea
531 3203 603 3295 ipsc
626 3197 805 3287 lohannes,
829 3200 993 3293 recipiens
1018 3196 1059 3270 ab
1082 3198 1198 3289 Anglo

61 3304 207 3370 novem²
224 3299 312 3370 milia
335 3318 512 3369 aureorum
536 3318 750 3389 grossorum„
775 3318 850 3368 orm
873 3295 995 3368 aurdlio
1018 3293 1198 3368 Theobuldi

62 3399 193 3470 comitis
210 3391 398 3470 Novicastri
416 3406 449 3467 et
470 3397 607 3467 aliorum
624 3417 665 3466 ao
681 3397 822 3468 civitatis
838 3392 1007 3484 arsurus.
1031 3397 1198 3468 existente

62 3491 147 3566 duoe
173 3517 250 3567 cum
272 3493 419 3585 Franco,
443 3503 565 3566 terram
588 3492 681 3566 ducis
708 3495 795 3586 ignis
818 3492 971 3565 incendio
996 3492 1197 3582 devastavit.

63 3591 192 3688 aliquas
209 3595 316 3664 eciam
332 3595 537 3664 municiones
555 3612 764 3688 expugnans.

62 3743 112 3816 lle
138 3745 319 3817 condolore
346 3745 435 3837 repis
470 3739 615 3834 Uuporic
641 3764 706 3834 pro
736 3741 842 3829 [rotro
869 3762 929 3814 suo
960 3743 1093 3816 Andron
1120 3761 1198 3833 repo

163 3845 281 3936 Apulia
301 3845 449 3934 lupuleto
464 3863 529 3934 per
555 3843 699 3914 Gullioos
718 3845 939 3932 nequissimos.

110 3975 263 4050 Predicto
286 3997 375 4048 anno
390 3975 483 4050 ulmi.
502 3979 536 4048 in
559 3998 675 4050 mense
691 3976 759 4048 iulii
776 3973 933 4048 Kurolus³
951 3971 1195 4068 restinguas,

64 4071 105 4146 de
121 4077 333 4170 iugnrlacionc
357 4073 465 4148 iratris
483 4073 613 4165 dolens,
639 4097 713 4147 cum
737 4093 859 4164 magno
883 4077 1046 4163 exordio.
1073 4073 1199 4147 scilieet

115 4221 144 4294 i)
171 4223 259 4281 ilarius
278 4223 307 4282 it.
343 4219 375 4294 2)
401 4223 428 4281 in
452 4219 589 4280 Bbbmer's
614 4219 744 4281 absobriit
770 4223 842 4279 steht
866 4221 940 4280 niclrt
959 4221 995 4293 in.
1023 4222 1141 4278 sondcrn
1161 4221 1196 4279 lx.

66 4297 97 4366 3)Υ
112 4297 284 4355 bodonicus.
