2946 4822
249 217 320 292 ala
551 213 714 269 nnmuns
733 212 1072 272 uuuwunuonaunsrs.

249 414 310 486 per
332 391 531 478 fenesuam„
561 385 732 460 videbatur
757 388 873 460 videre
896 412 1012 481 regem
1036 394 1070 461 in
1093 399 1182 461 terra
1205 393 1384 462 iacentem.

249 491 303 561 Aa
320 492 430 559 territa
450 486 579 560 dicens:
607 487 767 558 Domine!
794 511 835 558 aa
853 499 990 582 repente
1014 488 1247 578 descendens„
1276 493 1385 582 ipsum

249 589 372 680 reperit
388 587 578 677 iugulatum.
619 583 672 654 De
689 607 753 680 quo
770 588 905 658 erimine
922 607 987 656 nan
1006 587 1113 658 solum
1131 609 1218 656 uxor
1235 597 1271 656 at
1287 590 1386 679 prin-

251 705 331 777 aaps
348 683 492 774 larana,
516 686 614 754 imma
632 693 666 754 at
681 707 765 778 papa
784 694 817 754 et
834 683 930 778 aliqui
948 683 1160 756 cardinalium
1185 682 1387 756 tenebantur

251 784 404 874 suspeeti.
451 781 585 852 Factum
603 791 782 852 astantem
800 779 863 852 hoo
879 781 1006 854 lacinus
1023 804 1110 853 anna
1129 783 1253 852 domini
1271 805 1384 852 marc.

248 880 318 951 xlv.
341 881 440 974 [sept.
453 879 528 970 18].
564 878 659 969 Quod
677 901 722 951 ax
738 879 801 952 hoa
818 889 966 952 seautum
984 883 1025 953 sit
1039 901 1240 971 reservans.
1257 901 1386 975 regre-

249 975 321 1048 dior
338 975 378 1047 ad
395 981 513 1074 priora.

250 1149 300 1222 De
321 1151 446 1222 duabus
465 1149 625 1234 frutribus
645 1151 828 1242 Dehahinia¹
855 1151 1089 1222 Viennemtaus.

321 1281 424 1355 Erant
447 1293 557 1354 autem
580 1284 644 1356 duo
667 1284 785 1356 fratres
810 1283 963 1379 Delphini
980 1285 1222 1376 Viennenses„¹
1242 1297 1381 1381 nepotes

250 1381 362 1456 Karali
380 1384 463 1453 tertii
480 1385 572 1472 regis
590 1382 712 1477 Apulia
729 1404 774 1454 ex
791 1382 868 1468 lilia.
887 1392 920 1453 et
937 1393 1136 1477 pronepotes
1154 1383 1292 1456 Rudalfi
1309 1384 1383 1455 Ra-

249 1501 420 1554 manarum
437 1483 548 1570 regis,
572 1501 709 1573 quarum
731 1481 838 1551 iunior
854 1477 1055 1552 llumbertus
1079 1484 1232 1572 nominen
1258 1481 1381 1553 ducens

249 1580 347 1652 liliam
366 1581 489 1650 sororis
507 1575 641 1649 Roberti
659 1581 764 1668 regia,
787 1579 896 1650 lratris
914 1577 1049 1672 predicti
1066 1577 1191 1668 llarali7
1218 1583 1382 1675 cumipse

249 1675 394 1749 Roberto
411 1673 550 1769 Neapoli
568 1673 763 1746 morabatur.
795 1673 900 1746 Soaer
918 1685 1027 1746 autem
1045 1676 1180 1769 predicti
1198 1675 1382 1766 Hunrberll,

248 1795 345 1869 quem
363 1795 448 1847 amar
472 1776 542 1844 aius
567 1773 651 1844 alam
673 1783 859 1867 receperat
883 1795 995 1846 aames
1013 1773 1176 1845 Navelhrs
1195 1799 1216 1846 a
1234 1779 1381 1846 novitate

249 1883 301 1946 est
318 1871 432 1944 dietus.
471 1869 549 1940 Orta
568 1881 677 1942 autern
694 1870 788 1963 briga
807 1870 980 1944 durissima
997 1873 1083 1941 inter
1098 1870 1303 1966 Delphinum
1321 1895 1381 1944 se-

248 1973 375 2042 niorem
393 1980 426 2039 et
442 1968 627 2062 Eymanem
646 1973 797 2040 comitem
814 1967 992 2057 Selinunte„
1009 1979 1043 2038 et
1058 1979 1208 2064 tempore
1225 1969 1380 2041 Iohannis

247 2088 333 2162 pape
351 2067 459 2139 multis
477 2069 571 2139 annis
589 2067 740 2156 durante7
765 2091 804 2137 aa
821 2065 952 2138 tandem
968 2065 1131 2160 Delphina
1154 2089 1215 2161 per
1239 2068 1381 2138 iaculum

247 2169 281 2236 in
305 2164 473 2236 auinsdam
497 2167 595 2236 castri
618 2163 753 2258 predicti
777 2166 902 2235 comitis
926 2163 1097 2236 obsidione
1124 2167 1237 2236 oeaiso
1269 2164 1381 2256 [1333

247 2261 388 2351 ratast
400 2259 599 2334 Humbertus
616 2263 718 2333 nater
735 2265 806 2334 eius
824 2260 1001 2332 dominium
1011 2261 1382 2356 Delphinatusnaneis-

248 2383 328 2432 aens
347 2363 388 2430 ita
406 2360 548 2452 Eyrnani
566 2363 673 2431 aamiti
689 2360 898 2450 reformatum
926 2359 1011 2453 quod
1035 2382 1094 2454 pra
1117 2363 1233 2431 maiori
1252 2363 1381 2433 cautela

249 2456 380 2553 quilibet
397 2480 512 2529 eorum
529 2459 677 2530 vasallus
696 2457 829 2530 alterius
848 2468 900 2530 est
917 2459 1062 2529 elleatus.
1089 2457 1210 2552 Sisque
1222 2461 1381 2530 intereas

247 2554 340 2646 briga
359 2559 515 2627 aessavil.
548 2555 609 2626 Hic
620 2553 818 2628 Humhertus
835 2553 922 2626 bene
938 2557 1098 2644 literatum
1115 2554 1228 2628 liberis
1248 2580 1380 2652 carane,

248 2654 365 2724 laaiam
387 2655 479 2747 quasi
497 2651 689 2723 muliebrem
712 2651 851 2742 hahens.
878 2655 951 2746 plus
976 2651 1182 2726 sermonibus
1207 2663 1241 2724 et
1265 2655 1380 2726 studiis

249 2773 345 2844 quam
362 2751 481 2821 milicie
498 2749 677 2822 insistebat.
703 2751 800 2821 Hune
808 2750 1008 2823 Benedictus
1026 2775 1109 2846 papa
1128 2751 1287 2842 diligens,
1307 2765 1380 2826 sla-

248 2851 303 2918 lim
321 2858 502 2942 promotus
519 2851 642 2918 auriam
660 2871 754 2920 suam
766 2850 968 2920 Avinionem
985 2847 1073 2920 dedit
1090 2849 1207 2920 eidem.
1245 2850 1291 2922 Et
1308 2854 1378 2946 quia

248 2968 331 3039 papa
348 2949 422 3038 regi
439 2945 578 3017 Franoie
596 2967 720 3018 exosus
739 2957 822 3036 erat.
840 2969 922 3041 papa
941 2949 1075 3018 multum
1093 2952 1124 3018 in
1140 2947 1298 3043 Delphini
1316 2950 1380 3020 de-

248 3044 398 3116 lensiane
416 3043 555 3115 oanhdit.
584 3043 667 3115 Cum
684 3055 792 3116 autem
810 3067 893 3139 papa
912 3045 1074 3140 quandam
1091 3055 1214 3116 terram
1225 3045 1380 3142 Delphini

248 3144 390 3214 viainam
414 3146 503 3213 auria
522 3142 562 3212 ah
580 3165 621 3212 eo
643 3147 797 3231 emisset,
828 3146 857 3214 si
880 3146 952 3215 sine
976 3141 1086 3216 liberis
1109 3143 1310 3235 decederet,
1341 3144 1379 3215 ad

247 3239 430 3310 Romanam
448 3239 564 3312 sedem
582 3239 839 3329 devolvendumq
856 3263 917 3335 pro
935 3247 1001 3312 ...²
1019 3241 1147 3314 milibus
1164 3241 1379 3330 harenarum,

247 3340 374 3430 ipsique
398 3335 561 3431 Delphina
583 3359 643 3431 pra
667 3341 734 3409 vita
759 3359 819 3409 sua
844 3349 986 3412 castrum
1009 3340 1236 3432 Pantissargie
1262 3343 1378 3432 assig-

248 3445 374 3521 nasset,
397 3445 529 3529 reaepta
548 3439 699 3528 peeuniaq
723 3433 872 3508 homines
895 3448 983 3507 terre
1002 3459 1075 3508 oum
1093 3440 1283 3509 eonsentire
1300 3438 1379 3510 nal·-

247 3531 327 3620 lent
345 3531 498 3603 distracta
516 3543 695 3622 oonnaetu,
713 3537 851 3626 peaunia
862 3533 1025 3630 Delphina
1042 3533 1114 3604 iere
1131 3540 1377 3607 talaremansil.

321 3627 411 3701 Misit
434 3640 544 3701 autem
567 3653 630 3701 rex
646 3630 784 3702 Franaie
808 3653 867 3726 pro
883 3631 1056 3726 Delphina.
1107 3634 1169 3720 Qui
1193 3655 1269 3704 eum
1294 3633 1378 3705 hona

248 3727 312 3799 lide
336 3726 378 3797 ad
402 3730 526 3798 auriam
548 3730 640 3818 regis
664 3731 833 3819 venisset,
861 3729 989 3822 quidam
1014 3731 1161 3802 salutans
1184 3733 1218 3800 in
1241 3735 1377 3802 bansitu

248 3827 332 3897 alam
357 3823 436 3896 dixit
457 3829 503 3895 ei:
534 3827 647 3896 Facile
667 3830 825 3914 quiaquia
841 3835 967 3916 petatur
988 3849 1010 3896 o
1033 3829 1129 3917 aaba‘a,
1150 3832 1203 3899 ael
1219 3839 1377 3918 perpetua

248 3929 323 3994 estis
343 3931 454 3994 mahts.
503 3922 630 3994 Ductus
655 3933 763 3994 autem
781 3922 963 4018 Delphinus
982 3924 1023 3995 ad
1040 3947 1205 3997 eameram
1229 3931 1324 4019 regis
1345 3930 1376 3996 in

249 4024 421 4114 presenaia
440 4022 566 4094 eonsilii
583 4021 708 4093 audivit
725 4045 743 4092 a
761 4043 860 4114 rege:
878 4025 1051 4114 nouacula,
1069 4029 1166 4113 anapia
1183 4027 1275 4112 quad
1289 4029 1374 4096 reai-

304 4149 333 4216 1)
352 4150 395 4205 la:
422 4151 543 4223 Delphini
556 4151 724 4207 Viennensis.
761 4151 792 4219 2)
817 4151 896 4208 Diese
921 4151 947 4208 in
966 4151 994 4209 Β.
1013 4153 1069 4209 laer
1094 4154 1237 4224 gelassene
1262 4155 1321 4218 uuhl
1344 4154 1374 4212 ist

249 4220 278 4283 ia
296 4219 329 4283 A.
348 4220 431 4282 dureh
450 4227 508 4296 tat,
526 4221 552 4286 in
572 4221 600 4285 G.
620 4222 703 4285 durch
722 4222 839 4298 quinque
857 4229 974 4298 ergtnzt
1103 4229 1105 4233 '
