2946 4822
353 211 518 268 nardulus
538 211 879 268 nttuwnneuao'unsls,
1108 213 1179 286 203

61 389 273 576 ιιιηοῙεέΙῙηιοη
297 389 370 462 lese
398 389 575 460 rnaiostatis
603 397 636 459 ct
664 385 807 459 heresim
835 383 1036 481 impingebat
1066 385 1181 478 [1328

61 509 119 580 apr.
198 543 206 556 .

62 675 101 744 be
116 676 291 744 amnone
307 679 472 764 urrtipupc.

99 831 173 902 Post
182 828 249 900 hec
259 830 393 900 Petrum
404 825 445 897 de
457 826 627 918 Cerberio,
641 822 774 899 fratrem
786 825 960 914 blinoremq
973 831 1005 897 in
1017 849 1182 898 summum

61 925 248 1019 notificem„
273 937 427 1020 quantum
451 929 552 998 ineis
577 926 646 1014 luit,
672 936 871 997 creaverunt
896 923 1180 1014 [1328na112n

60 1035 87 1094 et
106 1023 144 1094 ob
167 1023 232 1096 hoc
257 1025 366 1096 multis
391 1027 509 1096 creatis
534 1022 751 1097 cardinalibus
777 1033 810 1094 et
833 1025 997 1118 episcopis
1024 1045 1084 1117 per
1107 1023 1180 1098 illos

62 1145 204 1214 magnum
223 1125 258 1192 in
276 1122 419 1196 ecclesia
438 1122 629 1194 scandalum
647 1132 699 1194 est
717 1119 895 1194 subortum.

62 1326 101 1394 lic
116 1327 253 1395 cornilio
267 1326 432 1414 primnis
448 1343 521 1396 nrm
538 1325 671 1414 redibere
688 1325 808 1396 bobilo.

100 1477 170 1572 lpse
182 1487 295 1548 autern
307 1476 519 1568 ludewicus
537 1475 652 1549 habitis
665 1475 852 1550 tractatibus
865 1501 938 1549 cum
950 1499 1032 1568 rege
1044 1475 1180 1570 Sycilieq

63 1587 167 1646 terram
178 1574 318 1647 Roberti
336 1578 427 1666 regis
440 1578 564 1648 scilicet
574 1575 870 1670 Apuliumingredi
882 1575 1078 1648 intendebat.
1104 1576 1182 1646 Ro·

62 1671 158 1745 bertus
182 1696 315 1769 quoque
334 1674 479 1746 collectis
497 1672 648 1746 omnibus
674 1675 904 1745 terramillam
929 1674 1127 1766 relinquere,
1153 1677 1180 1746 si

63 1795 144 1842 cesar
161 1773 400 1860 accelerasset,
420 1783 453 1844 et
469 1775 502 1842 in
512 1772 719 1843 Provinciam
738 1769 922 1842 intenderat
939 1795 977 1844 se
990 1772 1178 1843 transferre.

63 1871 98 1939 bt
115 1872 180 1964 ipse
198 1892 312 1958 cesar,
337 1873 465 1962 segnisq
490 1879 578 1940 tanto
602 1879 750 1964 tempore
775 1873 862 1942 stelit
885 1874 1016 1942 ociosus
1035 1873 1067 1940 in
1087 1867 1179 1960 urbe‚

64 1968 134 2059 quod
151 1971 245 2062 quasi
264 1971 373 2039 omnia
392 1966 611 2062 expendebat.

65 2157 249 2228 beonredo
268 2159 434 2244 qnondam
454 2157 608 2227 Conrade'.

116 2309 261 2396 Quradam
289 2319 398 2380 autem
422 2311 497 2380 vice
521 2311 662 2380 veniens
687 2306 773 2380 idem
797 2311 949 2402 princeps
976 2311 1009 2380 in
1033 2305 1114 2378 urbe
1139 2307 1181 2377 ad

65 2407 231 2496 castellum,
251 2409 286 2478 in
304 2429 367 2500 quo
385 2407 461 2478 olim
480 2405 685 2480 Conradinus
704 2405 872 2480 dicebatur
889 2406 1104 2501 decapitatus„
1125 2409 1182 2500 ip-

65 2525 124 2574 sum
140 2503 284 2578 funditus
302 2503 479 2576 demolivit.

69 2692 107 2761 lle
120 2702 216 2764 nore
233 2694 445 2764 Amantium.

105 2843 234 2919 blortuis
254 2856 365 2918 autem
383 2845 499 2917 inclitis
518 2843 715 2939 principibus
734 2846 838 2938 primo
849 2843 1009 2940 luipoldoa
1027 2845 1182 2916 Heinrico

67 2955 91 3014 et
106 2943 267 3016 Friderieo
291 2943 436 3034 tandemq
461 2942 596 3016 ducibus
614 2942 837 3032 Australibus,
866 2955 899 3014 et
921 2947 954 3014 in
973 2943 1183 3034 lliinigesielt

68 3047 261 3132 monasterio,
285 3041 341 3114 ubi
358 3051 452 3138 pater
470 3063 585 3113 eorum
602 3039 760 3113 Albertus
779 3063 841 3112 rex
859 3041 917 3111 luit
940 3043 1044 3134 primo
1062 3041 1181 3132 sepul-

68 3149 119 3226 lun
135 3142 283 3234 sepultis
302 3139 499 3212 ludewicus
518 3141 619 3212 estin
637 3139 868 3210 Alamanniam
885 3159 1047 3209 reversus
1069 3134 1182 3228 [1330

68 3235 145 3325 lubi.
193 3236 375 3310 Dicebatur
398 3247 507 3308 aulem
531 3247 608 3308 tunc
633 3240 801 3330 temporis„
825 3235 910 3329 qircd
934 3232 1064 3328 quidum
1087 3236 1181 3306 miles

70 3331 203 3406 Friderici
232 3333 294 3408 sibi
323 3333 472 3430 quiddam
505 3334 546 3406 ad
574 3334 813 3405 comedendum
842 3332 981 3422 dederit,
1008 3353 1069 3426 per
1097 3332 1181 3427 quod

71 3453 130 3502 eum
146 3437 176 3503 in
193 3437 244 3504 sui
264 3435 415 3505 favorem
432 3432 590 3503 inclinare
605 3431 775 3519 reddidtr;¹
803 3454 868 3525 per
881 3431 966 3527 quod
984 3455 1002 3502 a
1021 3430 1181 3526 pediculis

72 3529 196 3602 mundari
215 3554 283 3602 non
301 3530 419 3603 valens
437 3530 591 3625 paullatim
609 3529 737 3600 deiecit.
763 3529 805 3600 Et
822 3528 865 3600 hii
883 3550 1011 3621 omnes,
1031 3532 1181 3622 quamvis

73 3627 280 3717 ualentissimi
299 3632 372 3700 sine
390 3628 545 3700 masculis
563 3628 636 3700 filiis
655 3638 730 3700 sunt
748 3627 900 3698 defuncti.

124 3741 282 3818 ludovico
311 3755 419 3816 autem
448 3744 640 3835 egrediente
667 3744 709 3813 de
734 3741 815 3813 urbe
840 3765 913 3814 curn
931 3741 1111 3814 Wilbelmo
1140 3742 1181 3814 de

75 3835 237 3913 llonteiorti
249 3841 415 3912 Alconem
432 3842 532 3912 filiurn
545 3841 690 3912 Golencii
709 3863 823 3915 secum
840 3843 873 3911 in
884 3837 1076 3912 Lombardia
1095 3863 1181 3932 reg-

75 3956 138 4006 nare
153 3943 364 4031 permiseram
382 3949 587 4034 postcomm
606 3959 782 4030 egressum
802 3936 951 4032 quicquid
961 3941 1180 4032 potultoccu-

77 4037 146 4121 pavit
161 4046 191 4106 et
206 4038 266 4108 nil²
285 4041 316 4108 in
334 4035 479 4131 partibus
497 4037 559 4108 illis
577 4036 761 4125 remansit]

68 4237 71 4242 ·
120 4211 142 4281 l)
163 4216 290 4274 eredidit?
317 4217 400 4276 orsu:
420 4217 566 4274 inclinaret.
602 4217 633 4286 2)
652 4233 685 4274 so
705 4218 783 4286 Ursi,
803 4233 934 4291 occupare
953 4215 988 4273 nil
1007 4217 1038 4276 Α.
