2900 4820
291 251 364 326 20ss
596 247 760 305 namatus
779 243 1117 308 noawmnuacnusis.

292 447 370 498 neos
393 447 488 516 meos,
519 431 635 516 siper
664 430 933 514 meditarentur,
965 445 1016 495 nte
1045 429 1131 496 aar!
1157 426 1408 513 predecessores

292 547 397 594 mentm
418 529 466 596 od
489 547 551 595 suo
578 530 688 613 quaeis
709 536 784 597 vota
812 525 956 596 coartet!
998 523 1071 596 Fuit
1098 527 1185 594 enim
1213 522 1257 592 de
1281 521 1409 594 lbolosa

292 627 383 715 regis
402 623 553 713 tranen„
571 624 656 696 lilius
674 626 818 717 pistoris,
837 623 1065 714 theologorum
1084 643 1246 710 summus,
1266 621 1328 692 sed
1345 621 1410 692 nul·

291 721 343 792 lus
362 725 393 792 in
412 726 494 811 iure5
520 743 616 815 mem
634 724 719 792 inter
735 743 852 794 omnes
870 745 888 791 a
906 720 1109 812 longissimis
1127 717 1332 813 temporibus
1351 723 1411 790 ins-

291 822 451 891 tissimum
469 815 672 891 estimabant.
700 820 759 892 Cui
773 830 806 891 et
816 830 892 890 ante
909 829 1049 890 mortem
1066 839 1160 890 suum
1176 817 1309 912 quddam
1322 841 1411 888 sanc

288 928 343 988 tus
362 916 471 1007 bomo,
490 941 528 990 se
545 939 605 1011 pro
623 939 665 988 eo
683 923 848 1014 captivum
865 915 1012 1006 tradens7
1031 915 1117 1010 quod
1134 916 1190 986 illo
1208 937 1297 987 anno
1309 937 1411 986 mare-

287 1025 392 1104 retur„
410 1015 560 1109 predixit.

288 1198 340 1268 De
361 1201 532 1316 lenociniis
552 1203 640 1289 repis
660 1202 801 1316 lumime
822 1203 870 1271 od
887 1219 1014 1290 papam
1034 1201 1245 1272 Benedictum
1265 1202 1301 1270 in
1323 1201 1424 1287 prin*

389 1318 478 1386 cepto
497 1317 554 1370 auc
574 1319 766 1370 credamus.

340 1447 423 1520 lluie
441 1452 471 1521 in
490 1451 644 1544 principio
663 1453 844 1524 ereacionis
863 1473 923 1524 sue
935 1450 1099 1546 Philippus
1118 1449 1334 1524 rexFrancie
1347 1454 1411 1520 nuit-

291 1557 363 1618 tens
381 1547 524 1638 legatos
543 1549 710 1637 audacterq
729 1552 821 1644 qnasi
839 1551 882 1621 nil
901 1548 962 1622 sibi
976 1549 1146 1642 denegare
1157 1548 1308 1636 auderet
1328 1553 1410 1644 peciit

290 1644 440 1715 inaudita.
482 1645 657 1717 lateralia
681 1647 823 1734 scilieetq
854 1657 889 1720 ut
912 1647 1011 1718 fillum
1036 1670 1132 1720 suum
1157 1651 1411 1742 primogenitum.

290 1765 452 1832 generum
480 1747 571 1836 regis
598 1743 776 1834 Bubeium,
803 1745 928 1817 laceret
955 1767 1071 1836 regem
1088 1745 1242 1834 Vienno;
1271 1745 1357 1840 quod
1382 1768 1411 1814 sa

291 1842 415 1911 laceret
431 1843 588 1914 vicarium
606 1843 730 1932 Ytali03
758 1843 842 1937 quod
861 1841 921 1918 sibi
944 1864 1004 1936 per
1031 1851 1130 1914 totam
1156 1843 1411 1942 christianitatem

290 1937 383 2009 daret
400 1939 560 2010 decimam
577 1939 706 2012 decime
724 1963 784 2037 per
800 1943 1010 2031 decennium,
1028 1951 1061 2010 et
1077 1940 1163 2034 quod
1182 1939 1245 2013 sibi
1258 1940 1351 2013 daret
1368 1953 1412 2012 to-

290 2045 355 2105 tum
375 2037 518 2108 ecclesie
537 2036 725 2110 thesaurum
743 2043 776 2110 in
799 2037 977 2112 subsidium
1002 2049 1089 2110 terro
1114 2049 1240 2113 sancte.
1283 2039 1336 2110 De
1360 2061 1412 2132 quo

290 2137 361 2227 ipse
386 2145 420 2205 et
442 2134 624 2210 cardinales
649 2139 762 2228 territi,
788 2161 826 2211 se
850 2136 1031 2210 nelonnare
1056 2160 1129 2210 cum
1147 2137 1332 2210 Ludowico
1349 2137 1412 2209 Ru-

291 2252 460 2302 manorum
477 2236 623 2328 principe
641 2233 872 2308 decreverunt.

338 2328 432 2416 Quod
449 2333 601 2425 princeps
621 2355 664 2404 ex
683 2336 810 2428 scriptis
829 2333 1031 2428 quorundam
1050 2333 1259 2406 familiarium
1277 2355 1412 2408 suorum.

290 2449 371 2521 quos
391 2430 422 2498 in
440 2431 528 2499 curia
546 2451 631 2523 pape
649 2427 771 2522 habuit
796 2435 848 2526 qui
874 2443 906 2502 et
929 2431 992 2503 boc
1009 2455 1053 2504 ex
1078 2432 1298 2506 cardinalibus
1323 2428 1425 2502 intel-i

289 2524 453 2616 texerant,
470 2527 672 2618 intelligens„
691 2533 797 2601 statim
811 2553 896 2625 pape
908 2539 941 2600 et
952 2530 1093 2622 collegio
1103 2533 1243 2606 nuncios
1257 2543 1290 2604 et
1299 2530 1425 2602 litteras

289 2619 484 2694 humillimas
503 2623 677 2696 destinavit
704 2625 816 2715 [1335
835 2629 931 2722 apr.].
983 2628 1081 2715 Quia
1106 2651 1189 2724 papa
1215 2640 1248 2700 et
1272 2627 1425 2700 iratrilms

289 2720 407 2810 edocti7
426 2720 565 2814 qualiter
582 2732 615 2793 et
633 2721 692 2795 sub
712 2747 774 2818 qua
792 2725 896 2798 lomna
912 2724 1022 2798 redire
1040 2725 1198 2797 deberent
1217 2737 1251 2798 et
1263 2751 1335 2798 eum
1346 2728 1414 2820 qui-

287 2813 350 2888 bus
368 2818 511 2890 articulis
530 2817 773 2894 absolucionem
786 2834 818 2895 et
834 2826 980 2916 graciam
998 2827 1140 2918 petituri
1158 2827 1278 2895 iterum
1293 2849 1311 2896 a
1328 2829 1413 2919 prin-

289 2917 361 3008 cipe
382 2938 456 2986 cum
479 2916 541 2989 illis
566 2920 708 2992 articulis
728 2930 760 2991 et
778 2921 937 2993 inundatis
963 2921 1250 2994 srrllmientissimis
1270 2934 1346 2994 sunt
1361 2943 1412 2992 re-

289 3016 380 3086 versi
395 3011 507 3104 [1335
517 3019 629 3110 septl.
655 3016 746 3088 Inter
785 3042 845 3092 uos
861 3029 954 3090 erant
965 3018 1028 3089 dau
1041 3023 1176 3092 comites
1188 3019 1232 3090 de
1245 3018 1411 3112 Oetingeu.

288 3115 473 3204 prepositus
485 3112 739 3206 Augusterrsisp
809 3116 1007 3212 arqnardas]
1021 3115 1062 3188 de
1072 3116 1234 3189 llandeck
1246 3123 1413 3190 canonieus

287 3206 589 3302 Babenbergensis
616 3224 731 3307 postea
749 3237 809 3308 per
826 3237 944 3310 papam
962 3216 1111 3287 eiusdem
1129 3215 1277 3288 ecclesie
1297 3237 1410 3311 prepo-

289 3309 369 3378 sitos
398 3307 547 3398 allectos„
576 3320 609 3380 et
633 3315 792 3402 magister
809 3313 939 3385 Ulricus
964 3310 1226 3407 prothonotarius
1253 3315 1408 3408 principis.

289 3401 491 3477 decretiste.²
515 3405 558 3477 Et
574 3413 740 3504 proposito
757 3412 789 3480 iu
807 3407 935 3505 publico
954 3412 1147 3484 consistorio
1164 3409 1280 3502 [1335
1292 3423 1353 3484 oct.
1367 3409 1411 3498 9]-

343 3551 372 3620 1)
398 3553 529 3611 vielleicbt
554 3555 602 3612 der
625 3557 804 3627 dugsburger
829 3557 1002 3614 archidiakon
1028 3557 1165 3615 Eberhard
1189 3575 1245 3616 uon
1273 3561 1404 3616 lammam

288 3623 319 3688 2)
340 3625 393 3678 Dea
414 3626 636 3702 urspriiuglicben
656 3634 713 3684 texi
736 3629 825 3684 dieses
851 3637 937 3684 salnes
963 3629 1141 3684 bernustellen
1166 3629 1202 3686 isi
1221 3632 1288 3688 sehr
1313 3633 1410 3686 sebum.

289 3695 321 3749 da
341 3695 429 3751 dieser
447 3697 473 3751 in
494 3697 560 3752 alien
581 3698 636 3753 bss.
655 3700 719 3754 sehr
736 3699 860 3755 verderbt
879 3700 920 3754 ist.
955 3699 982 3754 B.
996 3701 1052 3755 bat:
1073 3699 1205 3770 Oetlngen
1218 3745 1224 3757 .
1236 3744 1242 3757 .
1254 3746 1260 3757 .
1272 3702 1411 3776 prepositus

287 3767 502 3850 Argerrtinpnsis,
522 3811 528 3824 .
547 3812 552 3823 .
569 3811 575 3823 .
595 3769 635 3850 de·
653 3770 780 3852 Randanb
805 3771 959 3843 prepositus
985 3771 1230 3900 Babenburffieusls,
1257 3781 1351 3846 postea
1374 3787 1412 3848 pat

288 3839 521 3978 ttttattsstt
534 3839 1411 3996 tillut,”tittttttltttttttttttal‘tttttbtttt

290 3980 413 4062 buergeus.
434 4001 458 4052 p.
473 4000 496 4053 p.
512 3999 535 4054 p.
550 4001 573 4038 e.
587 4003 610 4038 e.
630 4001 667 4055 pr.
682 4001 705 4066 e:
725 3990 751 4038 et
770 3992 851 4039 mater
872 3984 985 4041 Udalrici
1005 3987 1183 4068 protonotarii
1205 3987 1335 4060 principis
1353 3987 1409 4040 dar·

290 4057 408 4112 trssrms;
436 4055 466 4107 Α.
487 4055 539 4108 uod
559 4056 619 4108 itt:
649 4054 789 4124 Oetmgeu.
815 4056 843 4111 li.
863 4073 908 4128 pre
930 4099 935 4111 .
955 4057 1133 4126 Augustensrs
1153 4066 1180 4112 et
1198 4059 1366 4130 llarquardus
1383 4055 1409 4108 dr

289 4122 438 4188 llondeclre,
457 4126 602 4180 canonieus
621 4126 802 4194 Augustertsis
823 4075 1054 4196 liabenborgensis
1076 4159 1108 4168 -
1128 4135 1155 4184 ei
1175 4131 1306 4200 magister
1321 4129 1409 4204 Ulricus

290 4195 490 4263 protonotarius
510 4197 635 4268 parirrcipis
656 4199 814 4266 ‹lauretiste3
844 4199 929 4253 Ursi:
949 4197 1079 4266 Oetingen
1100 4207 1127 4254 et
1145 4217 1221 4274 prop.
1242 4205 1408 4274 Augustum<

290 4270 316 4318 et
344 4265 513 4336 bernoardus
543 4269 576 4322 de
602 4269 741 4324 liatrdecke
769 4270 913 4324 eanonicus
938 4270 1135 4342 tagastensis,
1163 4273 1191 4328 ll.
1218 4273 1409 4342 bunnagao
