<?xml version="1.0" encoding="UTF-8"?>
<!DOCTYPE html PUBLIC "-//W3C//DTD XHTML 1.0 Transitional//EN"
    "http://www.w3.org/TR/xhtml1/DTD/xhtml1-transitional.dtd">
<html xmlns="http://www.w3.org/1999/xhtml" xml:lang="en" lang="en">
 <head>
  <title>
</title>
<meta http-equiv="Content-Type" content="text/html;charset=utf-8" />
  <meta name='ocr-system' content='tesseract 3.04.00' />
  <meta name='ocr-capabilities' content='ocr_page ocr_carea ocr_par ocr_line ocrx_word'/>
</head>
<body>
  <div class='ocr_page' id='page_1' title='image "./fontesrerumgerm01hubegoog_0473.png"; bbox 0 0 3014 4822; ppageno 0'>
   <div class='ocr_carea' id='block_1_1' title="bbox 262 237 1132 317">
    <p class='ocr_par' dir='ltr' id='par_1_1' title="bbox 262 237 1132 317">
     <span class='ocr_line' id='line_1_1' title="bbox 262 237 1132 317; baseline 0.008 -19"><span class='ocrx_word' id='word_1_1' title='bbox 262 241 336 317; x_wconf 69' lang='lat' dir='ltr'><strong>3oe</strong></span> <span class='ocrx_word' id='word_1_2' title='bbox 525 237 635 300; x_wconf 74' lang='lat' dir='ltr'><strong>mute</strong></span> <span class='ocrx_word' id='word_1_3' title='bbox 653 241 780 302; x_wconf 75' lang='lat' dir='ltr'><strong>nuru.</strong></span> <span class='ocrx_word' id='word_1_4' title='bbox 799 243 1132 305; x_wconf 63' lang='lat' dir='ltr'><strong>eunomiumne</strong></span> 
     </span>
    </p>
   </div>
   <div class='ocr_carea' id='block_1_2' title="bbox 261 415 1391 589">
    <p class='ocr_par' dir='ltr' id='par_1_2' title="bbox 261 415 1391 589">
     <span class='ocr_line' id='line_1_2' title="bbox 262 415 1391 512; baseline 0.004 -24"><span class='ocrx_word' id='word_1_5' title='bbox 262 437 384 490; x_wconf 88' lang='lat' dir='ltr'><strong>versus</strong></span> <span class='ocrx_word' id='word_1_6' title='bbox 402 415 571 490; x_wconf 70' lang='lat' dir='ltr'><strong>Coloniam</strong></span> <span class='ocrx_word' id='word_1_7' title='bbox 595 429 629 490; x_wconf 90' lang='lat' dir='ltr'><strong>et</strong></span> <span class='ocrx_word' id='word_1_8' title='bbox 644 417 801 491; x_wconf 89' lang='lat' dir='ltr'><strong>ansiam</strong></span> <span class='ocrx_word' id='word_1_9' title='bbox 824 430 937 492; x_wconf 73' lang='lat' dir='ltr'><strong>conca</strong></span> <span class='ocrx_word' id='word_1_10' title='bbox 958 419 1080 494; x_wconf 85' lang='lat' dir='ltr'><strong>ducem</strong></span> <span class='ocrx_word' id='word_1_11' title='bbox 1095 419 1310 512; x_wconf 74' lang='lat' dir='ltr'><strong>burgundie3</strong></span> <span class='ocrx_word' id='word_1_12' title='bbox 1333 418 1391 493; x_wconf 88' lang='lat' dir='ltr'><strong>sed</strong></span> 
     </span>
     <span class='ocr_line' id='line_1_3' title="bbox 261 515 833 589; baseline 0.009 -6"><span class='ocrx_word' id='word_1_13' title='bbox 261 517 323 584; x_wconf 92' lang='lat' dir='ltr'><strong>ista</strong></span> <span class='ocrx_word' id='word_1_14' title='bbox 340 525 436 586; x_wconf 88' lang='lat' dir='ltr'><strong>nocte</strong></span> <span class='ocrx_word' id='word_1_15' title='bbox 453 520 572 588; x_wconf 88' lang='lat' dir='ltr'><strong>mansit</strong></span> <span class='ocrx_word' id='word_1_16' title='bbox 588 519 622 588; x_wconf 92' lang='lat' dir='ltr'><strong>in</strong></span> <span class='ocrx_word' id='word_1_17' title='bbox 638 515 833 589; x_wconf 87' lang='lat' dir='ltr'><strong>Wisbuden.</strong></span> 
     </span>
    </p>
   </div>
   <div class='ocr_carea' id='block_1_3' title="bbox 258 605 1393 710">
    <p class='ocr_par' dir='ltr' id='par_1_3' title="bbox 258 605 1393 710">
     <span class='ocr_line' id='line_1_4' title="bbox 258 605 1393 710; baseline 0.008 -32"><span class='ocrx_word' id='word_1_18' title='bbox 258 671 261 678; x_wconf 92' lang='lat'><em>.</em></span> <span class='ocrx_word' id='word_1_19' title='bbox 295 605 481 709; x_wconf 61' lang='lat' dir='ltr'><strong>&#39;Expeditis</strong></span> <span class='ocrx_word' id='word_1_20' title='bbox 498 618 648 706; x_wconf 76' lang='lat' dir='ltr'>negociis</span> <span class='ocrx_word' id='word_1_21' title='bbox 666 618 751 686; x_wconf 86' lang='lat' dir='ltr'><strong>circa</strong></span> <span class='ocrx_word' id='word_1_22' title='bbox 762 613 928 688; x_wconf 85' lang='lat' dir='ltr'><strong>Nusscurn</strong></span> <span class='ocrx_word' id='word_1_23' title='bbox 945 616 1054 688; x_wconf 81' lang='lat' dir='ltr'><strong>teiiter</strong></span> <span class='ocrx_word' id='word_1_24' title='bbox 1070 617 1209 710; x_wconf 82' lang='lat' dir='ltr'><strong>qualiter</strong></span> <span class='ocrx_word' id='word_1_25' title='bbox 1224 614 1315 688; x_wconf 88' lang='lat' dir='ltr'><strong>idem</strong></span> <span class='ocrx_word' id='word_1_26' title='bbox 1328 615 1393 687; x_wconf 93' lang='lat' dir='ltr'><strong>do-</strong></span> 
     </span>
    </p>
   </div>
   <div class='ocr_carea' id='block_1_4' title="bbox 164 708 1489 3926">
    <p class='ocr_par' dir='ltr' id='par_1_4' title="bbox 189 708 1394 2076">
     <span class='ocr_line' id='line_1_5' title="bbox 261 708 1392 807; baseline 0.002 -25"><span class='ocrx_word' id='word_1_27' title='bbox 261 713 368 782; x_wconf 87' lang='lat' dir='ltr'><strong>minus</strong></span> <span class='ocrx_word' id='word_1_28' title='bbox 379 708 577 785; x_wconf 86' lang='lat' dir='ltr'><strong>Frederious</strong></span> <span class='ocrx_word' id='word_1_29' title='bbox 592 715 771 806; x_wconf 86' lang='lat' dir='ltr'><strong>imperator</strong></span> <span class='ocrx_word' id='word_1_30' title='bbox 786 716 917 784; x_wconf 79' lang='lat' dir='ltr'><strong>revenit</strong></span> <span class='ocrx_word' id='word_1_31' title='bbox 933 712 1232 786; x_wconf 82' lang='lat' dir='ltr'><strong>adFranciordicm</strong></span> <span class='ocrx_word' id='word_1_32' title='bbox 1249 716 1325 807; x_wconf 87' lang='lat' dir='ltr'><strong>ipso</strong></span> <span class='ocrx_word' id='word_1_33' title='bbox 1342 712 1392 784; x_wconf 87' lang='lat' dir='ltr'><strong>die</strong></span> 
     </span>
     <span class='ocr_line' id='line_1_6' title="bbox 261 807 1392 884; baseline 0 -4"><span class='ocrx_word' id='word_1_34' title='bbox 261 811 364 880; x_wconf 86' lang='lat' dir='ltr'><strong>suncti</strong></span> <span class='ocrx_word' id='word_1_35' title='bbox 377 807 546 882; x_wconf 80' lang='lat' dir='ltr'><strong>,Severini</strong></span> <span class='ocrx_word' id='word_1_36' title='bbox 577 813 670 881; x_wconf 80' lang='lat' dir='ltr'><strong>xxiii.</strong></span> <span class='ocrx_word' id='word_1_37' title='bbox 697 813 822 883; x_wconf 85' lang='lat' dir='ltr'><strong>mensis</strong></span> <span class='ocrx_word' id='word_1_38' title='bbox 855 808 997 884; x_wconf 85' lang='lat' dir='ltr'><strong>octobris</strong></span> <span class='ocrx_word' id='word_1_39' title='bbox 1031 833 1119 883; x_wconf 84' lang='lat' dir='ltr'><strong>enno</strong></span> <span class='ocrx_word' id='word_1_40' title='bbox 1152 811 1392 884; x_wconf 64' lang='lat' dir='ltr'><strong>mcccclxxv.</strong></span> 
     </span>
     <span class='ocr_line' id='line_1_7' title="bbox 261 903 1392 1001; baseline 0.004 -26"><span class='ocrx_word' id='word_1_41' title='bbox 261 903 382 977; x_wconf 82' lang='lat' dir='ltr'><strong>Clarus</strong></span> <span class='ocrx_word' id='word_1_42' title='bbox 392 905 668 980; x_wconf 79' lang='lat' dir='ltr'><strong>Franoiirrdensis</strong></span> <span class='ocrx_word' id='word_1_43' title='bbox 685 929 836 981; x_wconf 61' lang='lat' dir='ltr'><strong>uncam</strong></span> <span class='ocrx_word' id='word_1_44' title='bbox 852 907 1020 980; x_wconf 85' lang='lat' dir='ltr'><strong>monacbis</strong></span> <span class='ocrx_word' id='word_1_45' title='bbox 1032 919 1067 980; x_wconf 88' lang='lat' dir='ltr'><strong>et</strong></span> <span class='ocrx_word' id='word_1_46' title='bbox 1078 907 1228 982; x_wconf 67' lang='lat' dir='ltr'><strong>mnnbm</strong></span> <span class='ocrx_word' id='word_1_47' title='bbox 1244 907 1392 1001; x_wconf 79' lang='lat' dir='ltr'><strong>reliquiis</strong></span> 
     </span>
     <span class='ocr_line' id='line_1_8' title="bbox 189 1000 1393 1100; baseline 0 -26"><span class='ocrx_word' id='word_1_48' title='bbox 189 1001 192 1008; x_wconf 56' lang='lat'><strong>⁴</strong></span> <span class='ocrx_word' id='word_1_49' title='bbox 260 1005 376 1074; x_wconf 87' lang='lat' dir='ltr'><strong>iterum</strong></span> <span class='ocrx_word' id='word_1_50' title='bbox 404 1000 493 1074; x_wconf 80' lang='lat' dir='ltr'>dedit</span> <span class='ocrx_word' id='word_1_51' title='bbox 519 1002 581 1077; x_wconf 84' lang='lat' dir='ltr'><strong>sibi</strong></span> <span class='ocrx_word' id='word_1_52' title='bbox 607 1003 740 1078; x_wconf 80' lang='lat' dir='ltr'><strong>obviam</strong></span> <span class='ocrx_word' id='word_1_53' title='bbox 766 1025 889 1078; x_wconf 87' lang='lat' dir='ltr'><strong>versus</strong></span> <span class='ocrx_word' id='word_1_54' title='bbox 913 1005 1317 1100; x_wconf 72' lang='lat' dir='ltr'><strong>Bockenbepnrerporten.</strong></span> <span class='ocrx_word' id='word_1_55' title='bbox 1353 1003 1393 1074; x_wconf 80' lang='lat' dir='ltr'><strong>ln</strong></span> 
     </span>
     <span class='ocr_line' id='line_1_9' title="bbox 259 1101 1394 1197; baseline 0 -25"><span class='ocrx_word' id='word_1_56' title='bbox 259 1103 380 1172; x_wconf 83' lang='lat' dir='ltr'><strong>mansit</strong></span> <span class='ocrx_word' id='word_1_57' title='bbox 402 1101 513 1174; x_wconf 84' lang='lat' dir='ltr'><strong>ederus</strong></span> <span class='ocrx_word' id='word_1_58' title='bbox 535 1105 569 1174; x_wconf 90' lang='lat' dir='ltr'><strong>in</strong></span> <span class='ocrx_word' id='word_1_59' title='bbox 594 1103 734 1175; x_wconf 81' lang='lat' dir='ltr'><strong>ecclesis</strong></span> <span class='ocrx_word' id='word_1_60' title='bbox 759 1111 874 1176; x_wconf 90' lang='lat' dir='ltr'><strong>sancte</strong></span> <span class='ocrx_word' id='word_1_61' title='bbox 891 1101 1088 1191; x_wconf 82' lang='lat' dir='ltr'><strong>Katbcrine3</strong></span> <span class='ocrx_word' id='word_1_62' title='bbox 1111 1103 1154 1176; x_wconf 90' lang='lat' dir='ltr'><strong>ibi</strong></span> <span class='ocrx_word' id='word_1_63' title='bbox 1178 1101 1394 1197; x_wconf 73' lang='lat' dir='ltr'><strong>exspectabat</strong></span> 
     </span>
     <span class='ocr_line' id='line_1_10' title="bbox 259 1196 1394 1296; baseline 0.001 -27"><span class='ocrx_word' id='word_1_64' title='bbox 259 1196 439 1270; x_wconf 61' lang='lat' dir='ltr'><strong>duonum</strong></span> <span class='ocrx_word' id='word_1_65' title='bbox 465 1201 682 1293; x_wconf 82' lang='lat' dir='ltr'><strong>imperatoris.</strong></span> <span class='ocrx_word' id='word_1_66' title='bbox 718 1199 787 1272; x_wconf 87' lang='lat' dir='ltr'><strong>Sed</strong></span> <span class='ocrx_word' id='word_1_67' title='bbox 813 1221 889 1271; x_wconf 87' lang='lat' dir='ltr'><strong>cum</strong></span> <span class='ocrx_word' id='word_1_68' title='bbox 915 1203 1093 1295; x_wconf 81' lang='lat' dir='ltr'><strong>imperator</strong></span> <span class='ocrx_word' id='word_1_69' title='bbox 1116 1197 1394 1296; x_wconf 61' lang='lat' dir='ltr'><strong>appropinquat«</strong></span> 
     </span>
     <span class='ocr_line' id='line_1_11' title="bbox 260 1295 1393 1392; baseline 0 -24"><span class='ocrx_word' id='word_1_70' title='bbox 260 1298 346 1368; x_wconf 86' lang='lat' dir='ltr'><strong>eirca</strong></span> <span class='ocrx_word' id='word_1_71' title='bbox 364 1295 629 1391; x_wconf 64' lang='lat' dir='ltr'><strong>Reddelnbcpm,</strong></span> <span class='ocrx_word' id='word_1_72' title='bbox 657 1320 725 1372; x_wconf 82' lang='lat' dir='ltr'><strong>nox</strong></span> <span class='ocrx_word' id='word_1_73' title='bbox 748 1300 846 1370; x_wconf 86' lang='lat' dir='ltr'><strong>etium</strong></span> <span class='ocrx_word' id='word_1_74' title='bbox 870 1303 1064 1392; x_wconf 81' lang='lat' dir='ltr'><strong>supervenit</strong></span> <span class='ocrx_word' id='word_1_75' title='bbox 1086 1308 1120 1369; x_wconf 89' lang='lat' dir='ltr'><strong>et</strong></span> <span class='ocrx_word' id='word_1_76' title='bbox 1143 1302 1193 1372; x_wconf 86' lang='lat' dir='ltr'><strong>sio</strong></span> <span class='ocrx_word' id='word_1_77' title='bbox 1215 1301 1393 1392; x_wconf 80' lang='lat' dir='ltr'><strong>imperator</strong></span> 
     </span>
     <span class='ocr_line' id='line_1_12' title="bbox 260 1391 1391 1491; baseline 0.004 -29"><span class='ocrx_word' id='word_1_78' title='bbox 260 1391 341 1464; x_wconf 81' lang='lat' dir='ltr'><strong>dixit</strong></span> <span class='ocrx_word' id='word_1_79' title='bbox 353 1392 394 1464; x_wconf 90' lang='lat' dir='ltr'><strong>ad</strong></span> <span class='ocrx_word' id='word_1_80' title='bbox 411 1396 641 1488; x_wconf 58' lang='lat' dir='ltr'><strong>proconsules„</strong></span> <span class='ocrx_word' id='word_1_81' title='bbox 659 1395 745 1491; x_wconf 85' lang='lat' dir='ltr'><strong>quod</strong></span> <span class='ocrx_word' id='word_1_82' title='bbox 762 1395 872 1468; x_wconf 83' lang='lat' dir='ltr'><strong>ederus</strong></span> <span class='ocrx_word' id='word_1_83' title='bbox 889 1393 1028 1468; x_wconf 75' lang='lat' dir='ltr'>deberet</span> <span class='ocrx_word' id='word_1_84' title='bbox 1042 1400 1164 1468; x_wconf 78' lang='lat' dir='ltr'><strong>inuare</strong></span> <span class='ocrx_word' id='word_1_85' title='bbox 1175 1393 1391 1468; x_wconf 69' lang='lat' dir='ltr'><strong>adeoelesias</strong></span> 
     </span>
     <span class='ocr_line' id='line_1_13' title="bbox 260 1492 1392 1585; baseline 0 -23"><span class='ocrx_word' id='word_1_86' title='bbox 260 1511 352 1580; x_wconf 63' lang='lat' dir='ltr'><strong>suas„</strong></span> <span class='ocrx_word' id='word_1_87' title='bbox 375 1493 449 1585; x_wconf 88' lang='lat' dir='ltr'><strong>ipsc</strong></span> <span class='ocrx_word' id='word_1_88' title='bbox 465 1493 570 1564; x_wconf 87' lang='lat' dir='ltr'><strong>veliet</strong></span> <span class='ocrx_word' id='word_1_89' title='bbox 592 1493 704 1566; x_wconf 85' lang='lat' dir='ltr'><strong>iacere</strong></span> <span class='ocrx_word' id='word_1_90' title='bbox 729 1515 809 1567; x_wconf 88' lang='lat' dir='ltr'><strong>suas</strong></span> <span class='ocrx_word' id='word_1_91' title='bbox 831 1495 998 1566; x_wconf 68' lang='lat' dir='ltr'><strong>nationes</strong></span> <span class='ocrx_word' id='word_1_92' title='bbox 1022 1497 1086 1566; x_wconf 88' lang='lat' dir='ltr'><strong>istc</strong></span> <span class='ocrx_word' id='word_1_93' title='bbox 1103 1515 1181 1566; x_wconf 88' lang='lat' dir='ltr'><strong>sero</strong></span> <span class='ocrx_word' id='word_1_94' title='bbox 1198 1496 1232 1564; x_wconf 88' lang='lat' dir='ltr'><strong>in</strong></span> <span class='ocrx_word' id='word_1_95' title='bbox 1249 1492 1392 1566; x_wconf 79' lang='lat' dir='ltr'><strong>ecclesia</strong></span> 
     </span>
     <span class='ocr_line' id='line_1_14' title="bbox 258 1585 1391 1686; baseline 0.001 -27"><span class='ocrx_word' id='word_1_96' title='bbox 258 1585 357 1660; x_wconf 86' lang='lat' dir='ltr'><strong>beate</strong></span> <span class='ocrx_word' id='word_1_97' title='bbox 376 1587 532 1681; x_wconf 81' lang='lat' dir='ltr'><strong>Virginis.</strong></span> <span class='ocrx_word' id='word_1_98' title='bbox 563 1590 619 1664; x_wconf 90' lang='lat' dir='ltr'><strong>Sic</strong></span> <span class='ocrx_word' id='word_1_99' title='bbox 635 1591 756 1663; x_wconf 84' lang='lat' dir='ltr'><strong>iaournr</strong></span> <span class='ocrx_word' id='word_1_100' title='bbox 772 1589 841 1663; x_wconf 87' lang='lat' dir='ltr'><strong>fuit</strong></span> <span class='ocrx_word' id='word_1_101' title='bbox 873 1589 916 1663; x_wconf 90' lang='lat' dir='ltr'><strong>Et</strong></span> <span class='ocrx_word' id='word_1_102' title='bbox 932 1590 1062 1685; x_wconf 66' lang='lat' dir='ltr'><strong>pondo</strong></span> <span class='ocrx_word' id='word_1_103' title='bbox 1078 1595 1151 1686; x_wconf 83' lang='lat' dir='ltr'><strong>ipse</strong></span> <span class='ocrx_word' id='word_1_104' title='bbox 1168 1593 1314 1664; x_wconf 74' lang='lat' dir='ltr'><strong>umescit</strong></span> <span class='ocrx_word' id='word_1_105' title='bbox 1329 1611 1391 1660; x_wconf 89' lang='lat' dir='ltr'><strong>ec·</strong></span> 
     </span>
     <span class='ocr_line' id='line_1_15' title="bbox 259 1685 1392 1783; baseline 0.001 -26"><span class='ocrx_word' id='word_1_106' title='bbox 259 1685 394 1758; x_wconf 86' lang='lat' dir='ltr'><strong>clesiam</strong></span> <span class='ocrx_word' id='word_1_107' title='bbox 412 1685 508 1758; x_wconf 90' lang='lat' dir='ltr'><strong>beate</strong></span> <span class='ocrx_word' id='word_1_108' title='bbox 526 1688 688 1780; x_wconf 62' lang='lat' dir='ltr'><strong>Virginis,</strong></span> <span class='ocrx_word' id='word_1_109' title='bbox 711 1692 774 1783; x_wconf 90' lang='lat' dir='ltr'><strong>ipsi</strong></span> <span class='ocrx_word' id='word_1_110' title='bbox 791 1687 833 1759; x_wconf 91' lang='lat' dir='ltr'><strong>de</strong></span> <span class='ocrx_word' id='word_1_111' title='bbox 851 1689 993 1760; x_wconf 87' lang='lat' dir='ltr'><strong>ecclesia</strong></span> <span class='ocrx_word' id='word_1_112' title='bbox 1016 1698 1202 1761; x_wconf 77' lang='lat' dir='ltr'><strong>cantarunt:</strong></span> <span class='ocrx_word' id='word_1_113' title='bbox 1232 1689 1274 1760; x_wconf 83' lang='lat' dir='ltr'><strong>Tc</strong></span> <span class='ocrx_word' id='word_1_114' title='bbox 1291 1690 1392 1758; x_wconf 68' lang='lat' dir='ltr'><strong>dun</strong></span> 
     </span>
     <span class='ocr_line' id='line_1_16' title="bbox 258 1785 1393 1881; baseline -0.001 -27"><span class='ocrx_word' id='word_1_115' title='bbox 258 1785 454 1856; x_wconf 67' lang='lat' dir='ltr'><strong>taudem!</strong></span> <span class='ocrx_word' id='word_1_116' title='bbox 479 1795 541 1857; x_wconf 89' lang='lat' dir='ltr'><strong>eto.</strong></span> <span class='ocrx_word' id='word_1_117' title='bbox 560 1796 593 1856; x_wconf 90' lang='lat' dir='ltr'><strong>et</strong></span> <span class='ocrx_word' id='word_1_118' title='bbox 614 1808 702 1881; x_wconf 84' lang='lat' dir='ltr'><strong>resp.</strong></span> <span class='ocrx_word' id='word_1_119' title='bbox 721 1797 755 1858; x_wconf 89' lang='lat' dir='ltr'><strong>ct</strong></span> <span class='ocrx_word' id='word_1_120' title='bbox 771 1787 844 1858; x_wconf 89' lang='lat' dir='ltr'><strong>coll.</strong></span> <span class='ocrx_word' id='word_1_121' title='bbox 880 1785 924 1858; x_wconf 88' lang='lat' dir='ltr'><strong>Et</strong></span> <span class='ocrx_word' id='word_1_122' title='bbox 945 1789 1018 1880; x_wconf 89' lang='lat' dir='ltr'><strong>ipse</strong></span> <span class='ocrx_word' id='word_1_123' title='bbox 1042 1785 1194 1858; x_wconf 84' lang='lat' dir='ltr'><strong>dominus</strong></span> <span class='ocrx_word' id='word_1_124' title='bbox 1214 1789 1393 1878; x_wconf 86' lang='lat' dir='ltr'><strong>imperator</strong></span> 
     </span>
     <span class='ocr_line' id='line_1_17' title="bbox 259 1879 1391 1978; baseline 0.002 -28"><span class='ocrx_word' id='word_1_125' title='bbox 259 1883 380 1953; x_wconf 84' lang='lat' dir='ltr'><strong>mansit</strong></span> <span class='ocrx_word' id='word_1_126' title='bbox 401 1904 507 1976; x_wconf 88' lang='lat' dir='ltr'><strong>usque</strong></span> <span class='ocrx_word' id='word_1_127' title='bbox 524 1881 565 1955; x_wconf 89' lang='lat' dir='ltr'><strong>ad</strong></span> <span class='ocrx_word' id='word_1_128' title='bbox 582 1895 733 1976; x_wconf 85' lang='lat' dir='ltr'><strong>quartum</strong></span> <span class='ocrx_word' id='word_1_129' title='bbox 750 1883 848 1956; x_wconf 74' lang='lat' dir='ltr'><strong>dien</strong></span> <span class='ocrx_word' id='word_1_130' title='bbox 884 1883 1002 1956; x_wconf 83' lang='lat' dir='ltr'><strong>Clarus</strong></span> <span class='ocrx_word' id='word_1_131' title='bbox 1026 1905 1092 1956; x_wconf 91' lang='lat' dir='ltr'><strong>non</strong></span> <span class='ocrx_word' id='word_1_132' title='bbox 1115 1881 1309 1978; x_wconf 80' lang='lat' dir='ltr'><strong>propinabat</strong></span> <span class='ocrx_word' id='word_1_133' title='bbox 1332 1879 1391 1954; x_wconf 88' lang='lat' dir='ltr'><strong>sibi</strong></span> 
     </span>
     <span class='ocr_line' id='line_1_18' title="bbox 259 1977 1260 2076; baseline 0.004 -28"><span class='ocrx_word' id='word_1_134' title='bbox 259 1977 390 2072; x_wconf 66' lang='lat' dir='ltr'><strong>aliquid,</strong></span> <span class='ocrx_word' id='word_1_135' title='bbox 409 1979 470 2052; x_wconf 88' lang='lat' dir='ltr'><strong>sed</strong></span> <span class='ocrx_word' id='word_1_136' title='bbox 487 1981 642 2054; x_wconf 87' lang='lat' dir='ltr'><strong>eonsules</strong></span> <span class='ocrx_word' id='word_1_137' title='bbox 660 1984 873 2076; x_wconf 82' lang='lat' dir='ltr'><strong>propinarunt</strong></span> <span class='ocrx_word' id='word_1_138' title='bbox 890 1979 953 2052; x_wconf 85' lang='lat' dir='ltr'><strong>sibi</strong></span> <span class='ocrx_word' id='word_1_139' title='bbox 969 1982 1182 2076; x_wconf 85' lang='lat' dir='ltr'><strong>solempniter</strong></span> <span class='ocrx_word' id='word_1_140' title='bbox 1198 1991 1260 2054; x_wconf 87' lang='lat' dir='ltr'><strong>etc.</strong></span> 
     </span>
    </p>

    <p class='ocr_par' dir='ltr' id='par_1_5' title="bbox 257 2075 1392 3342">
     <span class='ocr_line' id='line_1_19' title="bbox 307 2075 1392 2172; baseline 0.002 -26"><span class='ocrx_word' id='word_1_141' title='bbox 307 2076 409 2148; x_wconf 85' lang='lat' dir='ltr'><strong>Anno</strong></span> <span class='ocrx_word' id='word_1_142' title='bbox 432 2075 554 2149; x_wconf 89' lang='lat' dir='ltr'><strong>domini</strong></span> <span class='ocrx_word' id='word_1_143' title='bbox 570 2079 833 2152; x_wconf 71' lang='lat' dir='ltr'><strong>mcccclxxxnr.</strong></span> <span class='ocrx_word' id='word_1_144' title='bbox 852 2077 1002 2150; x_wconf 70' lang='lat' dir='ltr'><strong>domimo</strong></span> <span class='ocrx_word' id='word_1_145' title='bbox 1026 2075 1296 2172; x_wconf 81' lang='lat' dir='ltr'><strong>archiepiscopus</strong></span> <span class='ocrx_word' id='word_1_146' title='bbox 1312 2075 1392 2148; x_wconf 81' lang='lat' dir='ltr'><strong>bis·</strong></span> 
     </span>
     <span class='ocr_line' id='line_1_20' title="bbox 259 2173 1392 2272; baseline 0.004 -28"><span class='ocrx_word' id='word_1_147' title='bbox 259 2177 415 2264; x_wconf 77' lang='lat' dir='ltr'><strong>gindeus</strong></span> <span class='ocrx_word' id='word_1_148' title='bbox 432 2186 507 2269; x_wconf 87' lang='lat' dir='ltr'><strong>post</strong></span> <span class='ocrx_word' id='word_1_149' title='bbox 523 2177 719 2249; x_wconf 84' lang='lat' dir='ltr'><strong>electionem</strong></span> <span class='ocrx_word' id='word_1_150' title='bbox 743 2197 838 2248; x_wconf 83' lang='lat' dir='ltr'><strong>suern</strong></span> <span class='ocrx_word' id='word_1_151' title='bbox 854 2179 993 2272; x_wconf 88' lang='lat' dir='ltr'><strong>primum</strong></span> <span class='ocrx_word' id='word_1_152' title='bbox 1016 2177 1191 2267; x_wconf 79' lang='lat' dir='ltr'><strong>ingressus</strong></span> <span class='ocrx_word' id='word_1_153' title='bbox 1209 2173 1392 2248; x_wconf 74' lang='lat' dir='ltr'><strong>Francdor-</strong></span> 
     </span>
     <span class='ocr_line' id='line_1_21' title="bbox 258 2269 1392 2368; baseline 0.004 -27"><span class='ocrx_word' id='word_1_154' title='bbox 258 2269 346 2342; x_wconf 86' lang='lat' dir='ltr'><strong>diam</strong></span> <span class='ocrx_word' id='word_1_155' title='bbox 363 2272 502 2346; x_wconf 81' lang='lat' dir='ltr'><strong>solemni</strong></span> <span class='ocrx_word' id='word_1_156' title='bbox 518 2277 734 2367; x_wconf 73' lang='lat' dir='ltr'><strong>processione</strong></span> <span class='ocrx_word' id='word_1_157' title='bbox 745 2274 824 2346; x_wconf 88' lang='lat' dir='ltr'><strong>cleri</strong></span> <span class='ocrx_word' id='word_1_158' title='bbox 841 2284 996 2368; x_wconf 86' lang='lat' dir='ltr'><strong>receptus</strong></span> <span class='ocrx_word' id='word_1_159' title='bbox 1008 2283 1072 2362; x_wconf 66' lang='lat' dir='ltr'><strong>cst,</strong></span> <span class='ocrx_word' id='word_1_160' title='bbox 1089 2271 1260 2344; x_wconf 87' lang='lat' dir='ltr'><strong>utinlibro</strong></span> <span class='ocrx_word' id='word_1_161' title='bbox 1277 2274 1392 2346; x_wconf 79' lang='lat' dir='ltr'><strong>clauso</strong></span> 
     </span>
     <span class='ocr_line' id='line_1_22' title="bbox 258 2368 1392 2465; baseline 0.002 -25"><span class='ocrx_word' id='word_1_162' title='bbox 258 2371 367 2460; x_wconf 57' lang='lat' dir='ltr'><strong>nigroq</strong></span> <span class='ocrx_word' id='word_1_163' title='bbox 392 2369 467 2465; x_wconf 88' lang='lat' dir='ltr'><strong>quid</strong></span> <span class='ocrx_word' id='word_1_164' title='bbox 491 2369 533 2442; x_wconf 92' lang='lat' dir='ltr'><strong>ibi</strong></span> <span class='ocrx_word' id='word_1_165' title='bbox 557 2371 678 2444; x_wconf 81' lang='lat' dir='ltr'><strong>fectum</strong></span> <span class='ocrx_word' id='word_1_166' title='bbox 701 2370 810 2461; x_wconf 70' lang='lat' dir='ltr'><strong>inerit,</strong></span> <span class='ocrx_word' id='word_1_167' title='bbox 835 2374 1000 2463; x_wconf 79' lang='lat' dir='ltr'><strong>signatum</strong></span> <span class='ocrx_word' id='word_1_168' title='bbox 1028 2369 1178 2442; x_wconf 86' lang='lat' dir='ltr'><strong>ostialia</strong></span> <span class='ocrx_word' id='word_1_169' title='bbox 1200 2371 1322 2444; x_wconf 78' lang='lat' dir='ltr'><strong>xxxiii.</strong></span> <span class='ocrx_word' id='word_1_170' title='bbox 1355 2368 1392 2442; x_wconf 91' lang='lat' dir='ltr'><strong>ln</strong></span> 
     </span>
     <span class='ocr_line' id='line_1_23' title="bbox 258 2465 1392 2563; baseline 0 -25"><span class='ocrx_word' id='word_1_171' title='bbox 258 2470 416 2538; x_wconf 87' lang='lat' dir='ltr'><strong>memoria</strong></span> <span class='ocrx_word' id='word_1_172' title='bbox 443 2472 532 2540; x_wconf 89' lang='lat' dir='ltr'><strong>enim</strong></span> <span class='ocrx_word' id='word_1_173' title='bbox 556 2467 721 2542; x_wconf 88' lang='lat' dir='ltr'><strong>bominum</strong></span> <span class='ocrx_word' id='word_1_174' title='bbox 746 2468 856 2541; x_wconf 87' lang='lat' dir='ltr'><strong>nuilus</strong></span> <span class='ocrx_word' id='word_1_175' title='bbox 880 2471 1055 2563; x_wconf 85' lang='lat' dir='ltr'><strong>episcopus</strong></span> <span class='ocrx_word' id='word_1_176' title='bbox 1072 2465 1289 2560; x_wconf 73' lang='lat' dir='ltr'><strong>Mogontinus</strong></span> <span class='ocrx_word' id='word_1_177' title='bbox 1307 2467 1392 2562; x_wconf 85' lang='lat' dir='ltr'><strong>opud</strong></span> 
     </span>
     <span class='ocr_line' id='line_1_24' title="bbox 258 2563 1392 2660; baseline 0.003 -26"><span class='ocrx_word' id='word_1_178' title='bbox 258 2584 320 2636; x_wconf 88' lang='lat' dir='ltr'><strong>nos</strong></span> <span class='ocrx_word' id='word_1_179' title='bbox 336 2567 549 2638; x_wconf 86' lang='lat' dir='ltr'><strong>intronisatus</strong></span> <span class='ocrx_word' id='word_1_180' title='bbox 566 2566 690 2639; x_wconf 84' lang='lat' dir='ltr'><strong>iuerat¹</strong></span> <span class='ocrx_word' id='word_1_181' title='bbox 715 2565 778 2638; x_wconf 90' lang='lat' dir='ltr'><strong>Ubi</strong></span> <span class='ocrx_word' id='word_1_182' title='bbox 795 2576 906 2637; x_wconf 68' lang='lat' dir='ltr'><strong>umen</strong></span> <span class='ocrx_word' id='word_1_183' title='bbox 923 2564 1114 2654; x_wconf 69' lang='lat' dir='ltr'><strong>mundum,</strong></span> <span class='ocrx_word' id='word_1_184' title='bbox 1132 2563 1217 2658; x_wconf 89' lang='lat' dir='ltr'><strong>quud</strong></span> <span class='ocrx_word' id='word_1_185' title='bbox 1235 2575 1392 2660; x_wconf 84' lang='lat' dir='ltr'><strong>exparte</strong></span> 
     </span>
     <span class='ocr_line' id='line_1_25' title="bbox 260 2659 1390 2737; baseline 0 -5"><span class='ocrx_word' id='word_1_186' title='bbox 260 2659 340 2732; x_wconf 89' lang='lat' dir='ltr'><strong>oleri</strong></span> <span class='ocrx_word' id='word_1_187' title='bbox 362 2661 450 2734; x_wconf 83' lang='lat' dir='ltr'><strong>fama</strong></span> <span class='ocrx_word' id='word_1_188' title='bbox 473 2666 638 2737; x_wconf 84' lang='lat' dir='ltr'><strong>existente</strong></span> <span class='ocrx_word' id='word_1_189' title='bbox 655 2664 697 2736; x_wconf 88' lang='lat' dir='ltr'><strong>de</strong></span> <span class='ocrx_word' id='word_1_190' title='bbox 714 2664 860 2736; x_wconf 90' lang='lat' dir='ltr'><strong>adventu</strong></span> <span class='ocrx_word' id='word_1_191' title='bbox 883 2662 1003 2736; x_wconf 88' lang='lat' dir='ltr'><strong>domini</strong></span> <span class='ocrx_word' id='word_1_192' title='bbox 1027 2661 1112 2734; x_wconf 89' lang='lat' dir='ltr'><strong>clam</strong></span> <span class='ocrx_word' id='word_1_193' title='bbox 1135 2661 1259 2736; x_wconf 84' lang='lat' dir='ltr'><strong>missus</strong></span> <span class='ocrx_word' id='word_1_194' title='bbox 1276 2663 1337 2734; x_wconf 86' lang='lat' dir='ltr'><strong>fuit</strong></span> <span class='ocrx_word' id='word_1_195' title='bbox 1353 2659 1390 2732; x_wconf 87' lang='lat' dir='ltr'><strong>G.</strong></span> 
     </span>
     <span class='ocr_line' id='line_1_26' title="bbox 257 2755 1391 2856; baseline 0.004 -29"><span class='ocrx_word' id='word_1_196' title='bbox 257 2755 549 2856; x_wconf 82' lang='lat' dir='ltr'><strong>Schwarnenberg</strong></span> <span class='ocrx_word' id='word_1_197' title='bbox 566 2767 743 2834; x_wconf 89' lang='lat' dir='ltr'><strong>canonicus</strong></span> <span class='ocrx_word' id='word_1_198' title='bbox 762 2765 795 2833; x_wconf 91' lang='lat' dir='ltr'><strong>in</strong></span> <span class='ocrx_word' id='word_1_199' title='bbox 812 2757 1080 2854; x_wconf 86' lang='lat' dir='ltr'><strong>Aschaiienburg</strong></span> <span class='ocrx_word' id='word_1_200' title='bbox 1096 2757 1137 2829; x_wconf 87' lang='lat' dir='ltr'><strong>od</strong></span> <span class='ocrx_word' id='word_1_201' title='bbox 1156 2759 1391 2854; x_wconf 86' lang='lat' dir='ltr'><strong>exponendum</strong></span> 
     </span>
     <span class='ocr_line' id='line_1_27' title="bbox 258 2854 1391 2932; baseline 0.004 -7"><span class='ocrx_word' id='word_1_202' title='bbox 258 2854 389 2928; x_wconf 89' lang='lat' dir='ltr'><strong>domino</strong></span> <span class='ocrx_word' id='word_1_203' title='bbox 406 2857 557 2931; x_wconf 81' lang='lat' dir='ltr'><strong>affectum</strong></span> <span class='ocrx_word' id='word_1_204' title='bbox 575 2860 655 2930; x_wconf 87' lang='lat' dir='ltr'><strong>oleri</strong></span> <span class='ocrx_word' id='word_1_205' title='bbox 672 2863 705 2932; x_wconf 91' lang='lat' dir='ltr'><strong>in</strong></span> <span class='ocrx_word' id='word_1_206' title='bbox 723 2855 910 2930; x_wconf 77' lang='lat' dir='ltr'><strong>exbibenda</strong></span> <span class='ocrx_word' id='word_1_207' title='bbox 927 2856 987 2929; x_wconf 91' lang='lat' dir='ltr'><strong>sibi</strong></span> <span class='ocrx_word' id='word_1_208' title='bbox 1006 2855 1208 2930; x_wconf 87' lang='lat' dir='ltr'><strong>honoremet</strong></span> <span class='ocrx_word' id='word_1_209' title='bbox 1225 2854 1391 2930; x_wconf 88' lang='lat' dir='ltr'><strong>obedien-</strong></span> 
     </span>
     <span class='ocr_line' id='line_1_28' title="bbox 258 2954 1390 3050; baseline 0.003 -27"><span class='ocrx_word' id='word_1_210' title='bbox 258 2955 347 3042; x_wconf 74' lang='lat' dir='ltr'><strong>tium,</strong></span> <span class='ocrx_word' id='word_1_211' title='bbox 365 2963 398 3026; x_wconf 89' lang='lat' dir='ltr'><strong>et</strong></span> <span class='ocrx_word' id='word_1_212' title='bbox 414 2966 547 3049; x_wconf 87' lang='lat' dir='ltr'><strong>paratos</strong></span> <span class='ocrx_word' id='word_1_213' title='bbox 561 2979 640 3030; x_wconf 87' lang='lat' dir='ltr'><strong>esse</strong></span> <span class='ocrx_word' id='word_1_214' title='bbox 651 2954 929 3050; x_wconf 85' lang='lat' dir='ltr'><strong>edreoipiendum</strong></span> <span class='ocrx_word' id='word_1_215' title='bbox 944 2955 1036 3026; x_wconf 87' lang='lat' dir='ltr'><strong>illum</strong></span> <span class='ocrx_word' id='word_1_216' title='bbox 1052 2977 1128 3028; x_wconf 89' lang='lat' dir='ltr'><strong>cum</strong></span> <span class='ocrx_word' id='word_1_217' title='bbox 1142 2957 1390 3028; x_wconf 84' lang='lat' dir='ltr'><strong>intronisetione</strong></span> 
     </span>
     <span class='ocr_line' id='line_1_29' title="bbox 257 3050 1392 3148; baseline 0.007 -26"><span class='ocrx_word' id='word_1_218' title='bbox 257 3061 426 3126; x_wconf 89' lang='lat' dir='ltr'><strong>consucta.</strong></span> <span class='ocrx_word' id='word_1_219' title='bbox 472 3052 514 3126; x_wconf 83' lang='lat' dir='ltr'><strong>ln</strong></span> <span class='ocrx_word' id='word_1_220' title='bbox 539 3055 607 3126; x_wconf 72' lang='lat' dir='ltr'><strong>brit·</strong></span> <span class='ocrx_word' id='word_1_221' title='bbox 624 3065 759 3148; x_wconf 84' lang='lat' dir='ltr'><strong>accepta</strong></span> <span class='ocrx_word' id='word_1_222' title='bbox 793 3050 879 3147; x_wconf 88' lang='lat' dir='ltr'><strong>apud</strong></span> <span class='ocrx_word' id='word_1_223' title='bbox 907 3051 1071 3126; x_wconf 86' lang='lat' dir='ltr'><strong>dominun</strong></span> <span class='ocrx_word' id='word_1_224' title='bbox 1099 3053 1178 3126; x_wconf 86' lang='lat' dir='ltr'><strong>cleri</strong></span> <span class='ocrx_word' id='word_1_225' title='bbox 1201 3051 1392 3130; x_wconf 83' lang='lat' dir='ltr'><strong>huiusmodi</strong></span> 
     </span>
     <span class='ocr_line' id='line_1_30' title="bbox 257 3145 1390 3246; baseline 0.005 -28"><span class='ocrx_word' id='word_1_226' title='bbox 257 3145 386 3225; x_wconf 78' lang='lat' dir='ltr'><strong>btunilis</strong></span> <span class='ocrx_word' id='word_1_227' title='bbox 414 3149 569 3224; x_wconf 78' lang='lat' dir='ltr'><strong>exhibitio</strong></span> <span class='ocrx_word' id='word_1_228' title='bbox 596 3163 693 3246; x_wconf 65' lang='lat' dir='ltr'><strong>eune</strong></span> <span class='ocrx_word' id='word_1_229' title='bbox 719 3153 874 3238; x_wconf 75' lang='lat' dir='ltr'><strong>avisatio,</strong></span> <span class='ocrx_word' id='word_1_230' title='bbox 901 3161 1031 3222; x_wconf 86' lang='lat' dir='ltr'><strong>etcum</strong></span> <span class='ocrx_word' id='word_1_231' title='bbox 1054 3153 1390 3242; x_wconf 70' lang='lat' dir='ltr'><strong>siccis-assentiet,</strong></span> 
     </span>
     <span class='ocr_line' id='line_1_31' title="bbox 257 3243 1264 3342; baseline 0.008 -26"><span class='ocrx_word' id='word_1_232' title='bbox 257 3243 367 3322; x_wconf 80' lang='lat' dir='ltr'><strong>denus</strong></span> <span class='ocrx_word' id='word_1_233' title='bbox 385 3270 424 3320; x_wconf 90' lang='lat' dir='ltr'><strong>sc</strong></span> <span class='ocrx_word' id='word_1_234' title='bbox 441 3247 612 3342; x_wconf 67' lang='lat' dir='ltr'><strong>disposuit,</strong></span> <span class='ocrx_word' id='word_1_235' title='bbox 631 3259 664 3322; x_wconf 88' lang='lat' dir='ltr'><strong>ut</strong></span> <span class='ocrx_word' id='word_1_236' title='bbox 681 3260 743 3324; x_wconf 89' lang='lat' dir='ltr'><strong>eto.</strong></span> <span class='ocrx_word' id='word_1_237' title='bbox 918 3263 921 3270; x_wconf 88' lang='grc'>’</span> <span class='ocrx_word' id='word_1_238' title='bbox 1262 3265 1264 3268; x_wconf 82' lang='grc'><strong>’</strong></span> 
     </span>
    </p>

    <p class='ocr_par' dir='ltr' id='par_1_6' title="bbox 164 3341 1489 3926">
     <span class='ocr_line' id='line_1_32' title="bbox 164 3341 1489 3440; baseline 0.002 -25"><span class='ocrx_word' id='word_1_239' title='bbox 164 3341 167 3348; x_wconf 76' lang='grc'><strong>’</strong></span> <span class='ocrx_word' id='word_1_240' title='bbox 306 3343 408 3416; x_wconf 85' lang='lat' dir='ltr'><strong>Anno</strong></span> <span class='ocrx_word' id='word_1_241' title='bbox 431 3345 552 3420; x_wconf 89' lang='lat' dir='ltr'><strong>domini</strong></span> <span class='ocrx_word' id='word_1_242' title='bbox 575 3347 838 3420; x_wconf 68' lang='lat' dir='ltr'><strong>mccccdfflu.</strong></span> <span class='ocrx_word' id='word_1_243' title='bbox 857 3349 888 3417; x_wconf 92' lang='lat' dir='ltr'><strong>in</strong></span> <span class='ocrx_word' id='word_1_244' title='bbox 915 3345 1026 3440; x_wconf 85' lang='lat' dir='ltr'><strong>vigilia</strong></span> <span class='ocrx_word' id='word_1_245' title='bbox 1043 3343 1181 3418; x_wconf 85' lang='lat' dir='ltr'><strong>Andrce</strong></span> <span class='ocrx_word' id='word_1_246' title='bbox 1209 3349 1306 3438; x_wconf 86' lang='lat' dir='ltr'><strong>[nov.</strong></span> <span class='ocrx_word' id='word_1_247' title='bbox 1324 3345 1387 3438; x_wconf 82' lang='lat'><strong>29]</strong></span> <span class='ocrx_word' id='word_1_248' title='bbox 1488 3381 1489 3429; x_wconf 55' lang='lat' dir='ltr'><strong>p</strong></span> 
     </span>
     <span class='ocr_line' id='line_1_33' title="bbox 258 3435 1388 3612; baseline 0.002 -100"><span class='ocrx_word' id='word_1_249' title='bbox 258 3443 435 3536; x_wconf 78' lang='lat' dir='ltr'><strong>imperator</strong></span> <span class='ocrx_word' id='word_1_250' title='bbox 447 3435 815 3535; x_wconf 49' lang='lat' dir='ltr'><strong>‘venitFrancafurtuma</strong></span> <span class='ocrx_word' id='word_1_251' title='bbox 834 3441 886 3516; x_wconf 91' lang='lat' dir='ltr'><strong>ubi</strong></span> <span class='ocrx_word' id='word_1_252' title='bbox 903 3452 1043 3516; x_wconf 89' lang='lat' dir='ltr'><strong>vocatus</strong></span> <span class='ocrx_word' id='word_1_253' title='bbox 1060 3441 1103 3514; x_wconf 86' lang='lat' dir='ltr'><strong>cd</strong></span> <span class='ocrx_word' id='word_1_254' title='bbox 1120 3441 1250 3612; x_wconf 69' lang='lat' dir='ltr'><strong>pulsam</strong></span> <span class='ocrx_word' id='word_1_255' title='bbox 1267 3463 1388 3538; x_wconf 80' lang='lat' dir='ltr'><strong>magne</strong></span> 
     </span>
     <span class='ocr_line' id='line_1_34' title="bbox 258 3541 1387 3637; baseline 0.004 -27"><span class='ocrx_word' id='word_1_256' title='bbox 258 3560 429 3634; x_wconf 71' lang='lat' dir='ltr'><strong>campane,</strong></span> <span class='ocrx_word' id='word_1_257' title='bbox 455 3545 529 3636; x_wconf 92' lang='lat' dir='ltr'><strong>quia</strong></span> <span class='ocrx_word' id='word_1_258' title='bbox 546 3552 642 3614; x_wconf 88' lang='lat' dir='ltr'><strong>nocte</strong></span> <span class='ocrx_word' id='word_1_259' title='bbox 667 3545 926 3637; x_wconf 89' lang='lat' dir='ltr'><strong>superveniente</strong></span> <span class='ocrx_word' id='word_1_260' title='bbox 949 3544 1034 3612; x_wconf 87' lang='lat' dir='ltr'><strong>circa</strong></span> <span class='ocrx_word' id='word_1_261' title='bbox 1052 3543 1107 3612; x_wconf 89' lang='lat' dir='ltr'><strong>vii.</strong></span> <span class='ocrx_word' id='word_1_262' title='bbox 1148 3563 1254 3630; x_wconf 73' lang='lat' dir='ltr'><strong>oram,</strong></span> <span class='ocrx_word' id='word_1_263' title='bbox 1280 3541 1387 3614; x_wconf 79' lang='lat' dir='ltr'><strong>ederus</strong></span> 
     </span>
     <span class='ocr_line' id='line_1_35' title="bbox 257 3637 1387 3734; baseline 0 -26"><span class='ocrx_word' id='word_1_264' title='bbox 257 3656 324 3709; x_wconf 91' lang='lat' dir='ltr'><strong>non</strong></span> <span class='ocrx_word' id='word_1_265' title='bbox 342 3643 509 3731; x_wconf 69' lang='lat' dir='ltr'><strong>convenit,</strong></span> <span class='ocrx_word' id='word_1_266' title='bbox 534 3639 678 3734; x_wconf 89' lang='lat' dir='ltr'><strong>reliquiis</strong></span> <span class='ocrx_word' id='word_1_267' title='bbox 704 3651 815 3712; x_wconf 84' lang='lat' dir='ltr'><strong>temen</strong></span> <span class='ocrx_word' id='word_1_268' title='bbox 832 3661 907 3712; x_wconf 88' lang='lat' dir='ltr'><strong>eum</strong></span> <span class='ocrx_word' id='word_1_269' title='bbox 924 3640 1029 3733; x_wconf 87' lang='lat' dir='ltr'><strong>capite</strong></span> <span class='ocrx_word' id='word_1_270' title='bbox 1047 3641 1150 3710; x_wconf 87' lang='lat' dir='ltr'><strong>sancti</strong></span> <span class='ocrx_word' id='word_1_271' title='bbox 1167 3637 1387 3712; x_wconf 86' lang='lat' dir='ltr'><strong>Bartholomei</strong></span> 
     </span>
     <span class='ocr_line' id='line_1_36' title="bbox 257 3733 1387 3832; baseline 0.005 -26"><span class='ocrx_word' id='word_1_272' title='bbox 257 3734 401 3808; x_wconf 75' lang='lat' dir='ltr'><strong>incitan</strong></span> <span class='ocrx_word' id='word_1_273' title='bbox 418 3741 591 3832; x_wconf 76' lang='lat' dir='ltr'><strong>expositis,</strong></span> <span class='ocrx_word' id='word_1_274' title='bbox 617 3749 650 3810; x_wconf 89' lang='lat' dir='ltr'><strong>et</strong></span> <span class='ocrx_word' id='word_1_275' title='bbox 666 3747 861 3832; x_wconf 83' lang='lat' dir='ltr'><strong>exspectato</strong></span> <span class='ocrx_word' id='word_1_276' title='bbox 885 3757 1016 3825; x_wconf 72' lang='lat' dir='ltr'><strong>cesare,</strong></span> <span class='ocrx_word' id='word_1_277' title='bbox 1040 3735 1147 3809; x_wconf 89' lang='lat' dir='ltr'><strong>donce</strong></span> <span class='ocrx_word' id='word_1_278' title='bbox 1164 3738 1197 3808; x_wconf 91' lang='lat' dir='ltr'><strong>in</strong></span> <span class='ocrx_word' id='word_1_279' title='bbox 1213 3733 1387 3832; x_wconf 84' lang='lat' dir='ltr'><strong>hospitium</strong></span> 
     </span>
     <span class='ocr_line' id='line_1_37' title="bbox 256 3831 1387 3926; baseline 0.005 -22"><span class='ocrx_word' id='word_1_280' title='bbox 256 3835 438 3926; x_wconf 85' lang='lat' dir='ltr'><strong>preterissc</strong></span> <span class='ocrx_word' id='word_1_281' title='bbox 456 3859 533 3908; x_wconf 88' lang='lat' dir='ltr'><strong>eum</strong></span> <span class='ocrx_word' id='word_1_282' title='bbox 550 3837 730 3908; x_wconf 82' lang='lat' dir='ltr'><strong>nuntiatum</strong></span> <span class='ocrx_word' id='word_1_283' title='bbox 747 3843 809 3908; x_wconf 82' lang='lat' dir='ltr'><strong>ec.</strong></span> <span class='ocrx_word' id='word_1_284' title='bbox 839 3833 895 3908; x_wconf 80' lang='lat' dir='ltr'><strong>Ad</strong></span> <span class='ocrx_word' id='word_1_285' title='bbox 911 3838 1088 3906; x_wconf 78' lang='lat' dir='ltr'><strong>cresonum</strong></span> <span class='ocrx_word' id='word_1_286' title='bbox 1104 3837 1207 3908; x_wconf 91' lang='lat' dir='ltr'><strong>misso</strong></span> <span class='ocrx_word' id='word_1_287' title='bbox 1224 3831 1269 3904; x_wconf 90' lang='lat' dir='ltr'><strong>ad</strong></span> <span class='ocrx_word' id='word_1_288' title='bbox 1286 3857 1387 3910; x_wconf 81' lang='lat' dir='ltr'><strong>eosa-</strong></span> 
     </span>
    </p>
   </div>
   <div class='ocr_carea' id='block_1_5' title="bbox 257 3930 1488 4026">
    <p class='ocr_par' dir='ltr' id='par_1_7' title="bbox 257 3930 1488 4026">
     <span class='ocr_line' id='line_1_38' title="bbox 257 3930 1488 4026; baseline 0 -24"><span class='ocrx_word' id='word_1_289' title='bbox 257 3951 329 4002; x_wconf 88' lang='lat' dir='ltr'><strong>rem</strong></span> <span class='ocrx_word' id='word_1_290' title='bbox 339 3953 400 4026; x_wconf 88' lang='lat' dir='ltr'><strong>per</strong></span> <span class='ocrx_word' id='word_1_291' title='bbox 417 3930 579 4024; x_wconf 66' lang='lat' dir='ltr'><strong>dominos,</strong></span> <span class='ocrx_word' id='word_1_292' title='bbox 597 3937 626 4006; x_wconf 90' lang='lat' dir='ltr'><strong>si</strong></span> <span class='ocrx_word' id='word_1_293' title='bbox 637 3931 842 4007; x_wconf 87' lang='lat' dir='ltr'><strong>velitaudire</strong></span> <span class='ocrx_word' id='word_1_294' title='bbox 858 3933 1191 4024; x_wconf 60' lang='lat' dir='ltr'><strong>missaminquiritru„</strong></span> <span class='ocrx_word' id='word_1_295' title='bbox 1208 3941 1386 4026; x_wconf 84' lang='lat' dir='ltr'><strong>etaeccpto</strong></span> <span class='ocrx_word' id='word_1_296' title='bbox 1487 3931 1488 3951; x_wconf 64' lang='lat'>¹</span> 
     </span>
    </p>
   </div>
   <div class='ocr_carea' id='block_1_6' title="bbox 256 4027 1487 4326">
    <p class='ocr_par' dir='ltr' id='par_1_8' title="bbox 256 4027 1487 4326">
     <span class='ocr_line' id='line_1_39' title="bbox 256 4027 1387 4194; baseline 0.008 -95"><span class='ocrx_word' id='word_1_297' title='bbox 256 4049 420 4194; x_wconf 83' lang='lat' dir='ltr'><strong>responso</strong></span> <span class='ocrx_word' id='word_1_298' title='bbox 445 4029 632 4146; x_wconf 25' lang='lat' dir='ltr'><strong>missandici</strong></span> <span class='ocrx_word' id='word_1_299' title='bbox 653 4034 782 4125; x_wconf 81' lang='lat' dir='ltr'><strong>ineepu</strong></span> <span class='ocrx_word' id='word_1_300' title='bbox 805 4027 981 4146; x_wconf 74' lang='lat' dir='ltr'><strong>precidituu</strong></span> <span class='ocrx_word' id='word_1_301' title='bbox 997 4039 1039 4144; x_wconf 41' lang='lat' dir='ltr'><strong>et·</strong></span> <span class='ocrx_word' id='word_1_302' title='bbox 1053 4037 1247 4123; x_wconf 80' lang='lat' dir='ltr'><strong>exspectato</strong></span> <span class='ocrx_word' id='word_1_303' title='bbox 1271 4049 1387 4194; x_wconf 42' lang='lat' dir='ltr'><strong>octobr?</strong></span> 
     </span>
     <span class='ocr_line' id='line_1_40' title="bbox 257 4123 1487 4326; baseline 0.018 -30"><span class='ocrx_word' id='word_1_304' title='bbox 257 4123 724 4324; x_wconf 58' lang='lat' dir='ltr'><strong>§nabun</strong></span> <span class='ocrx_word' id='word_1_305' title='bbox 743 4125 1388 4320; x_wconf 54' lang='lat' dir='ltr'><strong>tssaur‘auuvauub</strong></span> <span class='ocrx_word' id='word_1_306' title='bbox 1486 4319 1487 4326; x_wconf 10' lang='grc' dir='ltr'>ψ</span> 
     </span>
    </p>
   </div>
   <div class='ocr_carea' id='block_1_7' title="bbox 0 0 1512 4822">
    <p class='ocr_par' dir='ltr' id='par_1_9' title="bbox 0 0 1512 4822">
     <span class='ocr_line' id='line_1_41' title="bbox 0 0 1512 4822; baseline 0 1"><span class='ocrx_word' id='word_1_307' title='bbox 0 0 1512 4822; x_wconf 95' lang='lat' dir='ltr'><strong> </strong></span> 
     </span>
    </p>
   </div>
  </div>
 </body>
</html>
