3012 4820
253 205 336 282 602.
647 203 812 264 urcounus
832 202 996 264 runomrn.
1052 205 1055 210 ’

168 391 239 450 1358
251 401 330 451 num
347 377 549 451 ludovicum
566 401 631 452 non
656 383 797 452 intrasse
822 402 880 473 per
903 382 1021 450 ostium
1047 377 1109 452 sed
1136 378 1288 469 abunde,
1314 381 1386 452 eius

252 480 403 567 regimen
419 479 546 571 imperii
563 489 597 549 et
613 481 708 568 regni
719 479 858 548 Romani
870 474 931 550 sibi
941 499 1062 549 nomen
1073 487 1107 546 et
1119 477 1244 549 titulum
1255 480 1388 568 regium

254 597 425 668 usurpare,
443 578 530 668 quia„
548 585 583 646 ut
599 573 679 648 durit
696 585 728 646 et
745 578 898 666 asseruit,
915 596 981 646 non
998 573 1117 648 licebat
1134 572 1196 646 sibi
1213 597 1339 646 nomen
1357 585 1389 645 et

252 673 377 744 titulum
394 677 524 764 regium
548 695 741 762 assumere,
769 683 944 766 antequam
971 674 1058 744 soret
1081 676 1153 744 eius
1179 673 1301 744 electio
1329 695 1388 765 per

253 767 368 842 sedern
386 771 598 865 apostolicam
615 768 804 865 approbata,
822 781 917 863 prout
933 773 965 844 in
982 773 1086 862 ipsius
1100 769 1220 841 domini
1232 768 1388 842 lobannis

253 871 381 962 scriptis
398 869 578 962 litterisque
596 879 629 940 et
643 861 856 964 processibus
875 866 1044 962 publicatis
1062 864 1294 962 permundum
1304 891 1390 940 arn-

256 968 375 1038 tinetru
393 975 517 1061 aperte.

302 1063 420 1151 Quinto
437 1063 514 1135 lecit
530 1075 643 1136 contra
660 1063 744 1136 dicta
762 1067 831 1135 iura
859 1074 892 1136 et
918 1063 1174 1136 consuetudines
1205 1066 1335 1158 imperii
1358 1074 1391 1136 et

192 1225 193 1230 ,
254 1165 434 1234 contraius
453 1162 569 1254 prelati
595 1161 753 1234 Ludovici
775 1183 820 1232 ex
843 1185 904 1250 eo,
929 1161 1015 1256 quod
1038 1162 1115 1234 licet
1136 1165 1210 1255 ipse
1237 1160 1390 1233 dominus
1484 1227 1485 1230 ,

254 1259 442 1333 ludovicus
461 1259 531 1348 luit,
549 1270 584 1330 ut
600 1260 719 1332 dicium
739 1271 803 1348 est,
820 1260 968 1350 legitime
986 1261 1112 1342 electus
1130 1269 1164 1330 et
1180 1257 1391 1353 postmodum
1484 1265 1485 1350 ζ

190 1399 191 1402 ¹
255 1365 289 1430 in
307 1356 393 1428 dioto
404 1356 501 1450 opido
518 1355 559 1426 de
578 1357 781 1450 Aquisgrani
804 1355 913 1430 debito
937 1357 1034 1429 modo
1060 1357 1156 1428 luerit
1179 1360 1335 1428 inunctus
1359 1367 1391 1426 et

256 1465 430 1528 coronatus
448 1457 480 1526 in
495 1477 613 1546 regern
636 1455 821 1526 Romanum
845 1454 1026 1528 secundum
1048 1454 1310 1528 consuetudines
1327 1477 1391 1548 ap-
1484 1497 1485 1506 2

74 1623 77 1630 ,
255 1550 432 1649 probatas,
462 1563 570 1624 tamen
598 1557 671 1646 ipse
699 1552 849 1624 dominus
877 1551 1041 1626 lohannes
1069 1555 1101 1623 in
1128 1555 1198 1624 suis
1223 1553 1343 1626 litteris
1360 1561 1392 1621 et
1484 1547 1485 1558 ’

161 1709 165 1716 .
256 1653 384 1744 scriptis
402 1671 462 1744 per
481 1649 636 1725 mundum
653 1648 781 1743 publice
799 1649 976 1742 divulgatis
995 1649 1095 1738 diruit5
1113 1652 1346 1743 pronunciarit
1361 1658 1393 1719 et

257 1749 411 1822 iudicavit
428 1747 469 1818 de
487 1747 585 1838 iacto,
604 1747 690 1842 quod
708 1746 814 1819 adbuc
830 1751 976 1820 vacavit¹
997 1752 1168 1841 imperium
1187 1758 1220 1819 et
1237 1745 1327 1841 quod
1338 1750 1391 1839 ip-

123 1907 128 1916 .
257 1851 326 1920 sius
356 1847 482 1939 imperii
516 1848 667 1937 regimen
696 1844 738 1916 ad
766 1848 872 1940 ipsum
899 1844 1080 1918 Iohannem
1108 1850 1182 1918 sive
1206 1845 1249 1916 ad
1277 1844 1390 1917 sedern

257 1942 468 2038 apostoboam
480 1942 661 2037 pertinebat
672 1965 844 2032 asserens,
855 1943 942 2037 quod
955 1944 1100 2037 prelatus
1114 1943 1267 2016 dominus
1276 1941 1393 2014 Ludo-

257 2045 352 2114 vicus
371 2063 436 2112 non
454 2051 581 2134 poterat
598 2045 667 2112 iura
686 2043 811 2135 immrii
825 2041 1052 2114 administrare
1070 2051 1105 2112 et
1116 2040 1202 2134 quod
1213 2044 1289 2134 ipse
1300 2063 1393 2110 rum-

228 2137 442 2210 ⁴chionatum
465 2137 823 2230 Brandcburgensem
855 2162 952 2234 quern
982 2139 1049 2212 lilio
1083 2160 1145 2216 suo
1173 2141 1393 2231 primogenito

260 2237 454 2327 contulerat
472 2247 505 2309 et
522 2245 646 2328 cetera
664 2236 870 2330 queisceret
895 2251 1047 2332 tanquam
1070 2257 1132 2308 rex
1154 2236 1393 2320 Romanorum,

259 2333 412 2409 conferre
430 2357 470 2406 ac
485 2333 598 2406 facere
621 2333 807 2406 nullatenus
831 2339 941 2428 potuit.
977 2333 1116 2428 Insuper
1139 2336 1212 2427 ipse
1228 2331 1393 2405 lebannes

264 2437 296 2504 in
314 2431 406 2506 dictis
431 2435 501 2504 suis
518 2433 632 2506 litteris
651 2443 683 2504 et
700 2431 911 2525 processibus
928 2455 1041 2526 ymmo
1060 2435 1173 2506 verius
1195 2427 1392 2502 excessibus

261 2529 429 2602 mandavit
445 2527 594 2602 omuibus
613 2541 677 2601 mm
702 2528 906 2602 secularibus
924 2553 1022 2624 quam
1047 2531 1286 2604 eeclesiastiois
1315 2549 1394 2622 per-

261 2631 352 2702 sonis
377 2631 409 2698 in
429 2630 547 2700 virtute
571 2626 764 2699 obediencie
788 2640 821 2700 et
838 2627 899 2700 sub
927 2629 1282 2702 excommunicacionis
1311 2647 1394 2720 pena

261 2731 295 2796 in
311 2747 473 2818 personas
497 2736 531 2796 et
552 2725 712 2797 interdicti
730 2729 763 2796 in
779 2736 887 2798 terras
911 2747 1025 2820 eorum
1050 2748 1113 2798 nec
1137 2747 1203 2796 non
1221 2721 1283 2796 sub
1302 2729 1394 2817 penis

262 2826 460 2916 privacionis
494 2825 742 2916 privilegiorum
778 2844 1044 2918 quorumcunque
1077 2822 1333 2918 apostolicorum
1365 2831 1396 2891 et

262 2921 476 3014 imperialium
495 2943 534 2992 ao
550 2919 736 3010 feudorum,
754 2945 817 3014 que
833 2920 874 2994 ab
894 2923 1036 2996 ecclesio
1056 2923 1110 2994 vel
1137 2923 1277 3012 imperio
1308 2917 1395 3008 obti-

262 3028 354 3108 nent
371 3017 546 3090 districtius
564 3016 737 3090 inhibendo
755 3023 805 3092 eis
818 3073 833 3111 p
847 3043 889 3091 ne
907 3019 1053 3114 predicto
1078 3017 1210 3092 domino
1226 3015 1396 3088 Ludovico

205 3145 208 3150 ·
262 3121 296 3188 in
312 3119 482 3210 premissis
500 3116 557 3188 vel
575 3116 659 3204 aliis,
677 3119 829 3207 regimen
845 3121 940 3209 regni
955 3118 1014 3190 uel
1031 3121 1156 3210 imperii
1171 3113 1395 3205 tangentibus

262 3227 416 3308 tanquam
442 3215 516 3306 regi
545 3237 605 3286 seu
630 3217 663 3284 in
686 3235 803 3305 regem
831 3215 1054 3286 Romanorum
1080 3215 1186 3287 electo
1211 3211 1397 3293 obedirent

263 3324 419 3406 parerent
437 3335 497 3385 seu
519 3312 739 3399 intenderent,
757 3311 908 3407 quodque
925 3313 1033 3384 eidem
1044 3311 1212 3384 Ludovico
1229 3333 1298 3383 non
1317 3333 1397 3405 pre-

263 3410 380 3482 berent
393 3411 578 3500 consilium,
595 3410 751 3481 auxilium
762 3410 817 3482 vel
836 3410 988 3484 ieronem
996 3414 1029 3482 in
1039 3408 1201 3504 aliquibus
1213 3412 1397 3502 spectanti-

265 3506 342 3580 bus²
360 3507 402 3578 ad
421 3511 582 3600 regimem
609 3509 734 3601 imperii
760 3507 918 3601 prelibati.
952 3507 995 3580 Et
1024 3512 1128 3580 eciam
1155 3511 1187 3578 in
1215 3509 1297 3600 ipsis
1333 3508 1398 3578 suis

265 3609 393 3700 seriptis
418 3617 451 3676 et
478 3605 592 3678 litteris
616 3628 656 3676 ao
679 3603 890 3697 processibus
914 3606 995 3678 dixit
1020 3616 1053 3678 et
1070 3603 1237 3692 intimuit
1254 3602 1344 3698 quod
1360 3600 1397 3672 nd

265 3708 417 3776 concitem
433 3702 639 3774 Palantinum
656 3705 690 3772 in
707 3725 787 3774 casu
805 3705 911 3797 aliquo
937 3705 1122 3776 nullatenus
1133 3699 1321 3796 pertinebat
1336 3700 1397 3772 ad-

264 3804 458 3876 ministratio
474 3803 599 3894 imperii
618 3804 765 3872 vocantis
786 3799 847 3872 sed
862 3800 968 3874 solum
994 3801 1035 3872 ad
1054 3800 1167 3874 sedeur
1186 3801 1397 3894 apostolicam

265 3903 337 3993 ipso
355 3897 596 3970 administracio
607 3896 802 3991 pertinebat,
820 3895 904 3970 etob
918 3897 1062 3994 hocipse
1074 3895 1396 3970 domiuuslohanues

266 3997 308 4068 de
325 3998 411 4068 facto
428 3998 570 4068 vicarios
589 4016 668 4068 suos
685 3995 761 4066 lecit
777 4005 811 4066 et
827 4000 989 4068 constituit
1005 4001 1039 4068 iu
1057 3997 1252 4082 menania,
1271 3997 1327 4088 qui
1344 3995 1396 4086 pro

267 4099 339 4189 ipso
357 4094 502 4166 iohanne
519 4095 629 4166 omnio
647 4096 716 4164 iura
734 4093 811 4164 dicti
822 4099 919 4186 regni
937 4105 971 4166 et
987 4097 1113 4190 imperii
1124 4093 1395 4174 adminsuareot,

322 4213 351 4285 1)
368 4212 472 4270 vocarit
490 4214 531 4272 bs.
566 4213 597 4284 2)
617 4213 832 4285 exspectantibus
851 4215 894 4272 hs.
