2960 4832
251 177 322 252 tao
566 171 741 232 uumorcus
761 173 805 232 oa
819 171 1083 232 urassuuuovun.

168 363 236 418 tooo
252 351 491 422 Constanciam.
510 349 552 419 Et
569 371 642 420 oum
661 351 710 420 eis
727 353 819 419 venit
837 344 1392 444 episcopusVincentinusEgidius

250 445 757 542 nominequimissusfueratad
767 447 1161 540 imperatoremKarolum
1172 446 1258 518 etad
1269 469 1393 540 regern
1469 449 1470 474 ³

167 625 171 635 ,
252 547 399 637 ungarie
422 544 635 617 Ludewioum
660 555 693 616 et
720 544 760 614 ad
784 543 948 638 predictos
976 545 1125 617 dominos
1153 543 1257 616 duces
1287 567 1393 640 super

171 679 178 689 ·
252 643 373 716 auxilio
390 666 475 738 pape
493 653 527 713 et
543 643 686 716 ecclesie
703 641 911 736 inpendendo
929 654 1041 714 oonua
1049 642 1288 714 vicecomitem
1297 641 1392 714 Bar-

251 739 414 814 nabonem
431 741 564 812 mibtem
581 739 879 830 Mediolanensem,
904 745 957 835 qui
980 751 1057 812 tunc
1080 744 1237 835 temporis
1258 739 1392 812 obsedit

250 841 444 929 Bononiamp
465 838 523 910 sed
542 839 643 910 frater
661 861 743 912 suus
759 836 888 912 obsedit
904 841 1069 912 civitatem
1087 839 1282 912 Astansem.
1313 839 1392 910 Rex

251 959 334 1008 veru
365 937 512 1029 Ungarie
540 947 572 1008 et
600 937 722 1008 domini
748 936 851 1010 duces
878 935 1013 1030 predicti
1041 939 1200 1009 miserunt
1228 935 1390 1008 auxilium
1470 963 1471 998 r

251 1037 403 1106 ecclesie.
428 1035 611 1129 Imperator
626 1056 711 1106 vcro
730 1055 809 1106 suos
833 1035 962 1126 legatos
981 1037 1067 1107 misit
1084 1035 1125 1106 ad
1142 1056 1264 1130 papam
1281 1033 1392 1106 luno-

251 1136 393 1204 centium
410 1136 454 1203 vi.
473 1143 629 1228 repetens
647 1155 789 1224 regnum
806 1133 1007 1206 Arelatense
1025 1143 1059 1204 et
1076 1133 1232 1206 auxilium
1250 1153 1340 1226 pape
1357 1143 1393 1202 ut

250 1241 363 1323 posset
379 1229 616 1323 Langobardos
633 1230 768 1302 domare
786 1231 929 1304 ollerens
947 1235 1120 1304 sciturum
1145 1232 1176 1300 in
1194 1229 1338 1318 ltaliam„
1364 1233 1391 1301 si

251 1351 311 1400 sua
329 1330 446 1420 peticio
463 1331 495 1399 in
508 1331 679 1424 premissis
693 1329 913 1402 exaudiretur.
965 1329 1148 1424 Episcopus
1159 1349 1244 1398 vero
1255 1326 1392 1399 Vicen-

251 1429 335 1496 tinus
360 1436 493 1521 propter
515 1430 777 1520 procurationem
800 1427 851 1498 clii
875 1427 944 1500 llor.
970 1425 1030 1498 sibi
1053 1426 1135 1498 inira
1161 1425 1306 1496 triduum
1324 1447 1390 1496 non
1471 1513 1472 1522 ἦ

251 1523 391 1595 solutam
424 1523 589 1596 interdixit
622 1525 798 1596 ecclesiam
829 1524 1116 1596 Constantiensem
1146 1534 1178 1594 et
1208 1527 1390 1596 canonicos
1471 1529 1472 1556 ³

251 1625 556 1694 excommunicavit.
573 1620 616 1693 Et
633 1621 837 1694 interdictum
848 1621 978 1693 duravit
990 1644 1055 1693 una
1067 1644 1140 1693 cum
1152 1623 1391 1692 excommuni-

250 1722 385 1790 cationis
404 1723 565 1790 sententia
583 1743 601 1790 a
620 1742 653 1790 v.
673 1719 746 1790 idus
764 1717 905 1790 octobris
923 1742 1029 1814 usque
1046 1719 1087 1790 ad
1104 1717 1177 1792 idus
1188 1716 1389 1790 decembris.

251 1816 292 1886 Et
308 1816 371 1886 boo
388 1815 503 1888 accidit
519 1826 652 1911 propter
669 1817 815 1888 celerem
832 1839 1004 1889 recessum
1014 1817 1318 1911 predictiepiscopi
1338 1817 1390 1909 qui

250 1918 282 1984 in
294 1915 610 1986 curiaAvinionensi
623 1915 811 1986 tantumfuit
821 1925 982 2008 repertus.
999 1912 1042 1985 Et
1053 1918 1096 1986 vi.
1109 1914 1181 1986 idus
1192 1911 1390 1986 novembris

119 2056 123 2062 -
250 2009 452 2082 habebantur
478 2011 588 2082 divina
616 2011 701 2105 apud
729 2022 877 2084 sanctum
902 2012 1038 2084 Paulum
1066 2023 1100 2082 et
1126 2010 1210 2106 apud
1236 2021 1390 2082 sanctum

249 2106 441 2199 Iohannem
465 2108 524 2182 sed
548 2129 614 2180 non
631 2108 717 2203 apud
744 2107 892 2182 sanctum
909 2109 1111 2203 Stephanum
1127 2120 1263 2204 propter
1279 2111 1391 2180 inter-

250 2204 369 2284 dictum
397 2210 540 2302 episcopi
570 2206 848 2296 massanensis„
887 2210 1004 2278 necin
1033 2207 1175 2280 eeclesia
1202 2205 1389 2279 kathedrali

251 2313 383 2398 propter
399 2304 603 2376 interdictum
621 2307 765 2398 episcopi
785 2303 947 2376 Vicentini
965 2305 1088 2399 dequo
1106 2323 1215 2398 supra.

251 2473 328 2544 llam
345 2477 435 2641 pppd
450 2476 629 2640 tpbperotor
639 2479 768 2546 vacuant
778 2477 825 2544 ud
839 2495 874 2544 sc
893 2477 1005 2544 ducem
1018 2441 1146 2548 duania
1161 2483 1197 2543 ot
1213 2479 1341 2546 ueniret
1356 2479 1388 2544 a
1473 2519 1474 2560 3

376 2591 457 2641 ¹urrc
501 2591 567 2661 erp.

298 2703 380 2776 ltcm
397 2727 514 2778 mense
531 2704 721 2779 novembris
739 2729 825 2778 anno
838 2707 882 2778 lx.
896 2706 1037 2780 llarolus
1055 2710 1232 2802 imperator
1249 2711 1386 2779 vocavit

251 2801 292 2874 ad
310 2825 348 2876 se
365 2801 529 2874 dominum
546 2803 724 2876 Rudollum
741 2805 859 2876 duoem
874 2805 1025 2895 nustria,
1047 2813 1081 2876 ut
1098 2808 1229 2876 veniret
1239 2804 1290 2876 ‘ad
1308 2829 1386 2876 eum

251 2905 284 2980 in
295 2898 648 2994 Nurrenberginfesto
660 2907 764 2976 sancti
775 2901 915 2974 Martini.
933 2901 1028 2989 Quod
1040 2901 1169 2974 etfacit.
1188 2899 1230 2972 llt
1248 2899 1293 2973 ibi
1310 2927 1387 2974 eum

251 2997 437 3070 informavit
454 2999 496 3070 de
513 2998 705 3095 quibusdam
722 2999 816 3072 lactis
834 3023 898 3094 que
921 3000 1042 3072 decent
1062 3002 1257 3094 principem
1278 2999 1323 3075 tu
1340 3004 1390 3072 sic

251 3101 403 3190 graciose
431 3096 471 3167 ab
499 3102 570 3192 ipso
597 3096 779 3186 recedens,
811 3102 904 3170 venit
930 3119 1003 3168 cum
1030 3119 1137 3170 uxore
1164 3119 1223 3170 sua
1254 3095 1387 3170 domina

251 3292 441 3364 Constantia
459 3298 598 3386 peregit,
623 3298 820 3387 imperatore
838 3297 869 3364 in
888 3291 1106 3385 Niirrenberg
1122 3304 1332 3382 remanente„
1356 3305 1389 3363 et

250 3411 334 3557 papa
351 3387 548 3506 lnnoccncio
565 3395 608 3463 vi.
627 3393 660 3462 in
677 3391 922 3506 Avinione31lt
939 3395 987 3462 sic
1003 3414 1109 3506 annus
1128 3391 1172 3461 lx.
1190 3392 1386 3510 completur.

281 3497 293 3556 t
310 3509 415 3560 annus
432 3487 488 3560 bu.
508 3487 750 3584 subsequenter
767 3487 967 3561 describitur.
1249 3511 1255 3518 ·

250 3643 327 3711 llam
345 3647 436 3728 peste
453 3643 534 3709 unni
551 3644 606 3710 lsi.
628 3641 777 3730 Qualiter
789 3663 883 3731 papo
901 3651 933 3712 et
948 3615 1127 3730 turparetur
1138 3649 1170 3711 at
1180 3645 1250 3710 duc
1258 3645 1388 3712 duania

349 3742 549 3808 nativitatem
566 3743 690 3809 damini
702 3743 893 3830 peraperta!
908 3749 940 3810 el
954 3741 1017 3808 ubi.

299 3873 458 3968 Incipiunt
481 3883 576 3965 gesta
602 3878 678 3944 anni
702 3873 757 3946 lxi.
776 3873 864 3967 Papa
881 3871 1090 3944 lnnooentius
1110 3875 1152 3943 vi.
1182 3875 1386 3946 nativitatem

250 3972 369 4042 domini
387 3975 517 4066 peragit
533 3970 720 4064 alvinione7
751 3975 927 4066 imperator
944 3969 1084 4043 Karolus
1102 3973 1154 4040 iiii.
1176 3973 1209 4040 in
1227 3969 1386 4042 Nilrren-

249 4067 346 4160 berg,
364 4068 514 4140 dominus
532 4091 615 4140 vero
632 4069 793 4142 Rudollus
812 4069 879 4142 dux
896 4068 1032 4142 Austrie
1050 4067 1217 4140 Karinune
1237 4079 1272 4140 et
1288 4070 1386 4140 Stiria

251 4189 324 4236 cum
348 4189 453 4238 uxore
477 4189 536 4238 sua
565 4177 597 4238 et
623 4166 724 4238 fratre
748 4189 808 4240 suo
837 4166 919 4242 duee
944 4165 1110 4242 Friderioo
1137 4169 1170 4238 in
1194 4165 1386 4240 Constantia
