2904 4822
252 233 300 308 56
440 259 443 266 v
565 229 739 290 namucus
759 229 803 289 nn
822 229 1087 288 nussunovmv.

257 406 426 495 Quomodo
447 407 591 478 tiaratos
612 409 700 477 accit
720 405 778 500 [tc
802 403 1012 500 comitatum]
1039 405 1155 477 Ttrottc
1172 415 1205 477 ct
1225 410 1260 477 to
1283 405 1398 500 ittoi-

351 503 477 598 ciom,]
494 505 551 573 ott
567 505 681 575 ottuttt
694 507 866 576 Luctcuico
883 513 916 574 ct
927 507 999 588 filio
1015 525 1074 574 cuo
1091 506 1277 575 morcttom'
1292 503 1399 599 [oet-

353 599 442 696 tom']
460 610 638 694 campestre
654 607 744 692 qaod
758 613 865 674 tomen
877 603 1021 697 porffict
1036 601 1125 696 ooo]
1137 609 1293 694 potcrot¹

172 756 242 812 taut
305 740 406 811 Anno
423 759 486 833 quo
504 760 615 832 supra
638 737 794 810 videlicet
815 738 932 827 xlvii,
956 759 1072 810 manse
1095 759 1179 809 vcro
1196 739 1310 832 aprilis
1330 761 1399 810 rex

256 836 397 909 Karolus
420 839 561 907 munitus
586 837 707 908 auxilio
723 834 943 930 predictorum
965 846 999 905 ct
1013 835 1141 906 illorum
1159 834 1200 906 de
1217 835 1319 908 Scala
1341 839 1400 930 qui

255 936 423 1007 Veronam
443 943 476 1005 ct
499 933 658 1027 qrrasdam
682 937 831 1006 civitates
855 930 947 1005 Italic
965 933 1189 1026 possidebant7
1212 938 1309 1006 venit
1327 957 1399 1006 us-

256 1055 319 1128 quc
337 1031 377 1102 ad
389 1041 531 1104 castrum
542 1032 671 1124 Tpolis
683 1031 725 1102 ad
736 1042 881 1103 montem
891 1029 1011 1103 dictum
1019 1029 1155 1119 iuven&
1173 1053 1270 1126 quern
1282 1053 1399 1126 prop-

253 1143 306 1203 ter
321 1126 539 1200 difficrntatcm
556 1151 675 1223 passus
694 1139 728 1200 et
745 1133 849 1200 eciam
866 1127 1031 1200 defectum
1041 1129 1228 1201 victualium
1245 1134 1399 1202 mansue

255 1250 323 1300 non
338 1225 484 1316 valebat,
502 1225 597 1321 opida
621 1237 654 1298 et
670 1227 767 1300 villas
785 1230 870 1296 inter
888 1225 1068 1320 predictum
1085 1237 1229 1300 castrum
1246 1237 1283 1298 et
1300 1230 1399 1299 civi-

254 1336 354 1398 tatem
372 1322 592 1395 Tridentinam
609 1327 713 1419 posita
732 1346 793 1397 seu
811 1327 903 1413 sitos,
921 1322 963 1393 da
1025 1322 1096 1396 ibus
1114 1325 1243 1418 plenam
1262 1329 1399 1420 nequi·-

253 1420 309 1494 bat
331 1420 454 1492 habere
472 1420 721 1512 mundericum,
744 1421 898 1510 incendit,
922 1445 962 1491 ac
978 1347 1097 1508 galindo
1114 1421 1244 1494 vadens
1263 1443 1399 1496 vorsus

252 1519 411 1609 Briuiamq
430 1541 493 1613 quc
511 1522 544 1590 in
560 1519 735 1592 Alamania
754 1522 813 1592 sita
834 1529 898 1608 est„
915 1522 949 1589 in
960 1542 1022 1612 qua
1030 1523 1157 1591 invenit
1170 1517 1401 1592 Ludewicum

275 1613 433 1688 redictum
458 1639 531 1688 cum
559 1616 624 1688 titio
643 1639 703 1690 suo
721 1615 922 1706 marchione„
940 1619 994 1710 qui
1010 1638 1151 1689 uxorem
1167 1617 1277 1688 fratris
1296 1621 1401 1710 regis

230 1641 364 1787 immo
390 1738 455 1786 una
484 1737 558 1785 cum
585 1719 736 1786 comitatu
763 1714 880 1786 Tirolis
908 1712 950 1783 de
968 1713 1103 1786 consilio
1120 1717 1220 1808 patris
1238 1724 1273 1785 ct
1300 1724 1400 1786 terre

252 1811 407 1886 nobilium
418 1810 609 1901 miscuerat,
621 1816 669 1885 eis
680 1813 823 1884 offerens
834 1808 957 1883 bellum
968 1823 1162 1906 campestre.
1174 1811 1270 1899 Quod
1282 1812 1402 1885 verbo

253 1921 457 2004 acceptatum
477 1920 541 1999 ast,
560 1910 619 1982 sed
637 1909 773 1982 effectus
791 1932 857 1980 non
868 1909 926 1980 tuit
937 1907 1146 2000 subsecutus
1165 1913 1271 1981 eciam
1283 1933 1402 2005 prop-

253 2019 305 2080 tcr
322 2006 486 2078 deiectum
502 2006 691 2079 victualium
703 2031 766 2102 que
783 2006 849 2080 illio
865 2005 943 2078 vehi
954 2029 1020 2078 non
1029 2018 1189 2102 poterant.
1206 2005 1250 2080 Et
1268 2011 1323 2080 sic
1341 2009 1401 2080 illa

255 2107 478 2196 congregacio
496 2109 632 2177 evanuit
648 2108 721 2178 sinc
738 2102 838 2194 belim
857 2102 898 2174 ad
915 2115 1044 2199 tempus
1061 2115 1254 2176 revertente
1271 2103 1403 2177 Lude·

255 2205 343 2276 wico
369 2205 403 2274 in
419 2201 620 2292 Bawariam,
648 2201 836 2276 marchione
863 2202 980 2273 Tirolis
1007 2213 1213 2292 remanente,
1242 2213 1278 2274 ct
1304 2225 1401 2296 rege

251 2297 373 2375 Karolo
390 2303 423 2372 in
441 2303 563 2395 campIs
581 2299 746 2373 militante.

255 2541 424 2633 Quomodo
442 2548 534 2610 cocto
550 2542 650 2609 irruit
663 2539 811 2610 morctto
829 2543 863 2610 tn
880 2544 1057 2610 coercitum
1081 2543 1227 2630 episcopt
1246 2541 1403 2614 coriac-

351 2641 398 2707 m‘s
414 2642 472 2725 poi
488 2638 553 2722 soit
568 2641 609 2708 dc
626 2643 778 2710 comitiva
794 2639 920 2730 Korotr',
938 2647 971 2709 ct
985 2643 1143 2728 quosdam
1154 2641 1403 2728 occidttpuoc-

352 2739 430 2806 dom
446 2740 630 2825 coptr‘ocott.

301 2870 421 2944 Mense
444 2892 527 2942 vero
544 2873 622 2941 iunii
645 2874 721 2942 anni
744 2871 890 2966 predicti„
914 2872 1069 2944 videlicet
1092 2873 1167 2942 anni
1190 2871 1297 2943 xlvii.
1319 2887 1404 2968 post

144 3047 148 3054 ,
251 2967 406 3042 Iohannis
423 2967 563 3062 baptiste
580 2966 657 3038 dum
675 2974 839 3042 exercitus
852 2973 995 3065 episcopi
1008 2969 1190 3058 Curicnsis,
1209 2971 1263 3064 qui
1282 2972 1404 3044 inad-

251 3071 402 3140 iutorium
418 3066 531 3137 Karoli
548 3074 688 3137 venerat
706 3076 738 3136 et
755 3066 796 3138 dc
814 3071 966 3140 comitiva
979 3066 1089 3138 Karoli
1100 3067 1218 3155 fuerat,
1237 3065 1281 3136 de
1293 3081 1404 3142 nocte
1449 3147 1450 3152 ,

253 3170 450 3261 quiesceret
475 3175 507 3234 et
530 3186 612 3257 aqua
632 3174 735 3251 essctq
765 3188 828 3260 que
845 3164 959 3237 dicitur
976 3161 1036 3235 dar
1051 3162 1123 3254 Ine„
1140 3165 1225 3235 inter
1242 3165 1403 3240 militiam
1449 3165 1450 3186 ¹

253 3259 448 3334 marchionis
477 3271 509 3331 et
537 3263 682 3355 episcopi
710 3261 891 3352 Curiensis7
919 3266 1114 3356 intempeste
1132 3264 1237 3332 noctis
1255 3261 1403 3337 silent-io

253 3383 338 3452 gens
356 3357 552 3430 marchionis
570 3369 703 3452 pontem
721 3358 781 3431 sihi
797 3359 919 3432 iaciunt
935 3360 1018 3431 ultra
1037 3359 1171 3430 nuvium
1190 3357 1316 3431 dictum
1336 3360 1404 3436 Ine

252 3459 286 3527 et
301 3461 427 3527 irruunt
445 3478 614 3548 supercos
633 3465 666 3526 et
675 3457 787 3549 plures
799 3457 961 3546 occidunt„
980 3456 1138 3552 quosdam
1150 3477 1234 3527 vcro
1245 3463 1402 3552 capiunt

249 3553 340 3626 Inter
364 3576 445 3648 quos
473 3555 532 3626 fuit
553 3553 684 3626 Uiricus
709 3558 883 3649 episcopus
908 3553 1090 3644 Curiensis,
1113 3552 1326 3645 Beringerus
1355 3557 1403 3630 da
1448 3573 1449 3613 t

250 3649 482 3742 Landenberg„
501 3674 582 3746 quos
594 3661 706 3746 captos
718 3675 832 3724 secum
850 3651 1013 3724 abducunt
1023 3663 1056 3723 et
1065 3655 1286 3742 incarcerant,
1303 3673 1403 3746 rege

251 3748 374 3821 Karulo
392 3747 477 3844 apud
495 3746 683 3819 Tridentum
701 3751 948 3821 commorante.³

287 3896 317 3965 1)
337 3896 419 3951 durch
439 3897 486 3951 das
506 3895 684 3952 abschneiden
704 3896 751 3952 des
770 3897 867 3953 rondes
885 3898 979 3954 wurde
998 3897 1073 3953 diosa
1092 3896 1255 3952 uberschrio
1273 3898 1403 3960 rocken—
1447 3929 1448 3960 1

250 3967 314 4022 nott.
340 3967 481 4035 2J1cuten
507 3967 641 4023 zwischen
666 3967 787 4024 Passeier
811 3970 865 4024 und
879 3969 1010 4040 Steming.
1036 3968 1067 4036 3)
1087 3967 1184 4023 Dicson
1211 3969 1330 4027 ubertati
1353 3974 1402 4030 bai
1447 3983 1448 4021 t

250 4038 364 4104 Tramin,
389 4038 446 4093 also
473 4055 505 4093 an
525 4038 573 4092 dor
591 4039 670 4093 Etsch
697 4040 750 4094 und
776 4039 848 4095 nicht
868 4057 908 4095 am
927 4040 991 4108 ina,
1016 4037 1169 4094 bacchraibt
1187 4039 1254 4094 auch
1276 4041 1402 4100 Goswin

251 4125 305 4164 von
329 4109 503 4177 Muricnberg.
524 4108 726 4178 Uebersetzung
744 4109 770 4165 in
786 4111 836 4167 den
857 4111 934 4167 Beitr.
954 4128 1002 4167 rur
1020 4109 1113 4166 Gcsch.
1133 4125 1187 4165 von
1207 4109 1280 4166 Tircl
1301 4111 1404 4184 maa,

253 4178 426 4304 {pippipaitext
450 4178 493 4235 bei
518 4179 617 4250 Rubor,
635 4181 821 4253 Vcreiniguug
845 4183 929 4239 Tirols
955 4183 1002 4238 mit
1026 4179 1201 4238 Oeetorrcich.
1228 4181 1357 4256 Anhang
1377 4204 1403 4244 s.
