3036 4822
418 261 591 322 ceremon.
605 259 801 321 rmssouou
820 259 1019 319 srmmsmn.
1210 263 1283 336 347

152 437 336 515 clectus'in
361 439 585 535 episcopatum
612 439 698 509 anno
727 437 846 509 domini
875 439 1117 510 msseoonxmvi.
1141 441 1174 507 in
1198 437 1283 510 festo

150 539 250 612 beate
261 541 418 611 lieterine
432 543 570 630 virginis
590 540 683 627 [nov.
696 535 774 626 251„
792 536 917 606 resedit
933 539 1028 606 annis
1040 537 1148 622 xxvii
1167 556 1284 606 mense

147 635 366 724 nmo-diebus
385 657 457 709 sex.
493 637 555 724 Qui
572 634 650 706 obiit
665 655 752 705 anno
774 633 894 705 domini
911 634 1129 705 m.occ.lx.iii.¹
1149 636 1183 703 in
1199 631 1284 706 lecto

151 747 343 808 sanctorum
358 734 573 806 innocentum
592 731 680 823 [deo.
693 731 770 822 28]π
789 731 937 824 sepultus
955 741 1032 801 anie
1049 729 1152 802 altere
1170 739 1284 802 sancte

154 833 255 907 Anne
272 836 305 903 in
323 830 488 924 madibus.

202 931 397 1026 Lampertos
421 929 463 1001 de
478 930 581 1019 Burn,
605 930 681 1001 olim
706 925 807 998 abbas
825 930 858 998 in
875 924 1114 1019 Gengenbaob
1137 927 1202 998 liiii.
1221 948 1285 998 ee-

154 1033 258 1104 olcsie
270 1028 436 1124 Spirensis
451 1031 638 1122 episeopus,
655 1024 795 1100 resedit²
807 1029 839 1096 in
851 1048 890 1096 ea
902 1029 996 1097 annis
1013 1027 1108 1113 xviii,
1127 1035 1160 1095 et
1169 1035 1285 1118 postca

153 1128 196 1200 ed
224 1127 401 1198 ecclesiam
423 1125 707 1217 bambergensem
733 1125 911 1196 translatus
939 1132 1001 1196 est.
1035 1120 1118 1194 Item
1142 1121 1283 1194 llarolus

154 1235 289 1322 quartus
306 1223 529 1294 Romanorum
546 1245 608 1296 rex
627 1223 700 1294 buio
718 1225 873 1316 episeopo
889 1219 1063 1292 Lamberto
1085 1223 1194 1290 onmia
1211 1223 1285 1314 pri-

153 1325 294 1414 megin
318 1345 337 1392 a
363 1325 431 1395 suis
455 1317 748 1416 predecessoribus
773 1317 916 1390 ecclesie
936 1318 962 1389 S
984 1321 1085 1390 irenei
1110 1339 1284 1406 concessoq

153 1417 304 1508 rescribi
322 1423 476 1490 renovari
495 1428 529 1488 et
545 1417 728 1490 confirmari
746 1416 822 1488 leoit
840 1425 872 1486 et
889 1415 949 1490 sub
963 1342 1067 1504 bulla„
1092 1438 1156 1510 que
1173 1414 1286 1487 Koro-

152 1519 219 1592 linn
238 1517 364 1606 dieitur,
382 1515 554 1588 tradidit.³'

203 1614 347 1688 Adollus
366 1614 408 1685 de
419 1613 609 1688 Nassauwe
626 1617 672 1688 lv.
691 1614 834 1686 ecclesie
844 1611 1012 1707 Spirensis
1031 1615 1206 1705 episcopus
1223 1633 1286 1682 re-

154 1715 240 1786 sedit
256 1717 290 1783 in
308 1735 349 1784 ea
366 1717 460 1784 annis
477 1735 526 1786 xv
544 1723 577 1784 et
602 1724 717 1806 postea
736 1710 778 1781 ad
802 1712 977 1784 eeclesiam
995 1708 1287 1802 Mogontinensem

152 1811 333 1884 translatus
352 1820 412 1881 est.
827 1893 830 1900 ,

203 1908 361 1979 Nicolaus
387 1905 430 1977 de
453 1906 639 1982 Wlsbaden
662 1907 718 1978 lvi.
744 1907 886 1980 ecclesie
904 1905 1071 2000 Spirensis
1098 1907 1287 1998 episcopus„

153 2017 231 2078 octo
248 2026 353 2076 annos
371 2003 482 2076 babuit
503 2006 578 2077 lites
597 2025 671 2074 oum
688 2005 815 2098 prelato
833 2003 955 2076 Adollo
978 2025 1038 2096 pro
1055 2005 1125 2097 ipsa
1145 2001 1287 2073 eeclesia

154 2103 319 2198 Spirensi,
343 2113 376 2172 et
392 2103 524 2173 tandem
542 2099 677 2172 obtinuit
693 2100 834 2172 eandem
852 2105 883 2172 in
902 2104 990 2172 curia
1009 2101 1157 2171 Romana
1176 2109 1288 2170 contra

154 2201 319 2295 prelatum
336 2197 503 2270 Adollam.
538 2199 581 2271 Et
603 2221 648 2270 ex
669 2209 744 2292 post
768 2221 828 2292 per
851 2210 978 2292 septem
1004 2219 1109 2268 annos
1135 2205 1287 2290 tanquam

156 2295 264 2368 bonus
287 2305 401 2389 postor
418 2307 451 2368 et
467 2296 625 2391 providus
649 2297 763 2391 presul
779 2295 866 2366 bene
890 2292 1095 2387 gubernabat
1111 2294 1288 2366 ecclesiam

156 2404 305 2468 suamet
327 2403 427 2464 totam
450 2393 619 2481 diocesim„
645 2393 744 2464 multa
769 2397 872 2465 eciam
898 2391 1023 2464 edificia
1041 2395 1072 2462 in
1092 2389 1208 2460 eadem
1232 2391 1289 2461 lo·

155 2491 276 2564 ciendo
293 2499 326 2560 et
342 2491 568 2564 restaurando.
604 2489 751 2562 Tandem
769 2489 894 2562 obiitin
913 2501 1021 2562 castro
1038 2486 1208 2560 Brucbsell
1228 2485 1289 2559 sub

156 2611 245 2661 anno
263 2592 477 2660 moecxcvi.
492 2593 552 2660 vii.
571 2588 643 2662 idos
662 2593 739 2660 iunii
760 2591 841 2680 [iun.
861 2588 915 2678 7]Ἲ
934 2587 1082 2682 sepultus
1099 2588 1132 2656 in
1150 2606 1289 2679 corpore

154 2687 301 2759 ecclesie
318 2684 496 2780 Spirensis.

204 2781 364 2856 Rabanus
393 2783 434 2854 de
460 2781 623 2857 Helmstat
645 2784 712 2858 lvii.
739 2786 881 2860 ecclesie
905 2785 1072 2878 Spirensis
1101 2783 1290 2876 episeopus,

155 2884 284 2954 electus
302 2879 344 2950 ad
362 2885 585 2976 episcopatum
609 2903 696 2952 anno
713 2882 832 2954 domini
851 2883 1078 2970 mcccxcvip
1103 2900 1189 2950 anno
1205 2902 1291 2951 vero

155 2979 279 3051 domini
296 2983 535 3052 mccccmi.
553 2982 732 3052 translatus
756 2989 808 3052 est
831 2979 872 3050 ad
899 2980 1075 3051 ecclesiam
1092 2980 1290 3049 Treveren·

157 3099 244 3164 sem,
269 3073 401 3146 obtenta
425 3081 588 3148 tamenin
612 3076 839 3149 commendam
867 3078 1009 3148 eeclesia
1033 3075 1191 3170 Spirensi.
1228 3077 1291 3162 Qui

154 3174 290 3246 tandem
317 3173 404 3245 anno
427 3173 547 3245 domini
575 3176 858 3248 mccccxxxuiii.
877 3185 995 3248 octava
1015 3173 1067 3243 die
1092 3176 1216 3243 mensis
1235 3176 1290 3242 ia-

154 3275 262 3343 nuerii
280 3292 354 3342 cum
373 3292 539 3344 consensu
558 3273 687 3366 capituli
705 3276 737 3344 in
755 3273 905 3344 lavorern
917 3267 1094 3343 lleinhardi
1112 3269 1153 3339 de
1168 3269 1290 3340 Helm-

155 3379 234 3458 stat
257 3379 335 3439 tuno
357 3371 513 3463 prepositi
531 3367 711 3462 Spirensis
729 3374 839 3443 cessit.
877 3369 936 3441 Cui
955 3367 1084 3463 quidem
1102 3365 1290 3439 Reinbardo

152 3465 330 3558 Eugenius
354 3487 438 3560 papa
462 3477 596 3560 quartus
622 3465 764 3561 providit
788 3467 830 3538 de
854 3469 995 3540 ecclesia
1020 3463 1169 3559 Spirensi
1193 3485 1291 3537 com-

144 3559 345 3634 mendando
367 3561 427 3634 sibi
443 3569 683 3658 preposituram
694 3564 886 3658 Spirensem
906 3569 1003 3636 oertis
1022 3568 1126 3634 annis.
1153 3561 1292 3635 Resedit

153 3665 266 3754 itaque
283 3660 429 3754 prelatus
440 3659 598 3734 Rabanus
616 3666 648 3733 in
667 3661 808 3734 ecclesia
827 3663 975 3758 Spirensi
992 3663 1060 3732 xliii
1079 3664 1186 3750 annis,
1203 3658 1290 3729 bene

156 3781 199 3836 ao
215 3754 355 3852 provide
380 3756 519 3829 eandem
537 3783 577 3830 ao
593 3769 692 3832 totam
717 3759 863 3833 diocesin
884 3758 1109 3852 gubernando.
1146 3755 1290 3848 Magnos

156 3877 300 3949 namque
318 3853 428 3926 subire
446 3854 577 3929 labores
587 3879 654 3928 non
665 3861 834 3931 recusavit
847 3881 910 3928 nec
927 3855 1092 3927 abhorruit
1109 3855 1208 3926 multa
1225 3857 1290 3948 pati

155 3951 358 4040 discrimina
380 3964 414 4024 ut
432 3954 554 4025 utilitati
571 3954 750 4048 reipublice
766 3955 945 4048 prudenter
963 3964 995 4024 et
1012 3958 1096 4024 iuste
1115 3951 1290 4024 consulere
1359 3983 1363 3990 ·

140 4059 283 4144 'posset
312 4049 486 4124 attendens
516 4052 601 4146 quod
619 4053 663 4143 hb
692 4058 744 4148 qui
762 4075 821 4148 pro
837 4051 1004 4147 republica
1028 4053 1231 4139 interierunt,
1258 4051 1291 4120 in

211 4196 241 4278 ¹}
265 4197 327 4252 W.:
352 4215 441 4254 mccc.
477 4199 520 4267 25
535 4199 595 4256 W.:
621 4201 696 4257 sedit
736 4203 767 4272 3)
792 4203 864 4258 wohl
890 4201 934 4257 dic
959 4197 1149 4257 urbertas
1172 4215 1227 4274 apr.
1246 4199 1292 4270 20,

145 4267 279 4339 ‚uenum
297 4269 349 4326 litt.
371 4268 395 4337 l,
412 4269 546 4326 cesti.
