2904 4822
333 210 843 270 rmnmccscacmssmuovm.
1131 212 1180 287 37

70 361 169 436 delicet
182 364 266 454 xlii,
284 367 353 438 viii.
371 365 435 438 lral.
454 371 528 437 maii
544 370 628 459 [apr.
640 365 705 457 24]
722 365 799 439 obiit
813 364 1012 440 Benedictus
1022 367 1078 440 xit.
1096 367 1183 461 apud
1199 369 1266 426 ¹342

68 462 205 534 Aviuion.
230 468 266 534 in
291 485 352 534 suo
377 465 502 557 palacio
520 465 605 558 quod
623 465 847 557 sollempniter
863 475 1090 560 reparaverat,
1107 464 1184 537 licet

68 559 118 630 ulia
133 562 291 632 relatione
308 562 408 652 digna
426 584 492 632 non
509 565 763 654 attemptaverit,
781 567 843 634 nisi
861 561 946 656 quod
964 566 1049 633 oiroa
1072 584 1182 654 regu-

67 657 107 726 las
126 659 357 748 religiosorum
380 659 606 730 reformandas
630 657 800 730 laboravit.
829 658 921 730 Sedit
944 669 1053 730 numm
1078 681 1183 730 annos

66 851 159 942 pullus
177 863 291 924 autem
307 855 341 923 in
360 854 500 924 ecclesia
516 853 748 924 Avinionensi.
767 852 959 925 Cardinales
977 874 1061 924 vero
1077 876 1110 924 x.
1129 851 1183 924 die

64 959 126 1039 post
147 947 270 1020 obitum
293 973 379 1042 pape
401 950 569 1021 Benedicti
586 953 641 1021 xii.
666 954 698 1020 in
715 952 841 1042 palacio
858 951 1092 1038 Avinionensi,
1109 960 1182 1019 ter-

63 1049 103 1114 cia
118 1045 167 1116 die
183 1057 262 1140 post
276 1048 506 1136 inclusionem,
524 1046 677 1119 videlicet
692 1067 797 1118 nonas
814 1051 890 1118 maii
910 1051 989 1138 [mai
1001 1046 1040 1138 7]
1060 1048 1183 1138 elege-

64 1153 125 1212 mut
140 1149 337 1215 unanimiter
358 1167 459 1216 unum
477 1167 522 1216 ex
539 1166 590 1232 se,
614 1149 668 1238 qui
691 1155 767 1216 ante
790 1145 897 1218 bremt
917 1143 1182 1240 archiepiscopus

62 1237 330 1333 touomagensis
348 1241 391 1312 de
409 1264 473 1337 quo
491 1241 615 1314 dicetm
630 1241 723 1314 inira.

62 1443 103 1511 lie
120 1446 280 1516 Clemente
302 1449 343 1516 oi.
361 1453 394 1515 et
414 1449 484 1516 mcc
499 1449 641 1538 octibns5
658 1452 699 1520 de
716 1452 861 1538 modam
877 1451 1034 1520 seditione
1043 1469 1100 1519 sea
1110 1453 1183 1521 dis-

147 1547 269 1612 cordia
285 1553 361 1613 orta
377 1547 462 1613 inter
478 1549 625 1616 consules
643 1556 675 1616 et
689 1551 899 1616 ocrnmcniter
916 1551 1001 1618 ciues
1020 1550 1183 1617 comean-

144 1644 265 1710 ticnscs
288 1645 452 1728 wcmodo
474 1645 589 1712 aaran
606 1648 759 1714 canonici
778 1647 1035 1715 contentiones
1053 1649 1184 1718 ratione

148 1741 319 1810 interdicti
334 1741 608 1828 proclamabant
620 1745 831 1833 atntecpntri
841 1745 1015 1830 etqccndo
1032 1749 1182 1830 tempore.

999 1840 1078 1928 Cap.
1096 1842 1182 1912 ciiii.

98 1971 198 2042 Anno
223 1968 345 2040 domini
362 1970 553 2042 mmccxlii.
572 1993 676 2044 nonas
689 1975 764 2044 maii
776 1973 925 2045 dominus
936 1973 1051 2043 Petrus
1069 1971 1183 2043 archi-

58 2071 223 2161 episcopus
240 2065 522 2157 Rothomagensis
538 2071 572 2140 in
584 2091 746 2140 summum
756 2070 942 2163 pontificem
953 2071 1183 2161 eligituruna-

56 2167 176 2236 nimiter
194 2188 215 2235 a
233 2162 465 2254 cardinalibus,
484 2169 630 2260 quiante
649 2177 719 2238 erat
735 2165 915 2238 monachus
939 2166 1060 2238 ordinis
1079 2169 1182 2240 sancti

55 2259 217 2334 Benedicti
228 2259 537 2356 etarcbiepiscopus
548 2261 839 2356 Rolbomagensis,
858 2262 1091 2335 deindelactus
1103 2287 1183 2335 car-

57 2356 163 2430 dinalis
195 2381 257 2452 per
286 2380 405 2452 papam
425 2359 639 2431 Benedictum
660 2365 749 2450 xii,
773 2384 867 2434 suum
896 2359 1183 2452 predecessorem,

60 2457 176 2529 electus
194 2461 229 2525 in
247 2477 410 2527 summum
433 2457 618 2550 pontificem
635 2469 774 2532 vocatus
793 2469 845 2530 est
868 2457 1023 2528 Clemens
1041 2461 1085 2529 vi.
1111 2457 1184 2528 Co-

57 2654 95 2720 nii
112 2653 192 2741 [moi
213 2650 275 2739 19]
296 2655 371 2721 amri
389 2651 531 2744 predicti.
555 2650 598 2722 Et
613 2657 793 2724 maximum
809 2653 884 2724 lecit
899 2655 1088 2724 convivium
1105 2675 1183 2724 om-

56 2745 143 2820 nibus
162 2745 358 2834 curialibus3
375 2748 582 2842 presentibus
595 2753 699 2821 eciam
710 2750 775 2821 filio
784 2754 877 2840 regis
887 2749 1025 2820 Francie
1035 2749 1183 2843 Philippi,

58 2844 135 2916 duce
144 2844 353 2937 Burgundie,
371 2849 488 2917 comite
498 2844 675 2937 Sabaudie,
692 2847 823 2918 Dellino
834 2857 867 2917 et
877 2847 948 2920 aliis
960 2845 1105 2941 pluribus
1115 2869 1184 2917 no-

55 2939 176 3014 bilibus.
196 2943 289 3013 Fecit
302 2947 406 3014 eclam
423 2948 560 3034 gratim
574 2946 768 3034 generalem
785 2943 935 3016 omnibus
949 2945 1075 3016 clericis
1094 2967 1183 3038 pau-

57 3038 184 3131 peribus
202 3063 222 3110 a
240 3039 294 3110 die
312 3061 373 3110 sue
390 3045 607 3113 coronationis
624 3063 730 3136 usque
748 3042 789 3113 ad
807 3042 927 3114 festum
945 3040 1183 3114 sanctiloban-

56 3141 102 3207 nis
124 3135 267 3230 baptiste
289 3137 474 3208 immediate
500 3137 716 3232 subsequens.
742 3137 968 3210 Cardinalibus
993 3161 1067 3207 eum
1086 3141 1183 3208 etiam

57 3233 262 3324 eligentibus,
281 3243 317 3304 ut
325 3237 426 3305 moris
438 3245 501 3324 est,
518 3236 645 3328 largam
657 3235 870 3307 donacionem
882 3235 1024 3306 donavit.
1042 3234 1095 3305 Ex
1107 3235 1184 3328 qui-

58 3328 113 3402 bus
130 3336 220 3402 misit
241 3341 321 3402 tuno
342 3331 425 3403 duos
444 3337 618 3426 episcopos
635 3333 830 3423 cardinales,
848 3333 1002 3404 videlicet
1019 3332 1184 3404 dominum

57 3427 186 3499 Petrum
202 3429 448 3500 Prenest'rinum
464 3431 773 3502 vicecancellarium
788 3441 822 3501 et
839 3429 1003 3501 dominum
1022 3428 1184 3501 Hanibal-

58 3525 129 3596 dum
146 3527 383 3614 tusculanum,
401 3537 436 3598 ut
451 3537 587 3618 treugas
605 3526 753 3598 facerent
768 3532 853 3599 inter
863 3525 1184 3618 regesFrancieno-

58 3626 141 3692 mine
158 3622 339 3716 Philippum
363 3633 396 3693 et
411 3623 614 3696 Edwardum
631 3626 899 3716 regemAnglie.
923 3625 1013 3712 Quas
1037 3625 1185 3695 lecerunt

58 3719 94 3788 ad
112 3723 301 3810 trigonium,
314 3721 389 3791 licet
398 3743 461 3792 rex
470 3722 595 3812 Anglie
606 3733 740 3814 treugas
753 3734 865 3816 ruptas
876 3744 937 3814 per
946 3744 1063 3812 regem
1074 3719 1184 3791 Fran-

59 3818 104 3885 cie
120 3829 391 3910 conquereretur,
414 3829 450 3888 ut
465 3819 548 3890 inira
566 3819 697 3912 patebit,
722 3843 765 3890 ex
790 3840 853 3914 quo
870 3823 988 3890 iterum
1005 3819 1182 3890 dissensio¹

58 3917 139 3984 inter
161 3919 251 4008 ipsos
274 3925 464 3986 renovatur.
488 3915 573 3987 Nam
596 3939 659 3988 rex
676 3917 800 4008 Anglie
818 3921 849 3986 in
868 3917 980 3987 litteris
999 3935 1080 4008 quas
1099 3936 1184 4009 pape

60 4008 218 4102 dirigebat
234 4035 271 4082 se
288 4034 406 4104 rogem
423 4012 561 4084 Franoie
578 4037 617 4084 ao
627 4015 752 4104 Anglie
768 4011 958 4101 intitulabat,
977 4010 1062 4106 quod
1074 4020 1107 4082 et
1123 4032 1185 4081 re-

65 4108 315 4196 giFrancorum
333 4110 504 4206 displicuit,
528 4115 620 4184 omas
638 4115 735 4184 etiam
752 4121 847 4183 tenor
862 4110 945 4182 inira
962 4113 1106 4185 insertus
1124 4119 1185 4187 est.

93 4218 123 4288 l)
142 4217 275 4278 tanum
294 4222 335 4282 hs.
