2982 4824
310 222 488 284 montilli
506 220 698 282 molismum
716 225 823 284 GESTA
842 223 1081 286 tmeunnoutttt
1182 227 1251 306 661

125 397 211 498 (prod
222 424 241 472 a
251 421 336 496 papa
354 403 656 474 exeommunioatus
668 403 832 492 extiterat,
848 398 1027 474 honorilice
1038 399 1254 478 corrodimur

125 499 168 572 de
184 500 407 572 Romanorum
425 499 594 572 voluntate
620 503 765 594 suscepit
781 503 877 594 eique
894 499 1034 572 Romani
1051 499 1168 574 laudes
1185 505 1254 574 inu-³

124 600 285 694 paratoria
303 597 578 669 aoolamaverunt.

172 694 287 789 ltaque
304 692 418 766 diebus
442 695 555 788 pauois
579 693 699 767 ibidem
717 699 864 770 exercitu
884 706 1036 768 recreato
1051 695 1159 769 multis
1177 719 1255 770 eum

124 788 350 866 eomitantibus
376 813 422 864 ex
444 791 601 866 Romanis
625 815 765 885 regnum
791 815 1011 888 possessurus
1034 798 1175 867 intravit.
1208 797 1256 868 At

122 913 187 964 rex
203 890 248 962 ilb
272 909 368 983 quam
388 891 498 962 totius¹
519 893 591 964 eius
614 889 783 964 eonatibus
801 913 840 964 se
863 890 982 963 obieoit
1005 895 1101 988 eique
1116 892 1255 966 viriliter
1357 961 1362 968 .

123 985 280 1062 obviavit
313 987 478 1080 Faotoque
501 1007 686 1080 oongressu
713 989 827 1079 [1268
850 1011 927 1081 aug.
945 987 1025 1080 23],
1048 991 1125 1062 lieet
1147 994 1198 1062 sui
1220 994 1253 1066 in

123 1089 280 1182 principio
306 1084 469 1176 lugerint,
502 1088 575 1181 ipse
607 1095 817 1158 tamencum
846 1090 917 1157 aeia
946 1107 1006 1160 sua
1034 1085 1076 1158 de
1103 1087 1255 1162 omnibus

123 1182 299 1276 magnifiee
316 1181 525 1276 triumphavit
537 1194 571 1254 et
583 1181 722 1256 bostium
739 1183 942 1256 multitudine
958 1187 1151 1278 interempta
1168 1187 1255 1258 reli*

123 1303 206 1377 quos
230 1284 343 1376 paucis
367 1278 584 1354 evadentibus
601 1283 789 1375 captivavit.
815 1282 862 1353 At
879 1279 1091 1371 Gorradinusa
1119 1285 1254 1376 quinon

123 1383 305 1452 intraverat
325 1377 476 1472 prelium,
501 1377 562 1450 sed
579 1376 747 1472 speetabat
763 1378 806 1450 de
823 1377 919 1450 hoste
943 1377 1151 1474 triumphum,
1179 1399 1255 1452 oum

122 1474 412 1548 animadvertisset
438 1472 690 1548 debellationem
720 1497 878 1565 suorum,
912 1497 987 1548 oum
1020 1480 1138 1548 oomite
1168 1477 1254 1549 dioto

122 1574 276 1645 Galvano
298 1574 436 1667 eiusque
453 1571 518 1645 fibo
536 1571 686 1646 Gallione
703 1585 735 1646 et
753 1595 827 1645 oum
850 1573 914 1645 alio
938 1573 1090 1667 modam
1115 1578 1168 1668 qui
1186 1573 1255 1646 dux

121 1672 260 1744 Austris
283 1669 462 1756 dieebatm„
487 1679 520 1740 et
542 1693 616 1743 oum
639 1675 757 1743 oomita
775 1669 924 1742 Gerar-do
943 1670 986 1741 de
1002 1671 1099 1765 Pysis
1116 1691 1156 1743 se·
1172 1671 1254 1764 linge

122 1772 293 1841 oommisit.
319 1768 362 1840 Et
385 1766 426 1837 ad
445 1768 601 1840 Asturam
628 1780 756 1862 portum
773 1771 873 1841 maris
897 1789 963 1841 non
986 1768 1088 1860 longa
1105 1766 1145 1840 ab
1170 1765 1254 1854 urbe

121 1867 308 1937 deveniens
331 1887 423 1936 mure
446 1864 489 1936 ibi
515 1863 612 1936 barca
631 1866 789 1938 eonducta
813 1869 947 1938 intravit
967 1869 1101 1958 ignotus
1123 1869 1253 1962 penitus

119 1968 230 2035 nautis
247 1972 311 2034 tam
329 1967 401 2056 ipse
414 1981 510 2056 quam
529 1967 619 2036 sooii.
639 1961 870 2054 Atiobmnos,
885 1967 940 2059 qui
957 1963 1063 2036 dietus
1079 1963 1253 2037 estFrau-

119 2065 274 2156 gepunisq
300 2064 352 2156 qui
370 2057 556 2132 dominabat
570 2065 603 2132 in
623 2059 758 2150 Asture,
782 2059 912 2134 buroam
935 2062 1024 2132 illam
1041 2065 1179 2154 navigio
1194 2065 1253 2132 in·-

120 2167 257 2232 seoutus
275 2157 489 2230 Corrudinum
515 2180 589 2230 oum
607 2161 705 2231 sociis
724 2162 809 2252 oepit
825 2168 859 2232 et
876 2179 952 2231 eum
969 2157 1011 2229 ad
1029 2168 1172 2232 casuum
1189 2181 1252 2230 re·

120 2257 223 2329 duxit
249 2254 318 2328 Sed
341 2258 600 2349 superveniente
622 2257 700 2327 illue
716 2277 797 2328 essu
812 2254 972 2345 leuberto,
996 2257 1050 2349 qui
1072 2255 1176 2326 diutim
1201 2262 1254 2327 est

119 2355 164 2426 de
184 2353 317 2442 Avens,
384 2356 394 2422 i
412 2373 554 2444 maguus
572 2353 775 2425 oonsiliarius
793 2357 885 2445 regie
903 2362 986 2440 erat,
1005 2349 1065 2424 sub
1073 2373 1168 2520 pena
1188 2373 1253 2423 ea*

119 2455 196 2546 pitis
213 2449 297 2522 dieto
314 2450 350 2522 lo
373 2454 450 2520 anni
468 2448 646 2542 mandavit
664 2461 700 2523 ut
715 2455 805 2546 ipsos
823 2472 905 2545 quos
923 2459 1057 2545 oeperat
1095 2452 1254 2520 estiuaret

119 2549 162 2620 ad
180 2571 307 2641 regam.
333 2549 395 2636 Qui
411 2551 558 2642 protinus
579 2548 766 2620 mandatum
782 2548 942 2641 implevit,
966 2549 1116 2642 quamvis
1134 2546 1254 2619 dolens

119 2647 185 2718 boe
207 2645 349 2732 laoeret,
381 2666 422 2716 eo
446 2645 532 2739 quod
560 2668 645 2719 avus
669 2644 838 2717 Corradini
862 2667 938 2718 eum
961 2645 1092 2716 militem
1116 2643 1252 2716 leoerat.

118 2744 292 2838 Dompnus
318 2743 483 2816 Henrious
506 2767 525 2814 a
550 2741 689 2838 quodam
715 2740 836 2814 abbate.
858 2743 1006 2816 deteetus
1031 2763 1075 2812 ex
1099 2741 1253 2812 mandato

119 2863 207 2937 pape
223 2845 299 2933 regi
316 2851 368 2912 est
385 2844 588 2931 assignatus
612 2839 688 2912 dato
704 2841 759 2912 illo
776 2840 942 2932 mandato,
959 2837 1045 2936 quod
1062 2843 1169 2934 ipsum
1185 2861 1253 2911 non

118 2937 451 3130 obstitit-“bil
462 2938 860 3130 ldidbilliii
877 2937 1255 3128 liiiddllii

120 3155 219 3207 sores
242 3144 355 3205 uonna
378 3137 531 3206 iustitiam
548 3137 644 3226 regui
667 3131 766 3204 abeo
789 3136 869 3205 iussi
888 3141 965 3204 sunt
986 3129 1155 3219 deoolleri
1177 3151 1254 3202 oum

120 3239 216 3304 esset
231 3252 299 3303 uon
316 3231 423 3305 solum
436 3253 500 3304 rex
519 3229 578 3304 sed
598 3233 740 3303 vicarius
758 3233 790 3301 in
807 3230 926 3302 'lusoia
943 3229 1029 3302 foret
1044 3230 1180 3322 imperii.

172 3327 281 3400 Unum
299 3327 352 3400 bio
366 3328 523 3418 referam„
545 3329 630 3423 quod
648 3349 713 3400 non
731 3331 853 3400 entium
870 3326 942 3399 iore
957 3323 1142 3398 taeendnm.
1168 3323 1254 3398 Nam

119 3433 154 3499 in
170 3426 267 3498 Prato
284 3425 406 3497 Pioeuo
424 3426 544 3500 'lbsoie
562 3425 627 3497 duo
644 3437 739 3498 eraut
760 3426 879 3499 irenes
897 3425 1062 3512 carnales„
1084 3423 1130 3496 de
1151 3426 1254 3518 pub-ia

118 3537 231 3597 nmen
249 3524 311 3595 alia
330 3523 470 3611 oriundi,
495 3526 598 3618 quiin
615 3533 724 3596 eastre
742 3523 860 3595 eodem
878 3527 973 3596 annis
997 3532 1092 3594 erant
1106 3518 1254 3616 pluribus

119 3623 323 3711 eonversati
340 3624 373 3692 in
389 3619 500 3693 babitu
517 3619 676 3715 siquidem
693 3621 832 3694 honesto
850 3629 884 3692 et
900 3620 1023 3708 humili,
1047 3619 1127 3690 nulli
1143 3629 1254 3691 tamen

119 3729 158 3792 ut
180 3723 297 3792 estimo
321 3719 474 3810 religioni
498 3722 628 3790 astricti.
656 3717 726 3791 Hiis
750 3722 858 3813 itaque
875 3722 908 3789 in
928 3716 1064 3790 meridie
1081 3715 1255 3788 dormien-

120 3815 208 3888 iibus
225 3820 336 3888 visum
354 3826 406 3890 est
421 3819 550 3906 iuniori,
568 3815 653 3911 quod
671 3818 857 3910 pulsaretur
873 3813 914 3884 ad
931 3823 1067 3908 portam.
1094 3815 1155 3902 Qui
1173 3834 1255 3886 sur-

120 3935 210 4008 gens
227 3913 269 3985 ad
296 3911 437 3988 bostium
460 3918 669 4009 properavita
697 3917 855 3986 iuvenem
882 3910 1081 3983 admodum
1110 3912 1254 3984 oursoris

120 4015 282 4084 assistere
299 4015 401 4106 portis
418 4014 544 4084 invenit
561 4009 671 4084 babitu
687 4012 756 4083 levi
773 4008 873 4082 valde
891 4012 1059 4097 veroum,
1084 4011 1136 4102 qui
1155 4004 1195 4080 ab
1213 4029 1255 4078 eo

120 4109 166 4182 de
183 4113 238 4184 via
256 4111 371 4204 petivit
387 4119 422 4182 et
438 4107 651 4184 (lorradiuum
673 4113 794 4182 vietum
812 4129 892 4182 asse
909 4130 929 4179 a
945 4105 1068 4178 Karolo
1084 4107 1254 4178 nuntiavit.

178 4231 209 4300 l)
227 4247 303 4304 mant
323 4230 405 4288 totius
424 4230 461 4288 ist
479 4230 522 4288 ein
541 4231 734 4290 sobreibiebler
748 4230 796 4288 der
808 4229 849 4287 bs.
862 4227 994 4302 vielleiebi
1007 4233 1071 4302 stati
1088 4228 1254 4304 maroelus.
