<?xml version="1.0" encoding="UTF-8"?>
<!DOCTYPE html PUBLIC "-//W3C//DTD XHTML 1.0 Transitional//EN"
    "http://www.w3.org/TR/xhtml1/DTD/xhtml1-transitional.dtd">
<html xmlns="http://www.w3.org/1999/xhtml" xml:lang="en" lang="en">
 <head>
  <title>
</title>
<meta http-equiv="Content-Type" content="text/html;charset=utf-8" />
  <meta name='ocr-system' content='tesseract 3.04.00' />
  <meta name='ocr-capabilities' content='ocr_page ocr_carea ocr_par ocr_line ocrx_word'/>
</head>
<body>
  <div class='ocr_page' id='page_1' title='image "./fontesrerumgerm01hubegoog_0307.png"; bbox 0 0 2900 4820; ppageno 0'>
   <div class='ocr_carea' id='block_1_1' title="bbox 249 209 1076 294">
    <p class='ocr_par' dir='ltr' id='par_1_1' title="bbox 249 209 1076 294">
     <span class='ocr_line' id='line_1_1' title="bbox 249 209 1076 294; baseline -0.005 -22"><span class='ocrx_word' id='word_1_1' title='bbox 249 213 324 294; x_wconf 72' lang='lat'><em>230</em></span> <span class='ocrx_word' id='word_1_2' title='bbox 552 209 1076 274; x_wconf 76' lang='lat' dir='ltr'><em>nonnosumwumunouusrs.</em></span> 
     </span>
    </p>
   </div>
   <div class='ocr_carea' id='block_1_2' title="bbox 105 387 1435 2944">
    <p class='ocr_par' dir='ltr' id='par_1_2' title="bbox 166 387 1433 1959">
     <span class='ocr_line' id='line_1_2' title="bbox 166 387 1430 486; baseline 0 -24"><span class='ocrx_word' id='word_1_3' title='bbox 166 391 353 483; x_wconf 72' lang='lat' dir='ltr'><em>usurpem</em></span> <span class='ocrx_word' id='word_1_4' title='bbox 373 389 459 460; x_wconf 81' lang='lat' dir='ltr'><em>erite</em></span> <span class='ocrx_word' id='word_1_5' title='bbox 479 387 636 478; x_wconf 72' lang='lat' dir='ltr'><em>notisque</em></span> <span class='ocrx_word' id='word_1_6' title='bbox 650 395 791 460; x_wconf 77' lang='lat' dir='ltr'><em>reorum</em></span> <span class='ocrx_word' id='word_1_7' title='bbox 807 389 1081 460; x_wconf 67' lang='lat' dir='ltr'><em>deliberacionem</em></span> <span class='ocrx_word' id='word_1_8' title='bbox 1101 387 1231 473; x_wconf 75' lang='lat' dir='ltr'><em>referte.</em></span> <span class='ocrx_word' id='word_1_9' title='bbox 1266 389 1382 486; x_wconf 75' lang='lat' dir='ltr'>Illique</span> <span class='ocrx_word' id='word_1_10' title='bbox 1429 433 1430 482; x_wconf 71' lang='lat'>;</span> 
     </span>
     <span class='ocr_line' id='line_1_3' title="bbox 251 483 1382 582; baseline 0.003 -25"><span class='ocrx_word' id='word_1_11' title='bbox 251 495 415 562; x_wconf 81' lang='lat' dir='ltr'><em>exeuntes</em></span> <span class='ocrx_word' id='word_1_12' title='bbox 433 485 552 580; x_wconf 83' lang='lat' dir='ltr'><em>diuque</em></span> <span class='ocrx_word' id='word_1_13' title='bbox 570 483 804 576; x_wconf 68' lang='lat' dir='ltr'><em>deliberantes,</em></span> <span class='ocrx_word' id='word_1_14' title='bbox 822 484 863 557; x_wconf 87' lang='lat' dir='ltr'><em>ed</em></span> <span class='ocrx_word' id='word_1_15' title='bbox 874 489 1037 582; x_wconf 87' lang='lat' dir='ltr'><em>principes</em></span> <span class='ocrx_word' id='word_1_16' title='bbox 1048 485 1193 576; x_wconf 64' lang='lat' dir='ltr'><em>rediere,</em></span> <span class='ocrx_word' id='word_1_17' title='bbox 1210 511 1382 582; x_wconf 85' lang='lat' dir='ltr'><em>perunum</em></span> 
     </span>
     <span class='ocr_line' id='line_1_4' title="bbox 251 582 1382 679; baseline 0 -23"><span class='ocrx_word' id='word_1_18' title='bbox 251 587 360 657; x_wconf 87' lang='lat' dir='ltr'><em>oivem</em></span> <span class='ocrx_word' id='word_1_19' title='bbox 371 582 599 676; x_wconf 82' lang='lat' dir='ltr'><em>Meguutinum</em></span> <span class='ocrx_word' id='word_1_20' title='bbox 617 583 659 656; x_wconf 89' lang='lat' dir='ltr'><em>de</em></span> <span class='ocrx_word' id='word_1_21' title='bbox 677 583 829 660; x_wconf 80' lang='lat' dir='ltr'><em>mundato</em></span> <span class='ocrx_word' id='word_1_22' title='bbox 847 587 991 658; x_wconf 88' lang='lat' dir='ltr'><em>omnium</em></span> <span class='ocrx_word' id='word_1_23' title='bbox 1005 585 1112 656; x_wconf 79' lang='lat' dir='ltr'><em>taliter</em></span> <span class='ocrx_word' id='word_1_24' title='bbox 1122 586 1382 679; x_wconf 83' lang='lat' dir='ltr'><em>respondentes:</em></span> 
     </span>
     <span class='ocr_line' id='line_1_5' title="bbox 250 681 1385 774; baseline -0.003 -15"><span class='ocrx_word' id='word_1_25' title='bbox 250 681 410 759; x_wconf 75' lang='lat' dir='ltr'><em>Domine!</em></span> <span class='ocrx_word' id='word_1_26' title='bbox 426 685 572 756; x_wconf 67' lang='lat' dir='ltr'><em>dormies</em></span> <span class='ocrx_word' id='word_1_27' title='bbox 588 685 805 774; x_wconf 77' lang='lat' dir='ltr'><em>aduerterunt,</em></span> <span class='ocrx_word' id='word_1_28' title='bbox 822 686 963 772; x_wconf 73' lang='lat' dir='ltr'><em>qualiter</em></span> <span class='ocrx_word' id='word_1_29' title='bbox 975 703 1070 774; x_wconf 88' lang='lat' dir='ltr'><em>popo</em></span> <span class='ocrx_word' id='word_1_30' title='bbox 1087 703 1160 756; x_wconf 88' lang='lat' dir='ltr'><em>eum</em></span> <span class='ocrx_word' id='word_1_31' title='bbox 1176 687 1385 758; x_wconf 68' lang='lat' dir='ltr'><em>eremmon</em></span> 
     </span>
     <span class='ocr_line' id='line_1_6' title="bbox 251 781 1384 874; baseline -0.003 -17"><span class='ocrx_word' id='word_1_32' title='bbox 251 783 681 874; x_wconf 75' lang='lat' dir='ltr'><em>ommnrmperuenrtur.</em></span> <span class='ocrx_word' id='word_1_33' title='bbox 708 781 831 853; x_wconf 79' lang='lat' dir='ltr'><em>mmo</em></span> <span class='ocrx_word' id='word_1_34' title='bbox 845 783 1066 854; x_wconf 83' lang='lat' dir='ltr'><em>otottutesooo</em></span> <span class='ocrx_word' id='word_1_35' title='bbox 1076 785 1306 872; x_wconf 79' lang='lat' dir='ltr'><em>posetnteture</em></span> <span class='ocrx_word' id='word_1_36' title='bbox 1322 787 1384 854; x_wconf 78' lang='lat' dir='ltr'><em>mu</em></span> 
     </span>
     <span class='ocr_line' id='line_1_7' title="bbox 251 881 1431 972; baseline -0.002 -16"><span class='ocrx_word' id='word_1_37' title='bbox 251 899 325 956; x_wconf 70' lang='lat' dir='ltr'><em>mern</em></span> <span class='ocrx_word' id='word_1_38' title='bbox 341 883 487 970; x_wconf 75' lang='lat' dir='ltr'><em>imperto,</em></span> <span class='ocrx_word' id='word_1_39' title='bbox 505 888 538 952; x_wconf 90' lang='lat' dir='ltr'><em>et</em></span> <span class='ocrx_word' id='word_1_40' title='bbox 552 881 683 972; x_wconf 82' lang='lat' dir='ltr'><em>imperit</em></span> <span class='ocrx_word' id='word_1_41' title='bbox 698 882 780 952; x_wconf 82' lang='lat' dir='ltr'><em>teoto</em></span> <span class='ocrx_word' id='word_1_42' title='bbox 796 899 910 952; x_wconf 88' lang='lat' dir='ltr'><em>eorurn</em></span> <span class='ocrx_word' id='word_1_43' title='bbox 925 883 1175 952; x_wconf 76' lang='lat' dir='ltr'><em>otidestruetto:</em></span> <span class='ocrx_word' id='word_1_44' title='bbox 1191 883 1385 954; x_wconf 64' lang='lat' dir='ltr'><em>odorum</em></span> <span class='ocrx_word' id='word_1_45' title='bbox 1430 887 1431 890; x_wconf 67' lang='lat'>‘</span> 
     </span>
     <span class='ocr_line' id='line_1_8' title="bbox 247 979 1383 1074; baseline 0.002 -26"><span class='ocrx_word' id='word_1_46' title='bbox 247 998 343 1074; x_wconf 86' lang='lat' dir='ltr'><em>popo</em></span> <span class='ocrx_word' id='word_1_47' title='bbox 366 981 400 1048; x_wconf 80' lang='lat' dir='ltr'><em>to</em></span> <span class='ocrx_word' id='word_1_48' title='bbox 427 979 546 1048; x_wconf 73' lang='lat' dir='ltr'><em>utros</em></span> <span class='ocrx_word' id='word_1_49' title='bbox 567 981 744 1068; x_wconf 78' lang='lat' dir='ltr'><em>persistere</em></span> <span class='ocrx_word' id='word_1_50' title='bbox 771 981 878 1068; x_wconf 86' lang='lat' dir='ltr'><em>uellet,</em></span> <span class='ocrx_word' id='word_1_51' title='bbox 909 997 969 1050; x_wconf 82' lang='lat' dir='ltr'><em>nos</em></span> <span class='ocrx_word' id='word_1_52' title='bbox 995 983 1108 1069; x_wconf 81' lang='lat' dir='ltr'><em>inopes</em></span> <span class='ocrx_word' id='word_1_53' title='bbox 1135 981 1286 1050; x_wconf 70' lang='lat' dir='ltr'><em>onomius</em></span> <span class='ocrx_word' id='word_1_54' title='bbox 1314 985 1383 1068; x_wconf 79' lang='lat' dir='ltr'><em>otte,</em></span> 
     </span>
     <span class='ocr_line' id='line_1_9' title="bbox 251 1079 1432 1176; baseline 0.002 -29"><span class='ocrx_word' id='word_1_55' title='bbox 251 1096 334 1169; x_wconf 79' lang='lat' dir='ltr'><em>quus</em></span> <span class='ocrx_word' id='word_1_56' title='bbox 353 1079 570 1166; x_wconf 85' lang='lat' dir='ltr'><em>eopttuoerr&#39;ot</em></span> <span class='ocrx_word' id='word_1_57' title='bbox 584 1079 710 1148; x_wconf 80' lang='lat' dir='ltr'><em>domini</em></span> <span class='ocrx_word' id='word_1_58' title='bbox 720 1080 890 1170; x_wconf 78' lang='lat' dir='ltr'><em>principes</em></span> <span class='ocrx_word' id='word_1_59' title='bbox 907 1079 1037 1170; x_wconf 81' lang='lat' dir='ltr'><em>imperti</em></span> <span class='ocrx_word' id='word_1_60' title='bbox 1049 1079 1097 1148; x_wconf 86' lang='lat' dir='ltr'><em>uri</em></span> <span class='ocrx_word' id='word_1_61' title='bbox 1110 1081 1384 1150; x_wconf 66' lang='lat' dir='ltr'><em>munumentum</em></span> <span class='ocrx_word' id='word_1_62' title='bbox 1431 1112 1432 1176; x_wconf 61' lang='lat' dir='ltr'><em>p</em></span> 
     </span>
     <span class='ocr_line' id='line_1_10' title="bbox 250 1177 1432 1268; baseline 0.003 -24"><span class='ocrx_word' id='word_1_63' title='bbox 250 1178 336 1264; x_wconf 70' lang='lat' dir='ltr'><em>nero,</em></span> <span class='ocrx_word' id='word_1_64' title='bbox 357 1177 512 1248; x_wconf 79' lang='lat' dir='ltr'><em>tororum</em></span> <span class='ocrx_word' id='word_1_65' title='bbox 530 1183 562 1246; x_wconf 85' lang='lat' dir='ltr'><em>et</em></span> <span class='ocrx_word' id='word_1_66' title='bbox 580 1178 797 1268; x_wconf 77' lang='lat' dir='ltr'><em>inteprr&#39;totem</em></span> <span class='ocrx_word' id='word_1_67' title='bbox 819 1179 948 1266; x_wconf 74' lang='lat' dir='ltr'><em>imperit</em></span> <span class='ocrx_word' id='word_1_68' title='bbox 968 1179 1088 1248; x_wconf 77' lang='lat' dir='ltr'><em>erimus</em></span> <span class='ocrx_word' id='word_1_69' title='bbox 1108 1177 1243 1248; x_wconf 81' lang='lat' dir='ltr'><em>otedtre</em></span> <span class='ocrx_word' id='word_1_70' title='bbox 1260 1186 1294 1248; x_wconf 87' lang='lat' dir='ltr'><em>et</em></span> <span class='ocrx_word' id='word_1_71' title='bbox 1308 1197 1384 1248; x_wconf 85' lang='lat' dir='ltr'><em>mu-</em></span> <span class='ocrx_word' id='word_1_72' title='bbox 1431 1181 1432 1200; x_wconf 60' lang='lat'><em>³</em></span> 
     </span>
     <span class='ocr_line' id='line_1_11' title="bbox 250 1271 1383 1370; baseline -0.003 -21"><span class='ocrx_word' id='word_1_73' title='bbox 250 1281 403 1349; x_wconf 72' lang='lat' dir='ltr'><em>rotroere</em></span> <span class='ocrx_word' id='word_1_74' title='bbox 419 1277 544 1368; x_wconf 84' lang='lat' dir='ltr'><em>purott.</em></span> <span class='ocrx_word' id='word_1_75' title='bbox 593 1271 636 1347; x_wconf 86' lang='lat' dir='ltr'><em>Et</em></span> <span class='ocrx_word' id='word_1_76' title='bbox 652 1283 810 1368; x_wconf 84' lang='lat' dir='ltr'><em>querente</em></span> <span class='ocrx_word' id='word_1_77' title='bbox 827 1273 898 1348; x_wconf 90' lang='lat' dir='ltr'><em>illo:</em></span> <span class='ocrx_word' id='word_1_78' title='bbox 925 1277 956 1344; x_wconf 81' lang='lat' dir='ltr'><em>st</em></span> <span class='ocrx_word' id='word_1_79' title='bbox 972 1281 1054 1346; x_wconf 83' lang='lat' dir='ltr'><em>esset</em></span> <span class='ocrx_word' id='word_1_80' title='bbox 1068 1275 1139 1346; x_wconf 81' lang='lat' dir='ltr'><em>rte?</em></span> <span class='ocrx_word' id='word_1_81' title='bbox 1166 1274 1383 1370; x_wconf 85' lang='lat' dir='ltr'><em>omnibusque</em></span> 
     </span>
     <span class='ocr_line' id='line_1_12' title="bbox 250 1370 1384 1468; baseline 0 -24"><span class='ocrx_word' id='word_1_82' title='bbox 250 1375 378 1445; x_wconf 89' lang='lat' dir='ltr'><em>nuuoiis</em></span> <span class='ocrx_word' id='word_1_83' title='bbox 396 1370 592 1444; x_wconf 76' lang='lat' dir='ltr'>dicentibus:</span> <span class='ocrx_word' id='word_1_84' title='bbox 621 1375 711 1461; x_wconf 80' lang='lat' dir='ltr'><em>quod</em></span> <span class='ocrx_word' id='word_1_85' title='bbox 724 1376 781 1462; x_wconf 82' lang='lat' dir='ltr'><em>oio,</em></span> <span class='ocrx_word' id='word_1_86' title='bbox 804 1375 956 1468; x_wconf 87' lang='lat' dir='ltr'><em>priuoeps</em></span> <span class='ocrx_word' id='word_1_87' title='bbox 975 1381 1089 1464; x_wconf 85' lang='lat' dir='ltr'><em>gretes</em></span> <span class='ocrx_word' id='word_1_88' title='bbox 1107 1373 1306 1468; x_wconf 84' lang='lat' dir='ltr'><em>urrritiplioos</em></span> <span class='ocrx_word' id='word_1_89' title='bbox 1324 1396 1384 1444; x_wconf 88' lang='lat' dir='ltr'><em>re-</em></span> 
     </span>
     <span class='ocr_line' id='line_1_13' title="bbox 250 1470 1433 1572; baseline -0.001 -28"><span class='ocrx_word' id='word_1_90' title='bbox 250 1470 376 1558; x_wconf 69' lang='lat' dir='ltr'><em>rerem</em></span> <span class='ocrx_word' id='word_1_91' title='bbox 401 1471 444 1542; x_wconf 85' lang='lat' dir='ltr'><em>eit</em></span> <span class='ocrx_word' id='word_1_92' title='bbox 460 1471 539 1543; x_wconf 88' lang='lat' dir='ltr'><em>illis:</em></span> <span class='ocrx_word' id='word_1_93' title='bbox 563 1471 640 1542; x_wconf 82' lang='lat' dir='ltr'><em>Post</em></span> <span class='ocrx_word' id='word_1_94' title='bbox 657 1477 730 1540; x_wconf 88' lang='lat' dir='ltr'><em>oete</em></span> <span class='ocrx_word' id='word_1_95' title='bbox 751 1473 821 1542; x_wconf 81' lang='lat' dir='ltr'><em>dies</em></span> <span class='ocrx_word' id='word_1_96' title='bbox 841 1491 901 1562; x_wconf 82' lang='lat' dir='ltr'><em>epo</em></span> <span class='ocrx_word' id='word_1_97' title='bbox 922 1480 955 1542; x_wconf 86' lang='lat' dir='ltr'><em>et</em></span> <span class='ocrx_word' id='word_1_98' title='bbox 967 1474 1138 1560; x_wconf 83' lang='lat' dir='ltr'><em>prtoetpes</em></span> <span class='ocrx_word' id='word_1_99' title='bbox 1158 1476 1385 1543; x_wconf 77' lang='lat' dir='ltr'><em>eouoenteurur</em></span> <span class='ocrx_word' id='word_1_100' title='bbox 1432 1544 1433 1572; x_wconf 20' lang='grc' dir='ltr'><strong>ἦ</strong></span> 
     </span>
     <span class='ocr_line' id='line_1_14' title="bbox 251 1569 1433 1656; baseline 0.004 -17"><span class='ocrx_word' id='word_1_101' title='bbox 251 1571 286 1639; x_wconf 83' lang='lat' dir='ltr'><em>tn</em></span> <span class='ocrx_word' id='word_1_102' title='bbox 307 1570 391 1642; x_wconf 79' lang='lat' dir='ltr'><em>Bene</em></span> <span class='ocrx_word' id='word_1_103' title='bbox 407 1577 440 1640; x_wconf 86' lang='lat' dir='ltr'><em>et</em></span> <span class='ocrx_word' id='word_1_104' title='bbox 457 1571 635 1640; x_wconf 82' lang='lat' dir='ltr'><em>oouoeutus</em></span> <span class='ocrx_word' id='word_1_105' title='bbox 650 1577 759 1639; x_wconf 79' lang='lat' dir='ltr'><em>noster</em></span> <span class='ocrx_word' id='word_1_106' title='bbox 772 1571 914 1640; x_wconf 76' lang='lat' dir='ltr'><em>norom</em></span> <span class='ocrx_word' id='word_1_107' title='bbox 929 1569 1077 1640; x_wconf 81' lang='lat' dir='ltr'><em>murotto</em></span> <span class='ocrx_word' id='word_1_108' title='bbox 1093 1569 1252 1656; x_wconf 76' lang='lat' dir='ltr'><em>iterante,</em></span> <span class='ocrx_word' id='word_1_109' title='bbox 1274 1579 1310 1642; x_wconf 85' lang='lat' dir='ltr'><em>et</em></span> <span class='ocrx_word' id='word_1_110' title='bbox 1323 1573 1384 1644; x_wconf 79' lang='lat' dir='ltr'><em>de-</em></span> <span class='ocrx_word' id='word_1_111' title='bbox 1432 1585 1433 1604; x_wconf 59' lang='lat'><strong>³</strong></span> 
     </span>
     <span class='ocr_line' id='line_1_15' title="bbox 251 1667 1433 1758; baseline -0.002 -16"><span class='ocrx_word' id='word_1_112' title='bbox 251 1667 482 1742; x_wconf 70' lang='lat' dir='ltr'><em>moruorum</em></span> <span class='ocrx_word' id='word_1_113' title='bbox 499 1675 645 1740; x_wconf 80' lang='lat' dir='ltr'><em>nostrum</em></span> <span class='ocrx_word' id='word_1_114' title='bbox 662 1685 733 1737; x_wconf 84' lang='lat' dir='ltr'><em>euro</em></span> <span class='ocrx_word' id='word_1_115' title='bbox 750 1669 840 1738; x_wconf 85' lang='lat' dir='ltr'><em>ootts</em></span> <span class='ocrx_word' id='word_1_116' title='bbox 858 1671 1093 1758; x_wconf 76' lang='lat' dir='ltr'><em>scripserimus,</em></span> <span class='ocrx_word' id='word_1_117' title='bbox 1114 1669 1384 1742; x_wconf 69' lang='lat' dir='ltr'><em>otrootonorem</em></span> <span class='ocrx_word' id='word_1_118' title='bbox 1432 1677 1433 1680; x_wconf 76' lang='grc'>’</span> 
     </span>
     <span class='ocr_line' id='line_1_16' title="bbox 250 1765 1384 1857; baseline 0 -19"><span class='ocrx_word' id='word_1_119' title='bbox 250 1774 395 1838; x_wconf 78' lang='lat' dir='ltr'><em>rostrum</em></span> <span class='ocrx_word' id='word_1_120' title='bbox 415 1774 449 1837; x_wconf 92' lang='lat' dir='ltr'><em>et</em></span> <span class='ocrx_word' id='word_1_121' title='bbox 466 1769 604 1856; x_wconf 80' lang='lat' dir='ltr'><em>imperti,</em></span> <span class='ocrx_word' id='word_1_122' title='bbox 630 1775 666 1838; x_wconf 89' lang='lat' dir='ltr'><em>ut</em></span> <span class='ocrx_word' id='word_1_123' title='bbox 684 1767 884 1857; x_wconf 73' lang='lat' dir='ltr'><em>confidimns,</em></span> <span class='ocrx_word' id='word_1_124' title='bbox 904 1765 1050 1852; x_wconf 73' lang='lat' dir='ltr'><em>faerno.</em></span> <span class='ocrx_word' id='word_1_125' title='bbox 1099 1768 1162 1856; x_wconf 81' lang='lat' dir='ltr'><em>Qui</em></span> <span class='ocrx_word' id='word_1_126' title='bbox 1186 1765 1251 1839; x_wconf 85' lang='lat' dir='ltr'><em>troo</em></span> <span class='ocrx_word' id='word_1_127' title='bbox 1270 1766 1384 1840; x_wconf 82' lang='lat' dir='ltr'><em>fouere</em></span> 
     </span>
     <span class='ocr_line' id='line_1_17' title="bbox 251 1863 702 1959; baseline -0.002 -21"><span class='ocrx_word' id='word_1_128' title='bbox 251 1863 456 1938; x_wconf 88' lang='lat' dir='ltr'><em>oonoorditer</em></span> <span class='ocrx_word' id='word_1_129' title='bbox 472 1869 702 1959; x_wconf 87' lang='lat' dir='ltr'><em>promiserunt.</em></span> 
     </span>
    </p>

    <p class='ocr_par' dir='ltr' id='par_1_3' title="bbox 249 1960 1435 2844">
     <span class='ocr_line' id='line_1_18' title="bbox 324 1960 1434 2058; baseline 0 -24"><span class='ocrx_word' id='word_1_130' title='bbox 324 1961 402 2035; x_wconf 86' lang='lat' dir='ltr'><em>Post</em></span> <span class='ocrx_word' id='word_1_131' title='bbox 418 1961 482 2035; x_wconf 86' lang='lat' dir='ltr'><em>heo</em></span> <span class='ocrx_word' id='word_1_132' title='bbox 498 1960 770 2037; x_wconf 86' lang='lat' dir='ltr'><em>convenientibus</em></span> <span class='ocrx_word' id='word_1_133' title='bbox 787 1965 822 2034; x_wconf 90' lang='lat' dir='ltr'><em>in</em></span> <span class='ocrx_word' id='word_1_134' title='bbox 838 1961 931 2036; x_wconf 88' lang='lat' dir='ltr'><em>Reus</em></span> <span class='ocrx_word' id='word_1_135' title='bbox 948 1960 1160 2058; x_wconf 45' lang='lat' dir='ltr'><em>principibusa</em></span> <span class='ocrx_word' id='word_1_136' title='bbox 1182 1973 1215 2034; x_wconf 90' lang='lat' dir='ltr'><em>et</em></span> <span class='ocrx_word' id='word_1_137' title='bbox 1233 1961 1276 2036; x_wconf 87' lang='lat' dir='ltr'><em>de</em></span> <span class='ocrx_word' id='word_1_138' title='bbox 1296 1965 1383 2034; x_wconf 86' lang='lat' dir='ltr'><em>scri-</em></span> <span class='ocrx_word' id='word_1_139' title='bbox 1433 1977 1434 2012; x_wconf 66' lang='lat'><em>³</em></span> 
     </span>
     <span class='ocr_line' id='line_1_19' title="bbox 249 2057 1383 2156; baseline 0.002 -26"><span class='ocrx_word' id='word_1_140' title='bbox 249 2057 359 2131; x_wconf 84' lang='lat' dir='ltr'><strong>hendo</strong></span> <span class='ocrx_word' id='word_1_141' title='bbox 376 2082 461 2154; x_wconf 87' lang='lat' dir='ltr'><em>pope</em></span> <span class='ocrx_word' id='word_1_142' title='bbox 479 2060 736 2152; x_wconf 67' lang='lat' dir='ltr'><em>conferentibus,</em></span> <span class='ocrx_word' id='word_1_143' title='bbox 754 2064 907 2156; x_wconf 82' lang='lat' dir='ltr'><em>princeps</em></span> <span class='ocrx_word' id='word_1_144' title='bbox 918 2071 952 2132; x_wconf 92' lang='lat' dir='ltr'><em>et</em></span> <span class='ocrx_word' id='word_1_145' title='bbox 960 2059 1127 2133; x_wconf 89' lang='lat' dir='ltr'><em>Bohemus</em></span> <span class='ocrx_word' id='word_1_146' title='bbox 1142 2083 1218 2133; x_wconf 86' lang='lat' dir='ltr'><em>eum</em></span> <span class='ocrx_word' id='word_1_147' title='bbox 1231 2059 1298 2133; x_wconf 83' lang='lat' dir='ltr'><em>itio</em></span> <span class='ocrx_word' id='word_1_148' title='bbox 1311 2082 1383 2150; x_wconf 60' lang='lat' dir='ltr'><em>suo,</em></span> 
     </span>
     <span class='ocr_line' id='line_1_20' title="bbox 251 2155 1383 2254; baseline -0.002 -22"><span class='ocrx_word' id='word_1_149' title='bbox 251 2155 352 2252; x_wconf 86' lang='lat' dir='ltr'><em>super</em></span> <span class='ocrx_word' id='word_1_150' title='bbox 373 2157 553 2231; x_wconf 88' lang='lat' dir='ltr'><em>lesionibus</em></span> <span class='ocrx_word' id='word_1_151' title='bbox 572 2161 634 2234; x_wconf 81' lang='lat' dir='ltr'><em>ritis</em></span> <span class='ocrx_word' id='word_1_152' title='bbox 651 2158 745 2233; x_wconf 80' lang='lat' dir='ltr'><em>suetis</em></span> <span class='ocrx_word' id='word_1_153' title='bbox 770 2181 844 2232; x_wconf 90' lang='lat' dir='ltr'><em>oum</em></span> <span class='ocrx_word' id='word_1_154' title='bbox 870 2157 1061 2231; x_wconf 79' lang='lat' dir='ltr'><em>oonoorduri</em></span> <span class='ocrx_word' id='word_1_155' title='bbox 1084 2179 1150 2230; x_wconf 91' lang='lat' dir='ltr'><em>non</em></span> <span class='ocrx_word' id='word_1_156' title='bbox 1174 2169 1327 2254; x_wconf 69' lang='lat' dir='ltr'><em>possunt¹⁴</em></span> <span class='ocrx_word' id='word_1_157' title='bbox 1352 2163 1383 2230; x_wconf 91' lang='lat' dir='ltr'><em>in</em></span> 
     </span>
     <span class='ocr_line' id='line_1_21' title="bbox 250 2255 1382 2354; baseline 0 -26"><span class='ocrx_word' id='word_1_158' title='bbox 250 2255 371 2328; x_wconf 87' lang='lat' dir='ltr'><em>invidio</em></span> <span class='ocrx_word' id='word_1_159' title='bbox 384 2255 618 2331; x_wconf 76' lang='lat' dir='ltr'><em>discesserunt.</em></span> <span class='ocrx_word' id='word_1_160' title='bbox 644 2255 763 2330; x_wconf 85' lang='lat' dir='ltr'><em>Nunoii</em></span> <span class='ocrx_word' id='word_1_161' title='bbox 780 2267 889 2330; x_wconf 83' lang='lat' dir='ltr'><em>autem</em></span> <span class='ocrx_word' id='word_1_162' title='bbox 901 2259 1094 2354; x_wconf 58' lang='lat' dir='ltr'><em>principum„</em></span> <span class='ocrx_word' id='word_1_163' title='bbox 1112 2279 1187 2328; x_wconf 87' lang='lat' dir='ltr'><em>oum</em></span> <span class='ocrx_word' id='word_1_164' title='bbox 1198 2279 1285 2352; x_wconf 85' lang='lat' dir='ltr'><em>pepo</em></span> <span class='ocrx_word' id='word_1_165' title='bbox 1298 2279 1382 2330; x_wconf 89' lang='lat' dir='ltr'><em>oon-</em></span> 
     </span>
     <span class='ocr_line' id='line_1_22' title="bbox 250 2353 1435 2452; baseline 0 -26"><span class='ocrx_word' id='word_1_166' title='bbox 250 2353 476 2432; x_wconf 83' lang='lat' dir='ltr'><em>tradiotionem</em></span> <span class='ocrx_word' id='word_1_167' title='bbox 502 2357 711 2429; x_wconf 79' lang='lat' dir='ltr'><em>articulorum</em></span> <span class='ocrx_word' id='word_1_168' title='bbox 737 2355 902 2427; x_wconf 76' lang='lat' dir='ltr'><em>referrent</em></span> <span class='ocrx_word' id='word_1_169' title='bbox 928 2377 993 2426; x_wconf 89' lang='lat' dir='ltr'><em>neo</em></span> <span class='ocrx_word' id='word_1_170' title='bbox 1017 2354 1178 2428; x_wconf 75' lang='lat' dir='ltr'><em>tractandi</em></span> <span class='ocrx_word' id='word_1_171' title='bbox 1205 2353 1248 2425; x_wconf 86' lang='lat' dir='ltr'><em>de</em></span> <span class='ocrx_word' id='word_1_172' title='bbox 1275 2357 1382 2452; x_wconf 83' lang='lat' dir='ltr'><em>aliquo</em></span> <span class='ocrx_word' id='word_1_173' title='bbox 1434 2408 1435 2434; x_wconf 39' lang='lat' dir='ltr'><em>r</em></span> 
     </span>
     <span class='ocr_line' id='line_1_23' title="bbox 249 2449 1435 2551; baseline -0.006 -21"><span class='ocrx_word' id='word_1_174' title='bbox 249 2452 438 2530; x_wconf 79' lang='lat' dir='ltr'><em>mandatum</em></span> <span class='ocrx_word' id='word_1_175' title='bbox 454 2450 627 2546; x_wconf 76' lang='lat' dir='ltr'><em>haberent,</em></span> <span class='ocrx_word' id='word_1_176' title='bbox 649 2459 747 2551; x_wconf 84' lang='lat' dir='ltr'><em>pepe¹</em></span> <span class='ocrx_word' id='word_1_177' title='bbox 768 2457 917 2548; x_wconf 80' lang='lat' dir='ltr'><em>oogr&#39;tuus</em></span> <span class='ocrx_word' id='word_1_178' title='bbox 936 2475 975 2525; x_wconf 87' lang='lat' dir='ltr'><em>se</em></span> <span class='ocrx_word' id='word_1_179' title='bbox 992 2451 1158 2544; x_wconf 73' lang='lat' dir='ltr'><em>delusum,</em></span> <span class='ocrx_word' id='word_1_180' title='bbox 1175 2456 1292 2525; x_wconf 79' lang='lat' dir='ltr'><em>maiori</em></span> <span class='ocrx_word' id='word_1_181' title='bbox 1309 2451 1382 2524; x_wconf 89' lang='lat' dir='ltr'><em>dolo</em></span> <span class='ocrx_word' id='word_1_182' title='bbox 1434 2449 1435 2456; x_wconf 72' lang='grc'>’</span> 
     </span>
     <span class='ocr_line' id='line_1_24' title="bbox 250 2548 1381 2648; baseline -0.006 -22"><span class='ocrx_word' id='word_1_183' title='bbox 250 2561 284 2626; x_wconf 86' lang='lat' dir='ltr'><em>et</em></span> <span class='ocrx_word' id='word_1_184' title='bbox 306 2551 428 2624; x_wconf 84' lang='lat' dir='ltr'><em>invidie</em></span> <span class='ocrx_word' id='word_1_185' title='bbox 446 2561 558 2624; x_wconf 87' lang='lat' dir='ltr'><em>oontru</em></span> <span class='ocrx_word' id='word_1_186' title='bbox 582 2555 760 2648; x_wconf 87' lang='lat' dir='ltr'><em>prinoipem</em></span> <span class='ocrx_word' id='word_1_187' title='bbox 778 2548 986 2641; x_wconf 74' lang='lat' dir='ltr'><em>movebatur,</em></span> <span class='ocrx_word' id='word_1_188' title='bbox 1010 2573 1085 2622; x_wconf 91' lang='lat' dir='ltr'><em>oum</em></span> <span class='ocrx_word' id='word_1_189' title='bbox 1099 2549 1250 2624; x_wconf 89' lang='lat' dir='ltr'><em>Bohemo</em></span> <span class='ocrx_word' id='word_1_190' title='bbox 1267 2561 1302 2622; x_wconf 89' lang='lat' dir='ltr'><em>et</em></span> <span class='ocrx_word' id='word_1_191' title='bbox 1318 2549 1381 2623; x_wconf 77' lang='lat' dir='ltr'><em>uro</em></span> 
     </span>
     <span class='ocr_line' id='line_1_25' title="bbox 251 2647 1381 2746; baseline -0.004 -22"><span class='ocrx_word' id='word_1_192' title='bbox 251 2649 516 2741; x_wconf 66' lang='lat' dir='ltr'><em>retroversus,</em></span> <span class='ocrx_word' id='word_1_193' title='bbox 534 2673 650 2723; x_wconf 89' lang='lat' dir='ltr'><em>eorum</em></span> <span class='ocrx_word' id='word_1_194' title='bbox 666 2661 795 2745; x_wconf 65' lang='lat' dir='ltr'><em>patruo,</em></span> <span class='ocrx_word' id='word_1_195' title='bbox 813 2647 855 2722; x_wconf 82' lang='lat' dir='ltr'><em>ad</em></span> <span class='ocrx_word' id='word_1_196' title='bbox 871 2659 1066 2744; x_wconf 88' lang='lat' dir='ltr'><em>perpetuum</em></span> <span class='ocrx_word' id='word_1_197' title='bbox 1083 2653 1238 2746; x_wconf 83' lang='lat' dir='ltr'><em>principis</em></span> <span class='ocrx_word' id='word_1_198' title='bbox 1251 2659 1285 2722; x_wconf 91' lang='lat' dir='ltr'><em>et</em></span> <span class='ocrx_word' id='word_1_199' title='bbox 1294 2647 1381 2720; x_wconf 81' lang='lat' dir='ltr'><em>lihe-</em></span> 
     </span>
     <span class='ocr_line' id='line_1_26' title="bbox 249 2745 1381 2844; baseline -0.005 -20"><span class='ocrx_word' id='word_1_200' title='bbox 249 2768 361 2824; x_wconf 83' lang='lat' dir='ltr'><em>rorum</em></span> <span class='ocrx_word' id='word_1_201' title='bbox 380 2771 515 2821; x_wconf 91' lang='lat' dir='ltr'><em>suorum</em></span> <span class='ocrx_word' id='word_1_202' title='bbox 533 2751 764 2824; x_wconf 74' lang='lat' dir='ltr'><em>exterminium</em></span> <span class='ocrx_word' id='word_1_203' title='bbox 775 2747 959 2844; x_wconf 85' lang='lat' dir='ltr'><em>oogitundo.</em></span> <span class='ocrx_word' id='word_1_204' title='bbox 985 2745 1046 2838; x_wconf 83' lang='lat' dir='ltr'><em>Qui</em></span> <span class='ocrx_word' id='word_1_205' title='bbox 1059 2757 1239 2843; x_wconf 83' lang='lat' dir='ltr'><em>oonoeptus</em></span> <span class='ocrx_word' id='word_1_206' title='bbox 1250 2745 1381 2820; x_wconf 88' lang='lat' dir='ltr'><em>hiennio</em></span> 
     </span>
    </p>

    <p class='ocr_par' dir='ltr' id='par_1_4' title="bbox 105 2845 703 2944">
     <span class='ocr_line' id='line_1_27' title="bbox 105 2845 703 2944; baseline 0.01 -30"><span class='ocrx_word' id='word_1_207' title='bbox 105 2931 107 2934; x_wconf 16' lang='grc' dir='ltr'>Ι</span> <span class='ocrx_word' id='word_1_208' title='bbox 249 2849 434 2944; x_wconf 73' lang='lat' dir='ltr'><em>parturiens</em></span> <span class='ocrx_word' id='word_1_209' title='bbox 452 2846 528 2920; x_wconf 87' lang='lat' dir='ltr'><em>ieoit</em></span> <span class='ocrx_word' id='word_1_210' title='bbox 545 2845 703 2920; x_wconf 83' lang='lat' dir='ltr'><em>abortum.</em></span> 
     </span>
    </p>
   </div>
   <div class='ocr_carea' id='block_1_3' title="bbox 174 2981 1378 3190">
    <p class='ocr_par' dir='ltr' id='par_1_5' title="bbox 174 2981 1378 3190">
     <span class='ocr_line' id='line_1_28' title="bbox 174 2981 1378 3092; baseline 0.002 -25"><span class='ocrx_word' id='word_1_211' title='bbox 174 2981 182 3000; x_wconf 83' lang='lat'><em>&#39;</em></span> <span class='ocrx_word' id='word_1_212' title='bbox 253 2997 402 3092; x_wconf 70' lang='lat' dir='ltr'><em>Quettm</em></span> <span class='ocrx_word' id='word_1_213' title='bbox 421 3017 483 3070; x_wconf 83' lang='lat' dir='ltr'><em>ree</em></span> <span class='ocrx_word' id='word_1_214' title='bbox 503 3001 619 3090; x_wconf 84' lang='lat' dir='ltr'><em>Anptte</em></span> <span class='ocrx_word' id='word_1_215' title='bbox 637 3003 773 3089; x_wconf 83' lang='lat' dir='ltr'><em>sertpett</em></span> <span class='ocrx_word' id='word_1_216' title='bbox 787 3019 877 3089; x_wconf 88' lang='lat' dir='ltr'><em>pope</em></span> <span class='ocrx_word' id='word_1_217' title='bbox 898 3010 930 3072; x_wconf 90' lang='lat' dir='ltr'><em>et</em></span> <span class='ocrx_word' id='word_1_218' title='bbox 950 3003 1103 3090; x_wconf 84' lang='lat' dir='ltr'><em>eottepr‘o,</em></span> <span class='ocrx_word' id='word_1_219' title='bbox 1135 3001 1280 3088; x_wconf 75' lang='lat' dir='ltr'><em>penem</em></span> <span class='ocrx_word' id='word_1_220' title='bbox 1301 2999 1378 3072; x_wconf 80' lang='lat' dir='ltr'><em>Pti-</em></span> 
     </span>
     <span class='ocr_line' id='line_1_29' title="bbox 349 3097 1102 3190; baseline 0.005 -24"><span class='ocrx_word' id='word_1_221' title='bbox 349 3099 459 3186; x_wconf 84' lang='lat' dir='ltr'><em>ttppuo</em></span> <span class='ocrx_word' id='word_1_222' title='bbox 479 3101 520 3172; x_wconf 84' lang='lat' dir='ltr'><em>de</em></span> <span class='ocrx_word' id='word_1_223' title='bbox 537 3099 666 3170; x_wconf 82' lang='lat' dir='ltr'><em>Volusio</em></span> <span class='ocrx_word' id='word_1_224' title='bbox 687 3097 862 3190; x_wconf 76' lang='lat' dir='ltr'><em>inserpertt</em></span> <span class='ocrx_word' id='word_1_225' title='bbox 878 3100 942 3169; x_wconf 76' lang='lat' dir='ltr'><em>soor</em></span> <span class='ocrx_word' id='word_1_226' title='bbox 961 3107 1102 3188; x_wconf 68' lang='lat' dir='ltr'><em>topos.</em></span> 
     </span>
    </p>
   </div>
   <div class='ocr_carea' id='block_1_4' title="bbox 248 3229 1379 4212">
    <p class='ocr_par' dir='ltr' id='par_1_6' title="bbox 248 3229 1379 4212">
     <span class='ocr_line' id='line_1_30' title="bbox 297 3229 1378 3327; baseline -0.002 -23"><span class='ocrx_word' id='word_1_227' title='bbox 297 3231 436 3326; x_wconf 78' lang='lat' dir='ltr'><em>Scripsit</em></span> <span class='ocrx_word' id='word_1_228' title='bbox 454 3243 564 3306; x_wconf 84' lang='lat' dir='ltr'><em>nutem</em></span> <span class='ocrx_word' id='word_1_229' title='bbox 580 3242 655 3327; x_wconf 88' lang='lat' dir='ltr'><em>post</em></span> <span class='ocrx_word' id='word_1_230' title='bbox 670 3231 735 3304; x_wconf 88' lang='lat' dir='ltr'><em>heo</em></span> <span class='ocrx_word' id='word_1_231' title='bbox 745 3231 920 3306; x_wconf 78' lang='lat' dir='ltr'><em>Eduardus</em></span> <span class='ocrx_word' id='word_1_232' title='bbox 932 3232 1065 3325; x_wconf 84' lang='lat' dir='ltr'><em>Anglus</em></span> <span class='ocrx_word' id='word_1_233' title='bbox 1083 3253 1169 3327; x_wconf 82' lang='lat' dir='ltr'><em>popo</em></span> <span class='ocrx_word' id='word_1_234' title='bbox 1182 3241 1216 3304; x_wconf 88' lang='lat' dir='ltr'><em>ot</em></span> <span class='ocrx_word' id='word_1_235' title='bbox 1227 3229 1378 3324; x_wconf 76' lang='lat' dir='ltr'><em>eollegio,</em></span> 
     </span>
     <span class='ocr_line' id='line_1_31' title="bbox 250 3327 1379 3424; baseline -0.007 -17"><span class='ocrx_word' id='word_1_236' title='bbox 250 3328 399 3407; x_wconf 76' lang='lat' dir='ltr'><em>scribens</em></span> <span class='ocrx_word' id='word_1_237' title='bbox 421 3353 459 3404; x_wconf 90' lang='lat' dir='ltr'><em>se</em></span> <span class='ocrx_word' id='word_1_238' title='bbox 477 3329 616 3404; x_wconf 86' lang='lat' dir='ltr'><em>Frunote</em></span> <span class='ocrx_word' id='word_1_239' title='bbox 640 3341 673 3403; x_wconf 89' lang='lat' dir='ltr'><em>et</em></span> <span class='ocrx_word' id='word_1_240' title='bbox 689 3331 814 3422; x_wconf 82' lang='lat' dir='ltr'><em>Anglie</em></span> <span class='ocrx_word' id='word_1_241' title='bbox 838 3351 956 3424; x_wconf 86' lang='lat' dir='ltr'><em>regern</em></span> <span class='ocrx_word' id='word_1_242' title='bbox 979 3353 1019 3402; x_wconf 85' lang='lat' dir='ltr'><em>uo</em></span> <span class='ocrx_word' id='word_1_243' title='bbox 1042 3330 1208 3402; x_wconf 87' lang='lat' dir='ltr'><em>dominum</em></span> <span class='ocrx_word' id='word_1_244' title='bbox 1226 3327 1379 3410; x_wconf 76' lang='lat' dir='ltr'><em>Yhernr&#39;e,</em></span> 
     </span>
     <span class='ocr_line' id='line_1_32' title="bbox 250 3426 1375 3524; baseline -0.004 -23"><span class='ocrx_word' id='word_1_245' title='bbox 250 3427 389 3524; x_wconf 78' lang='lat' dir='ltr'><em>qualiter</em></span> <span class='ocrx_word' id='word_1_246' title='bbox 408 3427 573 3524; x_wconf 87' lang='lat' dir='ltr'><em>Phiiippus</em></span> <span class='ocrx_word' id='word_1_247' title='bbox 598 3426 639 3499; x_wconf 87' lang='lat' dir='ltr'><em>de</em></span> <span class='ocrx_word' id='word_1_248' title='bbox 656 3428 807 3520; x_wconf 73' lang='lat' dir='ltr'><em>valesio,</em></span> <span class='ocrx_word' id='word_1_249' title='bbox 831 3439 1008 3523; x_wconf 83' lang='lat' dir='ltr'><em>oeoupetor</em></span> <span class='ocrx_word' id='word_1_250' title='bbox 1030 3429 1126 3520; x_wconf 81' lang='lat' dir='ltr'><em>regni</em></span> <span class='ocrx_word' id='word_1_251' title='bbox 1142 3427 1299 3516; x_wconf 63' lang='lat' dir='ltr'><em>Fronde,</em></span> <span class='ocrx_word' id='word_1_252' title='bbox 1323 3427 1375 3522; x_wconf 86' lang='lat' dir='ltr'><em>ipsi</em></span> 
     </span>
     <span class='ocr_line' id='line_1_33' title="bbox 248 3523 1378 3623; baseline -0.007 -21"><span class='ocrx_word' id='word_1_253' title='bbox 248 3526 364 3618; x_wconf 73' lang='lat' dir='ltr'><em>nugis</em></span> <span class='ocrx_word' id='word_1_254' title='bbox 381 3529 453 3598; x_wconf 87' lang='lat' dir='ltr'><em>iure</em></span> <span class='ocrx_word' id='word_1_255' title='bbox 470 3525 666 3599; x_wconf 81' lang='lat' dir='ltr'><em>hereditario</em></span> <span class='ocrx_word' id='word_1_256' title='bbox 685 3537 848 3623; x_wconf 80' lang='lat' dir='ltr'><em>tamquam</em></span> <span class='ocrx_word' id='word_1_257' title='bbox 871 3529 1059 3621; x_wconf 85' lang='lat' dir='ltr'><em>proximiori</em></span> <span class='ocrx_word' id='word_1_258' title='bbox 1083 3529 1116 3596; x_wconf 91' lang='lat' dir='ltr'><em>in</em></span> <span class='ocrx_word' id='word_1_259' title='bbox 1141 3523 1250 3618; x_wconf 78' lang='lat' dir='ltr'><em>gradu</em></span> <span class='ocrx_word' id='word_1_260' title='bbox 1271 3525 1378 3612; x_wconf 74' lang='lat' dir='ltr'><em>tenu,</em></span> 
     </span>
     <span class='ocr_line' id='line_1_34' title="bbox 249 3623 1377 3722; baseline -0.003 -25"><span class='ocrx_word' id='word_1_261' title='bbox 249 3646 367 3722; x_wconf 88' lang='lat' dir='ltr'><em>puoem</em></span> <span class='ocrx_word' id='word_1_262' title='bbox 392 3627 425 3696; x_wconf 82' lang='lat' dir='ltr'><em>et</em></span> <span class='ocrx_word' id='word_1_263' title='bbox 447 3635 603 3718; x_wconf 61' lang='lat' dir='ltr'><em>treugas,</em></span> <span class='ocrx_word' id='word_1_264' title='bbox 631 3623 671 3696; x_wconf 88' lang='lat' dir='ltr'><em>ub</em></span> <span class='ocrx_word' id='word_1_265' title='bbox 696 3627 769 3719; x_wconf 87' lang='lat' dir='ltr'><em>ipso</em></span> <span class='ocrx_word' id='word_1_266' title='bbox 786 3624 900 3718; x_wconf 86' lang='lat' dir='ltr'><em>Anglo</em></span> <span class='ocrx_word' id='word_1_267' title='bbox 924 3624 1040 3697; x_wconf 88' lang='lat' dir='ltr'><em>doloso</em></span> <span class='ocrx_word' id='word_1_268' title='bbox 1062 3645 1125 3718; x_wconf 89' lang='lat' dir='ltr'><em>per</em></span> <span class='ocrx_word' id='word_1_269' title='bbox 1148 3623 1266 3697; x_wconf 88' lang='lat' dir='ltr'><em>sedem</em></span> <span class='ocrx_word' id='word_1_270' title='bbox 1292 3623 1377 3718; x_wconf 85' lang='lat' dir='ltr'><em>quusi</em></span> 
     </span>
     <span class='ocr_line' id='line_1_35' title="bbox 250 3719 1378 3814; baseline -0.009 -18"><span class='ocrx_word' id='word_1_271' title='bbox 250 3733 411 3812; x_wconf 78' lang='lat' dir='ltr'><em>extortos,</em></span> <span class='ocrx_word' id='word_1_272' title='bbox 428 3722 601 3814; x_wconf 82' lang='lat' dir='ltr'><em>infregerit</em></span> <span class='ocrx_word' id='word_1_273' title='bbox 618 3727 650 3795; x_wconf 94' lang='lat' dir='ltr'><em>in</em></span> <span class='ocrx_word' id='word_1_274' title='bbox 668 3721 850 3795; x_wconf 86' lang='lat' dir='ltr'><em>homiuibus</em></span> <span class='ocrx_word' id='word_1_275' title='bbox 870 3733 904 3794; x_wconf 89' lang='lat' dir='ltr'><em>et</em></span> <span class='ocrx_word' id='word_1_276' title='bbox 916 3726 949 3794; x_wconf 92' lang='lat' dir='ltr'><em>in</em></span> <span class='ocrx_word' id='word_1_277' title='bbox 961 3719 1077 3794; x_wconf 88' lang='lat' dir='ltr'><em>rebus:</em></span> <span class='ocrx_word' id='word_1_278' title='bbox 1096 3719 1378 3812; x_wconf 78' lang='lat' dir='ltr'><em>nonuullosAngli</em></span> 
     </span>
     <span class='ocr_line' id='line_1_36' title="bbox 248 3819 1375 3916; baseline -0.007 -22"><span class='ocrx_word' id='word_1_279' title='bbox 248 3821 367 3896; x_wconf 83' lang='lat' dir='ltr'><em>fideles</em></span> <span class='ocrx_word' id='word_1_280' title='bbox 384 3819 577 3909; x_wconf 73' lang='lat' dir='ltr'><em>esuriendo,</em></span> <span class='ocrx_word' id='word_1_281' title='bbox 601 3822 727 3915; x_wconf 77' lang='lat' dir='ltr'><em>aliquos</em></span> <span class='ocrx_word' id='word_1_282' title='bbox 748 3823 858 3911; x_wconf 74' lang='lat' dir='ltr'><em>terris,</em></span> <span class='ocrx_word' id='word_1_283' title='bbox 883 3843 965 3916; x_wconf 86' lang='lat' dir='ltr'><em>quus</em></span> <span class='ocrx_word' id='word_1_284' title='bbox 989 3831 1138 3914; x_wconf 89' lang='lat' dir='ltr'><em>temporo</em></span> <span class='ocrx_word' id='word_1_285' title='bbox 1160 3831 1282 3910; x_wconf 85' lang='lat' dir='ltr'><em>treuge</em></span> <span class='ocrx_word' id='word_1_286' title='bbox 1305 3821 1375 3890; x_wconf 88' lang='lat' dir='ltr'><em>inite</em></span> 
     </span>
     <span class='ocr_line' id='line_1_37' title="bbox 249 3915 1374 4016; baseline -0.005 -21"><span class='ocrx_word' id='word_1_287' title='bbox 249 3917 481 4016; x_wconf 72' lang='lat' dir='ltr'><em>possederunt,</em></span> <span class='ocrx_word' id='word_1_288' title='bbox 505 3919 689 4014; x_wconf 70' lang='lat' dir='ltr'><em>spoliante,</em></span> <span class='ocrx_word' id='word_1_289' title='bbox 713 3943 788 3992; x_wconf 86' lang='lat' dir='ltr'><em>eum</em></span> <span class='ocrx_word' id='word_1_290' title='bbox 804 3929 916 3994; x_wconf 87' lang='lat' dir='ltr'><em>tomen</em></span> <span class='ocrx_word' id='word_1_291' title='bbox 938 3929 1047 3992; x_wconf 90' lang='lat' dir='ltr'><em>uotum</em></span> <span class='ocrx_word' id='word_1_292' title='bbox 1064 3917 1174 4010; x_wconf 72' lang='lat' dir='ltr'><em>nem</em></span> <span class='ocrx_word' id='word_1_293' title='bbox 1199 3915 1286 4012; x_wconf 86' lang='lat' dir='ltr'><em>quod</em></span> <span class='ocrx_word' id='word_1_294' title='bbox 1302 3918 1374 4011; x_wconf 83' lang='lat' dir='ltr'><em>qui·</em></span> 
     </span>
     <span class='ocr_line' id='line_1_38' title="bbox 250 4016 1376 4112; baseline -0.006 -22"><span class='ocrx_word' id='word_1_295' title='bbox 250 4016 329 4091; x_wconf 89' lang='lat' dir='ltr'><em>libet</em></span> <span class='ocrx_word' id='word_1_296' title='bbox 350 4020 495 4111; x_wconf 88' lang='lat' dir='ltr'><em>ipsorum</em></span> <span class='ocrx_word' id='word_1_297' title='bbox 520 4027 554 4089; x_wconf 92' lang='lat' dir='ltr'><em>et</em></span> <span class='ocrx_word' id='word_1_298' title='bbox 576 4017 692 4090; x_wconf 86' lang='lat' dir='ltr'><em>fideles</em></span> <span class='ocrx_word' id='word_1_299' title='bbox 717 4041 831 4090; x_wconf 89' lang='lat' dir='ltr'><em>eorum</em></span> <span class='ocrx_word' id='word_1_300' title='bbox 855 4021 888 4089; x_wconf 93' lang='lat' dir='ltr'><em>in</em></span> <span class='ocrx_word' id='word_1_301' title='bbox 911 4040 952 4089; x_wconf 88' lang='lat' dir='ltr'><em>eu</em></span> <span class='ocrx_word' id='word_1_302' title='bbox 976 4019 1191 4112; x_wconf 86' lang='lat' dir='ltr'><em>possessione</em></span> <span class='ocrx_word' id='word_1_303' title='bbox 1216 4039 1279 4112; x_wconf 87' lang='lat' dir='ltr'><em>qun</em></span> <span class='ocrx_word' id='word_1_304' title='bbox 1306 4024 1376 4086; x_wconf 86' lang='lat' dir='ltr'><em>tune</em></span> 
     </span>
     <span class='ocr_line' id='line_1_39' title="bbox 250 4110 1375 4212; baseline -0.005 -24"><span class='ocrx_word' id='word_1_305' title='bbox 250 4115 382 4188; x_wconf 79' lang='lat' dir='ltr'><em>ruerunt</em></span> <span class='ocrx_word' id='word_1_306' title='bbox 399 4137 534 4186; x_wconf 87' lang='lat' dir='ltr'><em>munere</em></span> <span class='ocrx_word' id='word_1_307' title='bbox 560 4113 738 4207; x_wconf 71' lang='lat' dir='ltr'><em>deberent,</em></span> <span class='ocrx_word' id='word_1_308' title='bbox 766 4127 799 4189; x_wconf 87' lang='lat' dir='ltr'><em>et</em></span> <span class='ocrx_word' id='word_1_309' title='bbox 822 4114 910 4210; x_wconf 84' lang='lat' dir='ltr'><em>quod</em></span> <span class='ocrx_word' id='word_1_310' title='bbox 933 4120 1005 4212; x_wconf 90' lang='lat' dir='ltr'><em>ipse</em></span> <span class='ocrx_word' id='word_1_311' title='bbox 1022 4113 1189 4212; x_wconf 85' lang='lat' dir='ltr'><em>Phiiippus</em></span> <span class='ocrx_word' id='word_1_312' title='bbox 1214 4137 1255 4190; x_wconf 86' lang='lat' dir='ltr'><em>uo</em></span> <span class='ocrx_word' id='word_1_313' title='bbox 1280 4110 1375 4190; x_wconf 82' lang='lat' dir='ltr'><em>sedes</em></span> 
     </span>
    </p>
   </div>
   <div class='ocr_carea' id='block_1_5' title="bbox 304 4235 862 4313">
    <p class='ocr_par' dir='ltr' id='par_1_7' title="bbox 304 4235 862 4313">
     <span class='ocr_line' id='line_1_40' title="bbox 304 4235 862 4313; baseline 0.002 -18"><span class='ocrx_word' id='word_1_314' title='bbox 304 4237 333 4309; x_wconf 85' lang='lat'><em>¹)</em></span> <span class='ocrx_word' id='word_1_315' title='bbox 353 4254 419 4313; x_wconf 81' lang='lat' dir='ltr'><em>pepo</em></span> <span class='ocrx_word' id='word_1_316' title='bbox 440 4239 505 4296; x_wconf 84' lang='lat' dir='ltr'><em>tehtt</em></span> <span class='ocrx_word' id='word_1_317' title='bbox 523 4237 549 4297; x_wconf 89' lang='lat' dir='ltr'><em>io</em></span> <span class='ocrx_word' id='word_1_318' title='bbox 569 4239 607 4312; x_wconf 73' lang='lat' dir='ltr'><em>tt,</em></span> <span class='ocrx_word' id='word_1_319' title='bbox 626 4255 673 4298; x_wconf 86' lang='lat' dir='ltr'><em>uus</em></span> <span class='ocrx_word' id='word_1_320' title='bbox 692 4240 724 4297; x_wconf 84' lang='grc' dir='ltr'><em>Α.</em></span> <span class='ocrx_word' id='word_1_321' title='bbox 744 4235 862 4311; x_wconf 79' lang='lat' dir='ltr'><em>ergiu&#39;ut.</em></span> 
     </span>
    </p>
   </div>
   <div class='ocr_carea' id='block_1_6' title="bbox 0 0 1454 4820">
    <p class='ocr_par' dir='ltr' id='par_1_8' title="bbox 0 0 1454 4820">
     <span class='ocr_line' id='line_1_41' title="bbox 0 0 1454 4820; baseline 0 0"><span class='ocrx_word' id='word_1_322' title='bbox 0 0 1454 4820; x_wconf 95' lang='lat' dir='ltr'><em> </em></span> 
     </span>
    </p>
   </div>
  </div>
 </body>
</html>
