2882 4818
189 252 431 310 tntunonttttn
449 251 707 310 uacuatootcutt
725 253 982 310 snnttnstttttsn.
1090 254 1161 327 149

51 424 105 488 oce.
123 423 168 484 29.
210 427 263 487 iiii.
286 424 344 488 kal.
364 426 420 486 ian.
441 425 632 498 Reginbertus
656 425 789 488 fundator
809 425 863 488 loci
882 427 966 487 istius
992 427 1042 500 [sti
1063 424 1161 500 illasii]

442 505 558 649 Wllffit
579 591 708 648 ducatrix
731 589 906 666 [Bononiae]
932 584 1023 648 1126.

442 671 598 732 'leitericus
620 669 787 732 basiliensis
810 689 890 753 epus.
916 665 1036 746 totam.

442 753 630 814 llerimannus
652 751 750 814 abbas.

68 864 92 873 -
113 827 160 894 tt.
242 834 270 892 ii.
296 867 337 878 -
361 867 401 878 -
442 835 596 898 Lintiridus
618 833 716 896 abban.

49 1111 266 1190 utttfflnt
298 1111 749 1286 NUEWENBqlgggNSIS
785 1113 982 1191 Gnouton
1020 1111 1160 1188 1273-

516 1345 679 1358 -a-——u

48 1411 585 1602 'tlt'ttttttttbt
599 1411 1165 1601 tottitttmttttt

132 1613 256 1678 nomint
279 1609 449 1680 Borttotdt
472 1613 513 1678 de
536 1609 722 1699 Buobeppe,
745 1612 890 1700 episcopi
913 1609 1165 1698 Arpentinensts,
1249 1609 1270 1646 “

132 1715 314 1795 otempore
330 1707 494 1778 Frtdertoi
510 1709 732 1795 inperatoris,
756 1727 820 1794 qao
834 1709 1013 1794 precedens
1030 1709 1167 1776 orontoo

134 1813 166 1874 et
180 1807 249 1874 otte
259 1809 391 1876 cronico
401 1807 571 1890 dimittant,
589 1813 735 1874 nectens
745 1807 786 1874 rte
797 1805 944 1873 omnibus
956 1804 1166 1892 pontificibus

132 1904 264 1990 repibm
288 1911 320 1972 et
345 1901 596 1990 imperatoriam
621 1921 723 1989 mque
749 1906 797 1971 od
818 1903 976 1972 llarotum
1004 1909 1165 1988 quartum,

130 2003 237 2084 filiam
253 2001 410 2070 lobannis
426 2003 514 2089 repis
525 2001 677 2072 Bobemte
694 2009 727 2070 et
738 2001 929 2072 Clementem
942 2019 1070 2092 popam
1085 2019 1165 2072 sea·

132 2109 198 2172 tum
215 2099 379 2168 inclusive.
413 2099 457 2169 Et
466 2099 578 2188 primo

47 2253 88 2322 lte
103 2261 175 2324 orm
191 2254 344 2322 comitam
361 2253 402 2320 de
418 2251 601 2341 Hobsbnrp.

108 2385 270 2460 liudolfus
289 2406 400 2458 eomes
419 2383 461 2456 de
478 2383 658 2476 Habsburg
676 2407 721 2458 ex
738 2387 876 2480 antiquis
901 2386 1165 2481 progenitoribus

47 2483 81 2554 nb
96 2483 175 2556 urbe
192 2485 300 2556 Roma
318 2485 415 2556 unxit
431 2485 602 2575 originem.
641 2481 724 2555 Olim
743 2505 884 2578 namquo
903 2481 1029 2556 duobus
1051 2485 1165 2555 iratri-

47 2581 98 2654 bus
121 2593 257 2677 propter
277 2583 419 2674 potentis
437 2581 576 2652 Romani
599 2583 799 2653 oooisionem
817 2583 990 2654 eliminatis
1009 2579 1048 2654 ab
1072 2581 1166 2672 urbe,

49 2692 130 2772 pater
145 2701 275 2768 eorum,
293 2676 430 2750 nobilior
445 2679 629 2769 Romanus,
653 2678 736 2751 dans
755 2678 884 2750 cuilibet
901 2701 1015 2751 eorum
1032 2683 1166 2752 inmen-

49 2801 110 2849 sam
126 2779 312 2872 peouniam,
337 2778 426 2869 ipsos
444 2779 538 2848 iussit
555 2779 588 2846 in
605 2786 717 2870 partes
736 2775 825 2847 abire
843 2789 998 2849 remotas.
1041 2779 1103 2864 Qui
1128 2801 1165 2850 so

48 2879 75 2945 in
90 2876 247 2970 superiori
256 2873 455 2946 Alamannia
472 2885 678 2967 receperunt.
705 2875 879 2968 Antiquior
895 2885 1003 2948 autem
1015 2874 1055 2946 ad
1067 2897 1166 2969 emp-

49 2977 164 3044 tionem
188 2971 377 3066 prediorum
400 2982 434 3042 et
457 2974 696 3062 municionum,
722 2975 829 3043 iunior
845 2983 954 3044 autem
972 2971 1013 3044 ed
1034 2971 1166 3044 haben-

49 3071 114 3142 dam
131 3071 334 3142 vasallorum
358 3067 594 3140 multitudinem
615 3069 801 3142 oonabotur.
839 3071 935 3140 Patre
959 3081 1069 3141 autem
1092 3081 1167 3163 post

49 3169 163 3262 aliquos
188 3189 294 3239 annos
318 3165 402 3238 tilios
426 3168 593 3255 visitante
618 3189 692 3237 oum
718 3167 856 3239 vidisset
879 3170 1019 3239 senioris
1044 3175 1166 3260 empta,

49 3269 112 3336 eius
135 3264 346 3359 prudenciam
370 3263 622 3336 oommendnvit.
659 3264 845 3359 Rerprirens
864 3274 973 3335 autem
990 3288 1009 3334 a
1027 3266 1167 3352 iuniore,

50 3361 118 3455 quid
133 3365 252 3455 egerit,
277 3361 348 3432 ille:
375 3383 410 3432 ne
427 3365 539 3432 omnio
556 3366 591 3434 tn
607 3382 706 3432 unam
723 3366 939 3433 municionem
955 3362 1168 3447 sortmsimam

51 3465 226 3532 collocasse.
250 3459 294 3532 Et
310 3461 409 3532 iussis
427 3457 578 3534 omnibus
597 3461 733 3534 vasallis
752 3463 820 3532 suis
833 3482 906 3530 oum
924 3481 1039 3532 eorum
1055 3458 1167 3532 liberis

51 3559 195 3630 masculis
206 3561 327 3651 optime
338 3561 470 3628 armatis
482 3561 600 3629 venire
611 3558 653 3630 ad
663 3569 821 3648 montem,
832 3555 885 3629 ubi
897 3568 1040 3632 nastrum
1050 3556 1167 3630 Habs-

51 3652 128 3744 burg
138 3666 187 3727 est
197 3655 403 3744 collocatum,
420 3655 486 3725 illie
495 3665 620 3747 patrem
631 3653 820 3744 obducens„
831 3656 919 3726 illam
930 3654 1065 3726 foroium
1078 3656 1168 3727 mul-

50 3751 221 3842 titudinem
249 3757 331 3846 quos
355 3763 389 3823 et
412 3773 529 3823 omnes
554 3775 669 3824 eorum
691 3764 844 3848 posteros
869 3753 1040 3826 masoulini
1064 3774 1167 3824 sexus

52 3860 178 3920 suaset
201 3851 399 3944 posteritatis
424 3873 484 3922 sue
508 3849 625 3924 fideles
649 3851 816 3940 vasalloS,
840 3849 903 3922 illis
927 3847 1168 3936 annitentibus„

52 3950 127 4037 patri
143 3946 302 4040 probavit,
328 3969 422 4019 sunm
441 3951 583 4020 asseruit
599 3971 679 4022 esse
697 3959 850 4020 castrum.
886 3949 959 4034 Quo
976 3949 1050 4018 viso
1074 3955 1168 4039 pater

52 4047 80 4112 in
99 4044 176 4114 illius
193 4048 339 4118 animosa
357 4043 522 4117 nobilitate
540 4049 680 4138 gavisus
692 4069 849 4138 magnam
860 4044 1048 4118 thesaurum
1060 4044 1168 4114 desti-

52 4144 137 4212 navit
152 4142 265 4214 sidem.
291 4143 344 4214 Ex
363 4141 477 4237 quibus
495 4142 647 4220 fratribus
665 4166 781 4219 omnes
800 4142 841 4213 de
858 4141 1037 4233 Habsburg
1053 4151 1169 4236 postea

57 4252 286 4333 processerant
