2862 4820
283 259 355 334 706
620 253 662 314 ta
680 255 847 339 ononrcns
867 253 911 312 oe
932 253 1082 313 vncaco.

197 445 267 502 1242
280 435 503 507 Romanorum
528 432 692 526 discessit,
719 437 811 506 venit
828 457 902 506 cum
926 455 1048 526 magno
1066 435 1216 506 exercitu
1233 441 1263 502 et
1275 441 1379 502 castra-

281 541 421 606 metatas
439 541 492 606 est
509 532 594 627 apud
607 531 789 605 Viterbium
806 534 840 604 in
853 553 925 623 ora,
943 533 1186 627 qaeRiserium
1202 539 1379 624 nuumpabr.

280 631 322 704 Et
339 641 416 703 tunc
433 631 512 725 ipsis
531 635 725 725 supervenit
740 640 806 702 tarn
823 630 933 703 valida
951 631 1145 720 moralitas,
1170 627 1254 724 quod
1270 630 1320 700 vix
1333 630 1380 697 sli-

280 732 352 825 quis
372 725 535 800 evadebat
552 739 585 800 et
600 728 758 802 thesauri¹
778 749 893 801 eoram
907 727 1175 802 viterbiensibus
1191 723 1379 797 remanebant

280 828 357 914 Sca,
374 837 507 923 propter
528 826 708 900 fatuitatem
725 837 759 900 et
774 829 993 921 insipientiam
1018 825 1225 922 quorundam
1246 823 1380 895 statinal

280 947 431 1001 cesarem
449 923 666 1000 adcesserunt
682 927 828 1018 rogaturi
844 928 964 1020 ipsum,
977 935 1130 1020 quantus
1148 923 1272 995 tructas
1289 924 1380 992 uno-

279 1046 351 1095 rum
370 1035 404 1096 et
423 1025 520 1094 etiarn
538 1043 693 1115 agrorum
705 1045 723 1094 a
737 1026 805 1097 suis
823 1021 960 1096 subditis
972 1035 1005 1096 et
1018 1022 1172 1095 fidelibus
1190 1041 1256 1092 non
1274 1017 1381 1088 debean

280 1119 458 1195 devastari.
495 1119 591 1192 Unde
619 1122 791 1194 confestim
816 1124 994 1216 imperator
1021 1145 1119 1195 cesar
1148 1119 1381 1207 adinterrogata

278 1219 464 1314 respondit:
486 1219 516 1289 0
532 1223 697 1310 insensati,
716 1221 774 1308 qut
789 1239 854 1290 oon
870 1223 1079 1309 cognoscitis„
1095 1241 1148 1309 eu,
1167 1235 1231 1306 poe
1245 1215 1326 1285 colb
1337 1217 1382 1282 te

279 1319 379 1388 beent
398 1319 564 1406 prodesse,
596 1319 644 1387 od
668 1325 808 1388 oestrum
831 1318 1016 1407 profecmm
1029 1327 1070 1390 et
1092 1320 1253 1388 bonorem
1276 1313 1384 1382 debean

274 1415 462 1506 pertinere!
496 1414 557 1486 His
574 1415 691 1488 auditis
717 1425 752 1486 et
767 1415 916 1508 plenarie
941 1417 1114 1489 intellectis
1139 1413 1237 1486 rediit
1258 1419 1381 1480 canuto

279 1535 340 1586 sno
364 1512 511 1585 exercitu
530 1520 564 1583 et
587 1512 767 1607 hospitatus
792 1523 845 1586 est
868 1517 901 1583 in
924 1517 991 1587 oris
1009 1515 1213 1586 Senensiom
1237 1518 1268 1580 et
1289 1507 1325 1578 de
1344 1505 1380 1576 illa

278 1609 459 1682 hereditate
480 1620 555 1682 sunt
574 1609 746 1684 Senenses
764 1619 798 1682 et
815 1633 937 1703 magna
962 1633 1040 1706 pars
1059 1612 1257 1688 Tuscorum·
1279 1603 1381 1676 Adher

279 1729 408 1804 proque
427 1710 519 1780 venit
538 1707 742 1782 marchensis
760 1707 1002 1799 blorcvaldust
1019 1710 1142 1782 volens
1160 1701 1380 1779 viterbiensian

278 1829 356 1879 esse
383 1809 476 1878 civis
512 1803 554 1875 Et
581 1816 617 1875 ut
640 1828 715 1878 eum
738 1809 771 1877 in
798 1827 912 1877 eorum
943 1811 1052 1880 civem
1077 1809 1281 1900 reciperent
1305 1801 1380 1870 voluit

276 1925 392 1976 omnes
405 1903 488 1975 lilios
500 1900 655 1974 nobilium
672 1903 795 1984 militeli
811 1905 935 1995 angulo
953 1903 1127 1992 decorare„
1146 1911 1274 1976 centum
1291 1895 1379 1970 bbras³

277 2023 351 2071 curn
368 1999 565 2073 indumentis
583 2010 616 2073 et
633 2021 736 2096 equos
754 2011 788 2072 et
805 2023 895 2072 arma
919 2005 1092 2098 unicnique
1114 2000 1290 2074 liberaliter
1304 1997 1377 2087 polli-

277 2097 400 2188 cend03
417 2101 556 2170 etetiarn
571 2101 710 2190 singulis
722 2095 883 2194 peditibus
894 2121 993 2173 unam
1003 2105 1161 2191 tunicamq
1174 2092 1377 2170 decemlibns

277 2207 405 2272 scutum
423 2219 497 2268 oum
513 2197 613 2288 claro,
639 2207 674 2269 et
690 2219 791 2268 unum
809 2194 987 2290 osbergum
1006 2198 1119 2290 largiri
1137 2193 1280 2269 volebat.
1309 2187 1378 2278 Quod

277 2305 410 2390 propter
419 2298 636 2386 ignorantiam
648 2292 916 2383 viterbiensiumq
937 2300 1010 2391 qnia
1023 2317 1162 2368 sensum
1176 2291 1376 2364 babeudretro
1406 2371 1407 2374 Ἴ

277 2404 386 2465 etnon
399 2391 831 2486 anteponitosrennobont.
856 2379 1407 2489 ndnuctmperatcroaaopupcr.¹

277 2491 454 2564 ecclesiam
470 2489 728 2564 Vlterbiensium
745 2490 831 2562 bona
847 2495 956 2564 omnio
975 2491 1190 2586 depopulavit
1213 2491 1373 2566 exentera.
1405 2485 1406 2507 ³

274 2588 379 2674 Quam
404 2587 687 2682 depopulationem
714 2589 912 2683 apostolicus
936 2589 1118 2662 emendare
1140 2585 1287 2670 volebat3
1314 2577 1373 2675 qaod
1404 2594 1405 2611 ¹

273 2707 335 2780 per
350 2686 507 2758 invidiam
524 2690 620 2760 unius
638 2689 810 2781 caiasqae⁵
823 2685 1053 2775 viterbienses
1070 2690 1223 2781 recipere
1238 2681 1372 2772 neglere
1403 2707 1404 2712 ¹

273 2793 358 2854 rant.
384 2782 466 2855 Item
482 2786 515 2853 in
531 2793 597 2854 tem
622 2805 680 2855 ore
691 2783 841 2855 Foderioi
857 2787 1076 2880 imperatoris,
1094 2807 1171 2856 cum
1189 2782 1371 2876 ocqamiverat
1402 2805 1403 2817 ¹

273 2883 432 2951 maiorem
453 2889 581 2975 partem
645 2879 792 2958 mbardie
821 2892 854 2953 et
871 2887 968 2955 etiam
996 2881 1225 2955 debellaverat
1240 2873 1369 2948 llediolo·
1401 2895 1402 2920 ¹

273 2997 364 3069 num,
390 2982 482 3050 venit
498 2976 539 3048 ad
555 2989 667 3072 partes
684 2977 824 3050 Viterbii
841 2990 875 3052 et
891 2983 1025 3054 intravit
1042 2983 1209 3052 civitoten
1226 2995 1293 3048 oum
1307 2969 1369 3041 nil·

273 3071 358 3148 tibus
377 3077 456 3150 suis.
492 3073 589 3148 Unde
616 3080 643 3149 si
661 3075 891 3152 viterbienses
916 3081 1096 3151 scivissent
1112 3095 1252 3172 querere
1273 3085 1367 3144 sunna
1399 3069 1400 3127 l

273 3176 392 3266 cesari,
417 3177 523 3246 statim
542 3173 724 3248 exibaissot
741 3177 789 3246 ets
807 3191 905 3248 onme
922 3179 975 3250 ius
993 3187 1026 3247 ct
1042 3197 1176 3248 omnem
1193 3175 1332 3244 notionem
1346 3171 1367 3228 ct
1398 3153 1399 3231 l

271 3291 388 3346 omnes
406 3269 510 3345 bonos
530 3295 611 3346 usas
630 3293 743 3343 eorum
762 3282 795 3344 et
811 3273 911 3346 multo
928 3271 1013 3345 bono
1033 3275 1224 3347 contulisset
1238 3270 1290 3339 eis.
1318 3255 1364 3332 Sed

271 3371 334 3462 ipsi
350 3372 542 3461 ignorantes
560 3369 602 3441 de
620 3369 773 3465 predictis
792 3374 972 3444 amiserant
986 3377 1107 3461 omnio,
1130 3393 1194 3466 que
1211 3367 1286 3438 dicta
1303 3365 1363 3434 sunl·

271 3475 306 3536 et
327 3465 539 3636 redddemm
562 3491 600 3542 se
624 3465 748 3564 absque
772 3477 868 3564 pacto
892 3479 925 3541 et
948 3480 1078 3562 tenore7
1106 3469 1148 3541 de
1176 3487 1237 3564 qao
1262 3457 1361 3558 perilli

272 3585 332 3639 eos
352 3587 396 3638 va
433 3588 462 3637 e.
901 3609 905 3618 ·

320 3661 550 3756 OViterbiuma
561 3687 663 3760 qnare
674 3663 828 3738 interficis
836 3663 1043 3739 viterbium?
1059 3665 1163 3740 Narra
1175 3653 1358 3754 adtenti-

269 3757 728 3836 terbiamoociditVitorbium.
742 3762 811 3837 lom
819 3763 920 3838 video
930 3755 1357 3858 ipsomoivitatempulcramt¹

269 3858 409 3931 fertilem
426 3870 459 3932 el
477 3883 645 3950 anrenum3
663 3872 697 3934 et
713 3856 941 3934 fundamenta⁶
954 3867 1056 3956 ipsius
1074 3884 1140 3936 uon
1155 3861 1293 3934 debriant
1308 3853 1354 3920 elas

268 3979 348 4050 non,
364 3979 428 4054 que
446 3969 522 4033 saut
536 3958 578 4030 do
590 3963 670 4033 vivo
686 3960 829 4054 lapide⁷3
847 3981 929 4054 ergo
941 3960 1096 4034 viridaria
1112 3961 1222 4056 pulcra
1237 3967 1266 4028 et
1279 3953 1354 4023 loco

322 4134 351 4202 ¹)
374 4134 510 4217 deonanti
535 4137 576 4194 bs.
612 4136 643 4206 2)
668 4135 813 4194 llarlrwald
836 4153 888 4194 von
915 4137 1084 4212 nunccine,
1109 4133 1239 4206 marigni
1258 4145 1300 4186 ron
1315 4123 1351 4176 la·

268 4219 351 4340 {dudo
371 4207 494 4331 ddeliddffl
512 4209 553 4278 bs.
581 4209 611 4277 4)
630 4207 710 4314 babet
727 4207 768 4264 bs.
796 4211 827 4276 5)
846 4209 924 4319 onias
937 4208 1040 4322 ‚⁰¹.¹i‘.¹d¹⁸
1055 4209 1095 4266 bs.
1123 4209 1153 4278 6)
1171 4193 1350 4265 tundamentum
