2946 4822
360 267 524 323 mamillas
544 265 882 324 Nuuwuttssuauunsts.
1114 267 1184 341 165

74 463 197 513 seensus
215 439 255 510 ad
274 462 333 512 eos
345 463 363 509 a
375 439 523 510 conilictu
536 461 686 528 securos7
705 439 832 534 quidam
846 463 889 509 ex
902 443 950 511 eis
962 439 1056 510 dixit:
1082 441 1186 508 Nosco

73 559 168 628 repere
187 543 304 608 lolem:
336 547 368 607 et
384 541 414 607 sr'
434 539 564 608 dederet
582 537 731 608 morcidus
752 545 785 608 et
804 539 943 626 pedibas
962 558 1100 626 serpere,
1128 557 1187 605 reos

73 641 193 706 irreodet.
235 635 356 730 Sisque
377 639 528 708 timentes
541 635 681 706 diluculo
705 637 905 730 sollempnes
927 635 968 705 ad
989 657 1104 724 regem
1126 655 1186 727 pro

74 733 229 805 concordia
261 737 398 806 nuncios
426 733 637 805 destinarunt.
696 733 843 828 Cumque
871 755 933 805 rex
959 733 1044 803 aliud
1073 733 1185 822 nollet,

74 844 137 903 ante
156 835 262 903 omnia
291 834 428 926 captivis
455 829 559 903 libere
582 835 750 922 restitutis
778 831 847 904 dux
873 842 906 902 et
932 835 1073 903 maiores
1094 831 1185 902 Bur-

75 927 179 1018 gundie
200 929 416 1002 seBasileam
428 939 671 1026 presentarunt,
693 929 735 1000 ibi
752 929 794 1000 de
807 929 980 1002 concordia
998 937 1183 1000 tractantes.

75 1027 183 1098 l'asalli
203 1050 334 1122 quoque
356 1029 479 1120 imperii
507 1031 641 1124 prestita
663 1027 817 1099 fidelitate
846 1037 921 1100 sunt
949 1027 990 1096 de
1017 1024 1185 1115 regalibus

75 1127 207 1197 investiti.
251 1123 378 1196 Dicitur
398 1129 501 1196 eciam
522 1147 640 1217 regem
662 1129 694 1196 in
721 1129 792 1220 ipso
814 1127 961 1196 exercitu
983 1125 1125 1196 dixisse:
1151 1145 1186 1194 sc

75 1227 101 1292 in
124 1226 264 1310 pariter
282 1225 396 1293 moodr'
418 1231 515 1312 porte
536 1245 608 1294 eom
629 1227 737 1295 electis
765 1231 906 1311 quotuor
930 1227 1136 1314 potentorum
1156 1233 1189 1292 et

75 1325 279 1413 paeruptum
298 1325 445 1412 peditum
462 1331 664 1392 ormotorom
682 1326 722 1392 de
738 1324 939 1392 Alamannia
955 1323 1083 1391 mitibus
1098 1329 1187 1392 stare

75 1423 220 1512 mucium,
249 1424 408 1494 estimans
436 1418 497 1490 hos
525 1439 657 1492 omnem
687 1418 922 1491 multitudinem
950 1441 1184 1510 aggressuros.

201 1515 332 1590 Mortua
355 1525 463 1588 autem
485 1517 614 1589 domina
635 1519 749 1590 Anna¹
774 1519 816 1588 de
837 1514 1040 1608 Hohenberg
1068 1521 1184 1608 regina

77 1613 165 1704 [1281
185 1615 248 1686 iel).
269 1615 334 1706 16]
359 1617 443 1685 etin
465 1613 564 1688 choro
587 1616 729 1688 ecclesie
749 1615 942 1688 Basiliensis
964 1637 1039 1685 cum
1059 1613 1186 1686 duobus

76 1709 134 1786 iliis
153 1715 290 1808 sepulta
312 1737 375 1785 rex
395 1711 492 1784 filiam
515 1718 637 1786 sororis
659 1717 750 1806 regis
762 1714 900 1785 Francie
918 1716 950 1783 in
973 1714 1065 1786 senio
1084 1716 1186 1786 iuve-

76 1831 137 1880 nem
157 1815 279 1906 recepit
300 1831 438 1884 uxorem
471 1809 584 1904 [1284
602 1811 695 1908 leh.].
747 1813 819 1902 Quo
840 1821 915 1912 post
935 1819 1072 1890 mortem
1094 1813 1185 1904 regis

78 1905 155 1980 rediit
174 1915 251 1983 satis
274 1915 411 2001 egens.²

81 2059 207 2150 wedam
227 2063 347 2148 [odolo
367 2066 408 2134 de
428 2083 514 2154 repe.

134 2195 203 2266 Rex
228 2197 303 2290 ipse
332 2195 470 2290 quadam
492 2199 567 2268 vice
599 2199 764 2271 transiens
792 2207 924 2290 pontem
945 2195 1090 2289 'lhuregi
1113 2221 1187 2270 cum

79 2292 194 2364 vidisset
210 2303 352 2366 stantem
369 2291 411 2363 ibi
429 2295 589 2388 quendam
608 2317 723 2367 senem
746 2298 964 2386 sanguineum
985 2317 1058 2365 oum
1079 2317 1186 2366 eano-

78 2411 134 2459 mm
144 2390 341 2462 mrdtitudine
352 2391 502 2485 pilorum
519 2393 599 2466 dixit
610 2393 650 2463 ad
662 2391 824 2487 quendam
836 2390 1097 2463 confabulantem
1110 2391 1185 2463 sibi:

81 2487 188 2575 liquot
208 2489 310 2559 boreos
334 2493 403 2559 dies
430 2493 464 2560 io
492 2497 556 2562 otm
589 2512 650 2560 suo
673 2495 839 2581 perepe’sse
862 2494 971 2580 potott
988 2492 1043 2559 itte
1063 2491 1187 2560 conos!

80 2585 154 2670 Quod
181 2585 319 2660 audiens
347 2587 402 2658 ille
431 2587 510 2659 dixit
537 2591 701 2662 suaviter:
727 2591 895 2660 Follime'ot
921 2592 1000 2677 petto
1020 2607 1186 2676 oooqooro

81 2683 162 2752 lotur'
181 2685 296 2754 donum
318 2689 412 2755 diem.
448 2686 542 2774 Quod
566 2689 658 2781 quasi
680 2685 816 2759 audiens
837 2709 911 2776 renq
934 2709 1067 2758 causam
1090 2685 1185 2760 huius

80 2783 199 2872 quesivit
218 2779 258 2852 ab
286 2783 352 2854 illo.
405 2785 466 2872 Qui
494 2784 676 2880 respondit
704 2805 742 2856 se
770 2793 925 2876 egentem
955 2787 987 2855 in
1015 2789 1186 2856 iuventute

81 2879 200 2950 vetulam
217 2881 400 2954 deformem
419 2885 551 2952 racione
575 2885 713 2976 pecunie
737 2885 907 2976 recepisse
931 2905 1087 2970 uxorem3
1112 2905 1186 2954 eum

81 2997 127 3064 qum
146 2973 193 3046 diu
214 2983 352 3050 vivente
373 2980 528 3051 iracunda
550 2983 721 3074 ipsumque
741 3001 801 3074 pre
821 2983 937 3050 timore
954 2980 1089 3050 aliarum
1106 3003 1185 3050 mu·

81 3070 174 3144 liemm
190 3076 384 3150 corrodente
402 3079 481 3148 dixit
498 3099 535 3150 se
546 3081 646 3148 vitam
665 3073 885 3148 miserabilem
902 3081 1086 3171 peregisse.
1114 3079 1185 3164 Qua

82 3169 137 3259 ipso
151 3173 208 3244 iam
226 3197 310 3246 sene
327 3175 413 3248 lacto
431 3175 596 3264 defuncta
615 3197 688 3246 cum
700 3174 784 3246 illioo
796 3175 892 3245 aliam
908 3178 1064 3246 iuvenem
1082 3197 1185 3245 rece-

83 3269 125 3354 pit
141 3271 254 3343 necilli
271 3277 304 3345 in
321 3274 407 3345 lecto
425 3272 631 3367 complacere
648 3281 775 3367 posset,
793 3275 893 3344 vitam
912 3295 985 3344 cum
1002 3273 1055 3343 illa
1073 3276 1184 3347 rixosa

83 3359 218 3440 luderem
238 3375 379 3466 peregit.
421 3369 473 3441 De
495 3391 558 3467 quo
578 3391 641 3443 rex
660 3374 694 3442 in
714 3372 816 3446 risum
837 3379 890 3444 est
909 3381 1118 3468 provocatus.

85 3501 145 3572 Alio
161 3503 271 3584 soluto
292 3510 332 3578 de
352 3526 438 3597 repe.

121 3613 229 3690 llicitru
247 3632 357 3694 autem
375 3621 461 3716 quod
481 3645 555 3694 cum
573 3622 669 3696 dives
690 3622 819 3718 quidam
837 3633 1012 3714 mereator,
1033 3629 1187 3716 sagacior

87 3731 130 3799 pre
143 3717 281 3791 omnihus
298 3723 330 3790 in
347 3731 544 3810 mercatura,
561 3743 694 3816 semper
710 3743 834 3813 gerens
852 3725 993 3814 negocia
1011 3745 1071 3794 sua
1088 3727 1185 3794 veri-

127 3842 155 3924 ¹).
167 3847 236 3904 Anna
250 3849 285 3905 ist
303 3851 330 3904 in
345 3850 371 3907 B.
386 3867 440 3906 von
461 3867 573 3906 neuerer
591 3853 662 3908 hand
682 3853 866 3922 geschrielron.
895 3853 927 3920 2)
942 3853 1044 3908 llortuc
1055 3881 1086 3892 --
1099 3869 1183 3922 egeus

90 3909 139 3966 lellt
149 3933 172 3970 m
184 3917 260 3992 cusp.
289 3922 418 3991 Dagegen
434 3923 504 3992 lolgt
517 3923 579 3978 dort
593 3924 653 3980 eine
667 3924 831 3994 oulza'hlung
845 3924 909 3980 aller
923 3924 1018 3978 lunden
1032 3924 1084 3978 und
1100 3925 1186 3980 eracle-

89 3977 186 4066 lonmen
204 3991 228 4044 k.
247 3992 358 4048 lludolls
377 4011 430 4048 von
449 3995 525 4048 Anno
545 4011 596 4048 von
616 3995 788 4066 Hohenherg,
813 3995 854 4049 his
875 3995 940 4050 nauli
967 3995 1014 4048 der
1039 3995 1112 4050 mitte
1137 3995 1185 4049 des

93 4048 321 4133 lt.1amtunderts‚
349 4063 419 4120 daun
445 4065 504 4121 elne
531 4065 703 4135 sohllderung
726 4065 832 4121 Alberts
859 4083 912 4121 von
931 4065 1109 4136 llolrenherg‚
1137 4067 1185 4122 des

91 4119 177 4184 tndem
190 4132 233 4187 der
246 4133 368 4205 litinigin,
387 4135 440 4191 und
455 4137 544 4192 seirrer
559 4137 761 4201 naohkommem
780 4136 872 4192 weiter
887 4135 1037 4192 anekdolen
1053 4137 1119 4192 dher
1134 4139 1184 4194 den

94 4201 155 4280 notar
167 4201 208 4282 des
226 4207 316 4270 graleu
336 4205 430 4261 Alhert
449 4208 501 4264 und
522 4208 586 4264 iiber
604 4208 686 4264 laton
706 4209 797 4264 lltiller
815 4225 868 4264 von
887 4208 992 4286 Ztirioh,
1019 4209 1122 4264 endllelr
1143 4209 1185 4274 die

95 4259 289 4332 legratnssleicr
307 4277 447 4332 Heinrielrs
466 4279 613 4342 maneant
633 4279 659 4334 in
679 4279 769 4337 llrsinu.
