2946 4822
253 235 323 308 172
549 232 714 289 ΜΑΤΤΗΙΑ8
733 231 1077 291 NUEWENBURGENSlS·

252 408 303 478 Do
318 427 377 477 sca
392 409 472 490 filiis
488 409 612 478 liberti
627 413 723 496 roais.

327 539 448 613 Habuit
471 551 581 613 aulem
605 564 668 616 sex
697 541 798 614 ilios:
834 543 1010 616 lludolium
1034 548 1314 639 primogenitum,
1339 548 1389 637 qui

254 663 327 712 oum
351 641 477 728 relicta
503 639 648 712 secunda
670 642 794 714 scilicet
817 663 922 712 uxore
939 641 1136 715 Wenzeslai
1160 646 1256 734 regis
1273 639 1390 712 Bobe-

253 742 331 829 mie„
355 735 420 808 blio
439 735 588 810 eiusdem
610 742 702 830 regis
721 748 861 827 mortuo,
883 739 1079 812 contrahens
1098 750 1132 811 el
1147 763 1212 811 reu
1229 739 1390 810 Bobemie

254 837 403 925 effectus,
422 837 493 906 sine
511 831 623 909 liberis
641 845 693 909 esi
710 835 893 908 defunctus.
919 837 993 908 Fau
1011 848 1120 909 autem
1138 837 1259 910 eadem
1277 838 1390 909 relicla

254 934 295 1008 de
312 933 457 1006 Polonia.
499 934 593 1005 Prior
609 936 697 1006 enim
715 955 800 1004 uxor
820 935 879 1006 luii
896 957 991 1007 soror
1007 935 1135 1008 Alberli
1159 939 1265 1028 regis.
1310 933 1391 1005 llam

227 1061 231 1072 ·
252 1029 573 1102 habuitFniderioum
587 1032 789 1122 elegantem„
807 1032 988 1104 formosum
1006 1044 1039 1104 el
1055 1035 1188 1123 loriam,
1204 1031 1390 1128 Lupoldum

253 1129 445 1202 bellicosum
471 1138 503 1199 el
526 1128 732 1222 prudentem
756 1127 1391 1220 HeinnioumAlbertumel01lonem.

254 1227 317 1298 llio
337 1249 435 1297 unam
453 1223 592 1295 filiarum
610 1231 757 1298 suanum¹
777 1224 915 1298 Andnee
939 1229 1014 1319 regi
1036 1229 1186 1320 Ungarie
1210 1229 1390 1322 copulavit.

254 1323 355 1395 Cuius
367 1322 505 1394 Andree
523 1333 628 1416 palen
647 1325 723 1396 olim
740 1347 778 1396 ne
795 1347 902 1416 regno
914 1325 1062 1418 Unganie
1081 1325 1391 1415 eiectusveneeiis

254 1421 352 1494 filiam
380 1419 527 1492 ditissimi
551 1423 633 1492 oivis
662 1421 786 1494 ducens
812 1444 856 1494 ex
885 1445 924 1493 ea
953 1427 1068 1514 genuit
1093 1423 1181 1495 bunc
1203 1421 1390 1495 Andrean.

252 1521 314 1608 Qui
338 1521 479 1590 veniens
506 1516 547 1588 ad
571 1521 694 1590 curiam
717 1516 813 1592 buius
830 1515 973 1606 Alban„
997 1520 1103 1592 adbuc
1126 1519 1219 1594 ducis
1236 1521 1390 1610 Ausum,

253 1628 286 1688 el
303 1627 456 1710 neeeplus
473 1618 508 1685 in
525 1637 642 1706 negem
653 1616 800 1708 Ungarie
817 1615 1053 1711 peoiilAlberli
1071 1617 1180 1690 filiam,
1206 1617 1305 1707 Quod
1317 1639 1390 1690 cum

254 1715 322 1786 dux
344 1723 513 1804 renueneb
541 1712 671 1786 dicens:
696 1735 766 1784 eom
785 1719 988 1786 mercatriois
1003 1718 1117 1806 filium,
1134 1719 1208 1810 ipse
1224 1713 1390 1808 Ungarus

253 1811 433 1883 Wiennam
456 1813 489 1881 in
513 1814 600 1882 omni
624 1818 733 1905 panle²
750 1809 889 1900 obsedit7
915 1823 947 1884 et
970 1812 1011 1884 ad
1036 1813 1178 1885 dandum
1203 1811 1266 1884 sibi
1290 1811 1390 1884 liliam

254 1910 372 1981 ducem
383 1905 881 2002 coegibdansbliePresbung.³
908 1908 1009 1984 Cuius
1020 1910 1140 1985 iratres
1150 1919 1269 2006 postea
1281 1911 1390 1983 Pres-

253 2007 339 2098 burg
361 2007 579 2099 recipientes„
608 2005 768 2077 dederunt
791 2009 853 2100 ipsi
875 2012 993 2100 regine
1017 2009 1131 2080 relicte
1155 2009 1219 2080 alia
1242 2005 1335 2078 bona
1359 2011 1390 2078 in

251 2106 397 2177 Austris.
442 2099 552 2197 Captis
571 2113 680 2175 aulem
704 2114 818 2198 poslea
836 2103 1002 2177 Fnidenico
1020 2115 1053 2176 el
1069 2106 1226 2178 Helm-ico
1250 2103 1389 2178 duc-ibus

252 2201 402 2291 Ausum„
430 2199 571 2273 Karolus
598 2223 662 2271 rex
689 2201 837 2293 Unganie
866 2199 905 2274 ab
932 2206 1012 2297 ipsis
1039 2201 1211 2296 Presbung
1238 2207 1388 2276 extorsit

252 2301 324 2389 Quo
341 2297 478 2370 Andrea
497 2299 569 2372 sine
592 2296 704 2372 liberis
728 2297 894 2391 defuncto
921 2302 1034 2373 relicua
1058 2305 1092 2372 in
1113 2302 1188 2374 loco
1212 2304 1388 2374 occisionis

252 2400 352 2492 patris
371 2399 472 2467 vllam
490 2392 629 2466 celibem
647 2395 747 2468 duxit.
835 2397 918 2470 ltem
935 2399 1049 2470 aliam⁴
1065 2397 1158 2470 dedu
1173 2397 1248 2470 (luci
1260 2397 1388 2470 lotha-

252 2498 372 2586 ringie,
397 2516 461 2588 que
486 2515 527 2563 eo
552 2515 593 2564 eo
617 2492 735 2565 ducem
758 2493 935 2567 lludollum
952 2494 1162 2588 Lolbaningie
1186 2499 1387 2589 procreavi.

255 2591 377 2664 Unam⁵
406 2589 494 2660 (ledit
520 2587 718 2662 Goldemaro
752 2591 930 2664 marchioni
955 2589 1261 2688 Brundeburgensi.
1314 2595 1388 2682 Quo

253 2700 380 2761 mortuo
399 2691 470 2761 sine
487 2685 611 2777 liberis„
628 2692 732 2784 ipsam
751 2689 839 2762 dedo
855 2689 929 2762 duci
946 2693 978 2762 in
989 2691 1104 2764 Prosla
1115 2691 1263 2764 Polonie.
1308 2691 1389 2764 llem

252 2788 399 2859 relictam
416 2788 541 2858 comilis
556 2784 598 2856 de
609 2785 800 2880 Strasbergq
818 2811 967 2860 sororem
979 2786 1105 2861 Omnis
1117 2787 1159 2859 de
1171 2787 1388 2869 onsenstein,

253 2880 481 2956 consobrinam
499 2885 604 2974 regis,
620 2885 692 2978 ipse
709 2879 941 2958 rexRudolr0⁶
952 2885 1131 2958 marchioni
1145 2883 1250 2960 dedic
1262 2887 1305 2958 de
1316 2888 1389 2960 Ba-

252 2979 327 3052 den.
369 2979 452 3051 llam
469 3003 567 3052 unam
585 2979 723 3068 lulianum
741 2979 890 3056 eiusdem
906 2984 1020 3056 relicie
1037 2982 1180 3058 Rudollo
1205 2986 1325 3057 iuniori
1348 2983 1389 3055 de

251 3077 379 3169 Rauen,
403 3079 542 3152 senioris
560 3077 639 3170 lilio7
663 3089 696 3150 el
718 3080 815 3152 aliam
832 3077 1006 3153 Wallbeno
1030 3078 1072 3152 de
1090 3079 1249 3176 Horburg
1267 3085 1387 3156 malni-

253 3179 361 3250 monio
379 3177 552 3272 copulavit.
589 3177 661 3266 Quo
679 3175 744 3248 filie
762 3179 834 3250 sine
850 3175 962 3252 liberis
980 3175 1141 3254 obienml.

254 3363 303 3431 lie
320 3365 466 3432 enercilu
477 3363 622 3450 predicti
638 3365 725 3452 reyis
742 3363 791 3432 ud
805 3365 991 3433 comitatum
1008 3361 1195 3434 Hollaodlc.

303 3513 366 3584 llio
381 3511 539 3586 Alberlus
557 3535 630 3584 oum
648 3534 770 3605 magna
787 3517 938 3608 potencia
954 3513 1180 3604 descendens
1198 3520 1389 3588 comitamm

254 3609 427 3682 Hollandie
439 3609 650 3701 etselandie„
668 3613 939 3704 quivaoavemnl
954 3614 1105 3706 imperio,
1123 3623 1157 3684 el
1171 3633 1256 3706 quaos
1275 3637 1388 3686 comcs

253 3708 443 3801 chgowie
466 3719 706 3802 occupaverat,
731 3707 980 3803 apprehendere
1001 3710 1140 3800 volens,
1169 3716 1390 3804 premonitusl

254 3830 273 3878 a
282 3807 422 3908 patrueli
441 3829 501 3880 sua
513 3805 554 3877 tle
565 3803 718 3900 Kybung„
735 3827 841 3878 uxore
858 3809 984 3881 comitis
995 3807 1038 3877 de
1050 3807 1193 3897 Clavem
1211 3809 1302 3902 quod
1313 3833 1388 3882 om-

308 3955 337 4024 l)
357 3956 488 4026 Agnetem
509 3961 578 4010 salzb
591 3954 621 4009 Α.
637 3954 725 4008 binzu.
762 3954 792 4021 2)
813 3969 844 4009 so
864 3953 893 4008 G.
909 3953 964 4008 und
977 3955 1009 4008 Α.
1026 3961 1147 4026 lampone
1167 3955 1193 4009 B.
1232 3955 1265 4024 3)
1281 3957 1391 4013 llieraul

255 4029 281 4083 in
296 4027 324 4082 B.
340 4027 399 4082 eine
418 4027 496 4082 liieke
514 4043 566 4082 von
587 4031 656 4080 elwa
674 4025 730 4079 vien
747 4031 860 4092 morien,
885 4025 928 4079 die
944 4025 972 4078 G.
997 4027 1108 4080 auslblll
1132 4027 1215 4081 dunch
1243 4033 1272 4082 el
1296 4030 1389 4084 mullas

256 4098 320 4153 alios
341 4099 511 4153 munitiones.
543 4097 574 4164 4)
594 4095 736 4152 Elisabeth.
766 4099 796 4162 5)
811 4097 897 4161 Anna,
916 4096 996 4151 deren
1017 4103 1102 4152 ersten
1120 4097 1227 4166 gemabl
1246 4097 1389 4157 llenmann.
1468 4085 1469 4124 l

157 4205 161 4214 ·
256 4167 505 4236 nichtWaldemar,
528 4183 583 4224 von
607 4165 800 4236 Brandonbmg
823 4183 887 4220 wan.
934 4167 965 4232 6)
994 4167 1124 4223 liudolfus
1145 4167 1387 4242 B.,AdolpbusC.

257 4239 287 4305 7)
308 4237 380 4292 dedii
396 4239 458 4292 lehll
473 4239 499 4292 in
515 4238 542 4292 B.
574 4239 606 4304 8)
625 4237 777 4292 immonllus
796 4237 834 4306 B„
852 4237 1016 4307 premunitus
1035 4239 1066 4294 Α.
