2982 4824
424 236 466 295 ua
484 237 648 298 caeneus
668 237 712 296 aa
731 237 881 297 vrrmuo.
1081 325 1085 334 .
1144 239 1215 318 705

102 407 264 503 stratae,
286 411 530 488 ecaudannatc
546 414 681 488 Reaieri
699 417 732 487 in
749 439 826 488 cccc
842 413 925 488 libre
945 437 965 488 e
982 413 1169 490 llessuccic
1186 419 1220 488 in
1234 426 1300 484 teet

102 505 174 580 dccc
193 510 270 583 eia
297 523 445 586 scareata
472 536 538 587 une
564 523 653 586 torre
679 513 735 587 del
762 514 847 588 dicto
863 513 1069 603 Memnonio,
1097 513 1158 587 cbe
1184 515 1220 586 iu

102 603 255 698 d'Angelo
281 608 527 703 diSalamare,
556 612 588 685 la
615 613 713 707 quale
739 623 835 688 stava
863 623 980 686 acautc
1014 612 1079 684 alla
1109 611 1219 686 strada

102 699 180 874 geg:
194 711 275 800 perti
291 705 346 780 del
363 713 473 804 pesci3
496 732 517 782 c
534 709 569 782 lu
589 729 653 783 una
671 731 755 804 gran
776 721 865 784 torre
882 715 937 806 piu
952 711 1013 784 ebe
1030 710 1120 783 nulla
1137 711 1220 783 altra

121 821 138 870 e
193 806 276 878 citta.
675 861 677 868 ,
1335 827 1338 834 ·

142 899 237 975 Anno
255 904 376 980 domiui
393 907 564 982 mccxlii.
581 897 784 982 li'Viterbcsi
801 907 948 980 audarnc
964 910 1002 980 in
1015 909 1147 982 assediu
1164 909 1221 980 ael

99 1005 220 1074 terreno
245 1002 278 1074 di
294 1004 413 1094 Roma,
436 1014 472 1077 et
487 1015 637 1080 stactem
653 1009 722 1080 xiiii
747 1006 781 1078 di
806 1007 861 1078 nel
882 1027 976 1079 mese
998 1004 1163 1098 diligito,
1187 1016 1222 1078 et

99 1109 246 1184 guastaro
262 1100 327 1174 due
345 1103 473 1176 castelli
491 1104 586 1176 l'uno
606 1103 767 1177 chismate
783 1104 870 1178 Lusa
886 1104 993 1177 l'altro
1009 1103 1219 1196 Lcngheane.

98 1189 130 1264 ln
148 1199 219 1290 quel
238 1221 325 1272 auno
341 1201 561 1296 l'imperature
574 1201 735 1274 Fodericc
752 1200 898 1276 secondo
915 1203 949 1273 ie
965 1201 1017 1273 sar
1032 1205 1067 1273 in
1081 1199 1220 1274 Viterbo
1463 1251 1464 1288 ᾖ

97 1311 156 1362 uuo
177 1293 269 1369 bello
289 1306 323 1368 et
342 1297 470 1390 grande
494 1300 644 1394 palanzo,
667 1302 723 1374 nel
747 1300 843 1395 quale
863 1301 898 1372 le
914 1299 966 1372 far
988 1323 1053 1372 una
1077 1298 1223 1371 terribile
1350 1369 1352 1374 Α
1463 1313 1464 1316 ’

96 1392 264 1484 pusaeus,
288 1395 374 1469 della
393 1398 489 1492 quale
506 1399 528 1469 li
544 1397 716 1472 Viterbesi·
729 1399 762 1470 la
782 1401 962 1469 temivano¹
983 1400 1091 1484 assai3
1115 1407 1148 1468 et
1165 1400 1220 1487 gia

96 1487 216 1566 eiecto
242 1493 276 1565 el
299 1492 384 1568 dieto
405 1499 602 1591 imperatore
626 1499 772 1589 signare.
788 1495 819 1567 di
842 1493 980 1568 Viterbo
1004 1517 1024 1566 e
1047 1493 1220 1592 dispcuiva

95 1588 208 1682 quoto,
228 1590 293 1684 che
313 1594 447 1667 releva.
531 1629 533 1632 ·
852 1647 854 1652 ,

95 1684 225 1860 Vllapp
244 1694 369 1786 sequitu
385 1692 420 1764 lc
435 1692 580 1766 lancata
593 1691 625 1765 di
637 1691 839 1766 Gbottiiredc
850 1715 870 1765 e
881 1693 913 1766 di
924 1691 1104 1770 Lunailotto
1121 1713 1219 1786 sopra

124 1785 184 1858 iter
227 1841 236 1860 .

251 1887 303 1960 lie
326 1893 476 1980 aequitio
500 1893 619 1962 ciuium
652 1892 790 1962 tttarto.

136 1979 358 2060 OViterbium
376 1991 492 2063 civitas
509 1985 626 2062 nobilis
642 1999 675 2060 et
692 2011 824 2079 amena,
841 1991 906 2062 iam
923 1987 1073 2064 obierunt
1088 1991 1133 2060 tui
1151 1987 1219 2080 filit

91 2081 140 2170 qut
157 2089 190 2152 te
214 2098 438 2176 agnoscentes
462 2089 640 2159 tenerrime
665 2084 862 2176 tssexcrunt,
889 2097 922 2158 et
945 2086 1169 2158 conducentes
1186 2098 1220 2158 te
1330 2171 1335 2180 .

90 2177 120 2246 in
136 2199 294 2274 magnum
318 2183 513 2279 triumphum
539 2195 573 2256 et
591 2187 625 2255 in
642 2182 799 2256 mirabilia
821 2184 907 2256 iacta
924 2185 1075 2256 lecerunt
1092 2194 1124 2254 te
1140 2185 1220 2277 pul-

90 2295 177 2348 cmm
194 2286 247 2352 ct²
262 2281 347 2354 iorte
365 2293 399 2354 et
415 2279 562 2364 mirabile
578 2285 675 2354 nimis
691 2292 838 2376 aspectu.
861 2279 930 2353 lam
947 2283 1093 2375 preteriit
1110 2279 1221 2374 quod·
1343 2353 1345 2358 ,

69 2369 160 2464 ‚dam
177 2385 323 2474 tempus,
351 2379 437 2475 quod
456 2391 490 2454 te
513 2375 673 2454 insensati
689 2379 840 2454 homines
856 2378 1067 2474 possiderunt
1084 2387 1117 2448 et
1134 2374 1218 2450 abs-

88 2469 231 2562 tuemur
257 2498 374 2552 omnes
397 2481 537 2552 virtutes
565 2487 599 2548 et
625 2476 872 2551 dominationes.
908 2475 990 2548 ltem
1019 2474 1223 2551 abstulerunt

87 2565 139 2640 tibi
155 2567 280 2646 bouum
297 2575 402 2648 altare
415 2579 584 2664 mancum„
602 2573 687 2670 quud
701 2573 870 2670 prestabat
885 2595 1040 2666 magnum
1058 2573 1222 2646 numam

88 2675 119 2738 et
137 2689 298 2764 magnum
315 2671 512 2769 triumphum
527 2683 656 2748 tuorum
682 2676 899 2764 inimicorum
923 2670 967 2743 de
984 2693 1048 2766 quc
1065 2671 1222 2743 donatic-

87 2771 178 2840 uem³
195 2770 359 2844 iecerunt.
389 2773 565 2867 Postquam
582 2769 766 2844 Vitcrbium
783 2771 886 2842 altere
903 2769 1084 2866 predictum
1102 2771 1222 2857 amisit,

88 2865 258 2942 molestari
277 2872 433 2964 incapite
451 2870 559 2942 multis
578 2879 611 2940 et
628 2872 729 2941 variis
749 2866 1020 2958 tribulationibus,
1043 2889 1124 2961 quas
1148 2869 1222 2960 pri-

86 2965 181 3038 mitus
199 2966 407 3040 nullomodo
431 2965 627 3040 sustinebas.
645 2964 740 3038 'Item
764 2966 824 3038 luit
847 2964 1044 3038 debellatum
1061 2970 1095 3036 in
1112 2973 1222 3037 monte

86 3058 329 3155 dorbacense,
352 3087 417 3160 quo
440 3074 605 3139 transacto
628 3066 736 3136 amisit
761 3065 946 3135 comitatum
972 3059 1121 3134 eiusdem
1147 3085 1222 3134 cum

84 3157 240 3236 omuibus
261 3165 331 3237 suis
348 3165 478 3252 mauis,
503 3173 536 3234 et
558 3169 787 3257 expugnatum
808 3159 867 3232 iuit
885 3158 927 3231 ad
943 3169 1087 3232 monem
1104 3160 1222 3231 Petto-

84 3277 172 3330 nem.
205 3260 343 3334 Revera
360 3263 497 3335 sumatis
524 3281 637 3349 unum‚
666 3257 753 3354 quud
769 3256 811 3328 dc
829 3261 898 3331 suis
917 3267 969 3330 est
988 3254 1139 3329 omuibus
1158 3279 1222 3330 su-

83 3352 256 3450 pradietis,
274 3361 348 3452 quia
365 3368 498 3453 propter
515 3356 624 3430 odium
642 3367 676 3429 et
690 3355 848 3428 iuvidiam
864 3375 949 3427 unus
967 3354 1106 3428 destruit
1122 3355 1223 3428 alium
1246 3403 1252 3414 ·

83 3472 151 3526 nau
174 3455 286 3530 solum
309 3459 344 3527 iu
364 3477 510 3551 persona
534 3453 594 3528 sed
618 3457 716 3526 etiam
738 3455 773 3526 in
796 3453 867 3527 aliis
890 3452 1009 3541 rebus3
1036 3456 1145 3549 itaque
1162 3456 1223 3526 vix

82 3563 205 3642 posset
221 3553 336 3648 aiqus
353 3545 557 3649 aliquatenus
575 3555 746 3625 extimare.
768 3552 927 3639 Quamvis
945 3552 1036 3623 multi
1055 3551 1164 3622 dicant
1178 3548 1222 3620 de

84 3645 226 3722 Viterbii
244 3654 389 3742 cinare,
405 3650 494 3747 qued
511 3671 644 3745 semper
660 3659 788 3726 crescat
800 3653 834 3720 in
850 3647 950 3737 bebo,
968 3657 1079 3720 amen
1095 3669 1162 3718 non
1177 3650 1221 3718 ita

81 3757 148 3838 cst,
167 3749 258 3842 quod
276 3759 406 3825 crescat
416 3747 588 3838 sut-tatto,
605 3751 704 3820 immo
715 3746 898 3818 decrescit·
912 3744 957 3818 Et
967 3767 1068 3840 quare
1082 3743 1222 3816 accidit?

80 3843 180 3930 Quod
199 3845 352 3920 homines
370 3845 412 3918 ad
428 3848 572 3919 invicem
587 3843 710 3918 babent
727 3865 766 3918 se
783 3843 867 3916 odio.
885 3841 997 3933 ltem[
1018 3844 1145 3938 rupter]
1164 3845 1241 3912 tna·

78 3941 226 4034 vidiam‚
249 3954 374 4018 astrum
390 3955 424 4016 et
440 3941 627 4040 superbiam
644 3963 759 4015 eorum
780 3942 887 4014 emisit
903 3866 1085 4012 viterbium
1102 3939 1220 4012 multm

77 4039 270 4133 granditas
288 4052 323 4115 et
338 4041 468 4118 dividas
486 4063 560 4116 cum
578 4041 685 4114 multis
703 4038 798 4113 bonis
816 4037 940 4112 usibus.
1004 4057 1007 4066 ·

128 4139 317 4234 Propterea
334 4150 542 4236 preterquam
554 4141 737 4236 ¹imperator
753 4134 876 4210 rubeus
887 4135 1067 4210 Feden'cus
1082 4133 1122 4208 ab
1140 4134 1222 4208 urbe

137 4257 169 4330 l)
190 4260 317 4320 teuivtmu
336 4262 376 4319 bs.
412 4259 444 4335 2)
462 4268 490 4320 et
507 4266 549 4320 est
566 4261 607 4318 bs.
644 4261 675 4332 3)
695 4257 840 4320 donatione
858 4259 901 4316 bs.

134 4377 439 4424 somsssasosrsst.
973 4375 1009 4436 45
