2946 4822
392 255 560 312 mortuns
580 253 918 314 ttottwttttotttfflmsts.
1145 261 1216 334 153

64 425 133 524 ipsi
154 429 309 502 Rndolio
327 431 496 502 commisit.
538 429 599 517 Qui
618 451 692 500 eom
709 428 914 520 eberhardo„
938 429 1003 503 filio
1026 435 1131 526 patrui
1153 437 1216 525 sui5

64 527 166 599 dedit
192 551 358 618 uxorem,
381 530 528 601 retinens
553 525 613 600 sibi
637 528 813 599 dominium
837 531 870 599 in
892 528 1050 624 Kyhnrg7
1078 531 1216 603 scilicet:

63 625 291 714 wintertur„
308 624 562 718 Diessehoven,
585 625 719 717 Boden,
736 624 938 718 Mellingenn
956 627 1118 720 Arowo‚¹
1138 629 1217 700 Fri-

63 723 225 817 hurgum
239 721 435 795 Ochtlondie
453 733 487 795 et
503 724 643 818 quedem
661 725 734 796 elio.
761 723 953 815 Assignons
965 725 1098 797 tandem
1108 727 1216 798 eidem

62 823 237 916 patrueli,
256 831 429 916 postquem
443 821 638 916 aliquamdiu
650 843 723 893 cnm
735 821 818 892 duce
829 820 1034 914 Burgundio,
1052 825 1216 896 avunculo

63 943 149 1010 suo,
170 917 379 1008 monebatur„
398 923 549 1014 superius
566 918 756 1009 dominium„
775 919 860 1014 qnod
878 942 975 993 socer
992 923 1063 993 eius
1081 932 1216 995 ametro

64 1043 146 1108 sun.³
169 1039 296 1090 sorore
313 1016 405 1089 ducis
416 1017 584 1109 Zaringie„
602 1015 723 1093 hebuit,
743 1018 884 1091 scilicet:
901 1016 1170 1110 Burgdors'l’une
1184 1031 1217 1092 et

64 1119 149 1207 alie,
170 1137 244 1209 que
261 1115 348 1186 illins
365 1117 538 1209 posteritas
556 1113 652 1186 hodie
669 1126 768 1187 tenet.
805 1116 881 1188 Alio
899 1135 983 1187 vero
1000 1117 1072 1210 ipse
1083 1115 1215 1190 Rudol-

62 1216 121 1286 fus
143 1237 214 1286 sue
235 1215 415 1306 posteritati
432 1213 568 1306 reliquit.
604 1211 681 1307 Ipse
699 1235 783 1286 vero
801 1214 956 1308 patruelis
968 1223 1001 1285 et
1012 1215 1084 1286 eius
1095 1225 1214 1311 poste-

64 1317 152 1383 ritas
173 1311 341 1403 deinceps
358 1332 424 1381 non
442 1309 484 1380 de
501 1308 680 1403 Hobsburg
697 1311 757 1384 sed
779 1310 820 1381 dc
837 1307 978 1406 Kyhurg
1001 1323 1077 1384 sunt
1092 1315 1214 1401 vocati,

65 1433 110 1481 eo
128 1408 230 1505 quod
254 1405 333 1478 illud
351 1406 527 1479 dominium
550 1407 637 1480 eliud
660 1413 822 1504 precessit
845 1419 1006 1502 tempore,
1032 1405 1158 1482 diviciis
1182 1422 1215 1483 et

65 1508 218 1580 honore.
346 1505 426 1577 Erat
443 1517 552 1577 ontem
569 1509 734 1600 antiquum
757 1515 901 1580 castrum
918 1503 1059 1600 Kphurg
1081 1507 1158 1579 olim
1180 1511 1214 1580 in

65 1607 263 1698 Brisgoyo„
283 1627 328 1677 ex
344 1607 493 1699 opposito
503 1623 590 1675 nunc
601 1607 699 1676 castri
710 1603 951 1695 Friburgensis.
979 1603 1060 1676 Cum
1108 1606 1214 1677 colim

67 1704 144 1775 dux
162 1703 327 1794 Zur-inpie
345 1725 364 1771 o
383 1703 509 1775 sororio
527 1722 601 1792 suo,
619 1703 738 1774 comite
756 1701 797 1772 de
808 1700 961 1794 Kyburg,
977 1705 1067 1797 pree·
1090 1725 1130 1776 us
1147 1701 1214 1774 ob-

66 1805 248 1890 uouisset,
273 1797 358 1893 qnod
376 1801 499 1889 annuit,
529 1797 645 1870 ducem
670 1797 782 1870 iecere
806 1798 937 1870 domum
959 1803 1153 1873 venacionis
1180 1804 1214 1872 in

69 1909 192 1971 monte
222 1901 322 1969 castri
345 1894 599 1989 Frihnrgensis,
623 1919 708 1967 uxor
731 1899 843 1968 territo
868 1893 948 1968 dixit
971 1899 1094 1968 comiti:
1129 1901 1216 1969 Bene

69 2001 167 2068 dreit
182 1995 294 2081 frater
312 2015 411 2085 mnes,
436 1998 526 2084 qood
548 1997 678 2066 domm
700 1997 888 2065 omoeioois
911 1995 958 2064 ibi
979 1995 1092 2079 socero
1115 2000 1215 2085 veliet,

70 2099 160 2183 poia
179 2095 354 2164 cecoton
371 2102 403 2164 et
418 2094 558 2182 ospello!
572 2113 631 2163 nos
645 2111 707 2182 per
724 2096 830 2182 ipsam
848 2095 977 2162 domum
995 2101 1027 2164 ct
1042 2097 1082 2164 ric
1101 2098 1216 2184 porti-

73 2195 136 2264 bus
155 2196 242 2263 cletis
277 2189 372 2278 Quot
389 2201 424 2261 et
438 2185 586 2262 brevitor
601 2189 721 2260 factum
739 2189 806 2261 mit.

70 2348 122 2416 De
142 2351 253 2414 morte
271 2346 364 2414 dume
382 2343 539 2432 Zarinpie
556 2349 697 2431 tempore
714 2345 877 2412 friderici
894 2346 1109 2431 imperatoris.

142 2479 282 2550 Mortuo
299 2487 409 2548 eutem
427 2487 574 2570 tempore
592 2474 748 2547 Fridon’ci
765 2475 942 2548 Berhtoldo
961 2475 1044 2548 duce
1061 2476 1216 2570 Zaringie

75 2573 311 2671 [floreret.
323 2575 386 2664 18]
407 2578 463 2646 nni
480 2575 607 2646 sororio
625 2572 667 2643 dc
678 2570 819 2667 Kphurg
836 2575 937 2646 cessit
951 2574 1028 2645 itud
1040 2574 1216 2648 dominium

72 2682 105 2750 in
123 2670 350 2766 Burgendem
375 2673 468 2744 elteri
488 2670 641 2764 Egenoni
667 2695 740 2742 cum
763 2669 877 2760 barba„
901 2674 1009 2744 comiti
1034 2670 1075 2742 de
1093 2671 1215 2763 Urachq

72 2777 182 2847 cessit
198 2770 347 2843 inferius.
374 2771 435 2858 Qui
445 2767 566 2861 Egeno
583 2771 728 2840 moriens
746 2769 875 2863 reliquit
892 2767 975 2840 dnos
993 2767 1093 2842 filios:
1121 2769 1216 2841 Con-

72 2873 196 2945 radum
216 2871 396 2959 seniorem,
414 2870 465 2938 oni
484 2869 585 2939 cessit
602 2865 778 2937 dominium
796 2869 828 2937 in
845 2866 1010 2958 Brisgoim
1028 2865 1215 2960 etEgeno-

72 2993 169 3058 nem,
188 2971 242 3040 cui
260 2969 362 3040 cessit
378 2965 553 3037 dominium
571 2967 603 3034 in
621 2963 776 3053 suenio„2
794 2987 812 3033 o
831 2985 894 3058 qno
912 2968 1048 3037 comites
1067 2963 1108 3035 de
1125 2966 1215 3036 Fur-

75 3065 246 3158 stenberg
289 3073 512 3136 recesserunt.
553 3061 724 3134 Conrodos
743 3083 827 3134 vero
851 3083 964 3132 comes
982 3060 1214 3154 Fribnrgensis

74 3168 227 3238 moriens
247 3085 416 3254 [21271]
435 3161 565 3254 reliquit
581 3159 664 3230 duos
685 3157 786 3232 iiiios:
814 3157 1011 3250 Egenonem
1036 3162 1214 3248 seniorem,

75 3267 130 3336 cni
156 3264 262 3334 cessit
285 3259 460 3331 dominium
485 3255 729 3348 1⁴'rn‘hurgenseq
758 3266 791 3327 et
813 3255 1010 3345 Henricumq
1040 3259 1090 3328 eui
1115 3261 1214 3329 cessit

75 3357 304 3449 Nuwenburg
327 3367 361 3428 et
377 3355 518 3428 Redemi
555 3356 616 3444 Qui
633 3354 796 3426 Henrious
815 3377 888 3424 cum
906 3352 1127 3446 anenbnrg
1144 3375 1214 3425 ve-

74 3461 197 3546 nisset,
222 3459 331 3526 animo
348 3454 527 3547 recipiendi
544 3457 577 3523 in
595 3455 737 3524 crastino
754 3451 942 3524 fidelitatem
959 3450 999 3522 ob
1016 3449 1214 3541 hominihus„

74 3560 108 3626 in
128 3575 210 3627 sero
228 3551 290 3624 sub
314 3551 461 3622 macellis
485 3549 654 3622 cniusdam
678 3546 855 3640 burgensis
878 3571 1018 3620 uxorem
1043 3553 1212 3644 stupravit.

76 3655 219 3748 Propter
237 3647 322 3744 qnod
340 3647 664 3740 anenbnrpenses
689 3647 732 3717 ilii
750 3645 937 3720 fidelitatem
955 3645 1067 3718 secere
1084 3669 1214 3718 renne-

76 3761 161 3822 runt.

78 3881 274 4007 pnpcehgepenpn
295 3885 376 4006 pilipp)
392 3880 494 4006 chmoph
514 3879 614 4006 depti
631 3878 709 3935 theiis
729 3877 767 3934 ols
787 3878 850 3933 erbe
868 3877 1025 3934 Hortmonns
1041 3877 1065 3932 d.
1082 3881 1115 3947 tt,
1134 3876 1211 3931 theiis

95 3971 111 4008 n
199 3969 232 4007 on
264 3967 316 4006 ron
378 3967 455 4006 erar
493 3969 527 4007 nn
591 3969 651 4008 nnc.

130 4041 160 4108 1)
180 4040 272 4096 Badeo
291 4041 365 4095 steht
382 4039 440 4095 hier
458 4041 594 4096 noctrmcts
614 4041 641 4095 in
655 4039 682 4095 B.
716 4037 747 4108 2)
766 4038 845 4094 Diese
864 4037 986 4106 theiiung
1004 4036 1120 4106 eriolgtc
1140 4035 1213 4092 nicht

80 4121 154 4168 noter
172 4113 225 4166 den
246 4112 352 4166 etthoen
371 4111 491 4179 Egeno's
511 4113 558 4168 mit
576 4111 635 4166 dem
655 4111 739 4182 berte,
757 4111 875 4166 sondern
894 4115 971 4164 unter
990 4108 1088 4163 dessen
1103 4108 1210 4176 enticis,

83 4183 185 4238 ttonrnt
206 4187 274 4250 (von
290 4182 434 4249 Freiburg)
454 4183 506 4238 und
521 4182 643 4237 Heinrich
664 4187 729 4250 (von
744 4179 945 4251 Ftirstenberg).
979 4177 1009 4248 3)
1029 4177 1210 4236 Bodenweiier

85 4253 149 4311 Ursi»
170 4254 225 4310 und
244 4269 279 4309 so
299 4253 367 4308 noch
386 4257 483 4325 spiter.
1013 4265 1019 4277 ·
