3010 4822
272 233 345 310 550
612 233 787 294 musicus
812 228 1065 289 sueoooeuttsue.

188 417 259 480 ieet
273 434 347 487 oum
364 409 579 505 processione
596 411 677 482 oleri
694 407 911 504 Neapolitani¹
933 428 1054 481 versus
1065 416 1211 480 montem
1221 405 1396 480 huriusnodi

273 513 459 584 exiverunt.
510 507 552 580 Et
568 510 723 580 inventus
741 505 906 600 prediatus
923 507 1059 576 ereutita
1078 515 1131 578 est
1146 505 1273 576 elautus
1291 508 1325 576 iu
1339 527 1395 598 pa-

272 629 358 704 pam.
411 605 508 680 Unde
523 603 669 680 delicatis
687 602 767 678 ethis
784 625 851 676 non
868 612 1037 693 assuetus,
1065 605 1193 675 cineres
1215 606 1397 696 semperiu

272 705 409 803 prandio
426 707 549 798 petivit.
600 703 644 776 Et
659 725 725 776 una
741 704 884 774 nuntium
903 725 922 772 a
940 698 1145 774 eubiculuriis
1171 699 1313 772 delicato
1335 697 1398 772 cilo

273 815 307 876 et
323 813 400 899 potu
416 801 503 874 hene
521 812 714 897 procuratus
731 803 818 874 eirea
832 799 1004 872 candelam
1019 800 1212 893 irrequisitis
1226 796 1398 872 ourdinoli·
1484 815 1485 818 ’

272 901 334 976 bus
353 903 479 976 movit
495 901 621 995 aliquos
639 897 837 989 mandes„
863 921 937 972 oum
962 907 1073 969 tamon
1100 895 1143 967 de
1168 895 1398 970 eonsuetudiue

274 1001 426 1076 Romane
447 998 589 1073 eoelesie
606 1019 674 1070 uon
691 1000 733 1072 sit
749 997 861 1069 faeere
882 995 1079 1085 carduales,
1097 996 1159 1068 nisi
1176 993 1219 1064 de
1239 1015 1400 1068 muscoso

274 1099 411 1171 oliorum
429 1095 642 1169 nardinalium
659 1098 740 1168 etin
758 1097 952 1170 oonsistorio
969 1091 1108 1187 publioo.
1135 1091 1232 1166 Unde
1249 1089 1293 1165 de
1311 1113 1400 1168 mane

274 1197 328 1269 alii
345 1193 530 1268 cardinales
548 1193 719 1266 audientes
736 1190 800 1264 hoo
813 1197 1040 1266 inconsuetum
1058 1189 1198 1280 tanturn,
1215 1193 1325 1284 ipsum
1341 1213 1401 1286 pa-

274 1316 350 1389 pam
367 1295 485 1365 aeriter
502 1295 735 1459 oomfuerant.
787 1289 884 1363 Unde
909 1299 1060 1362 narratur
1077 1289 1120 1359 de
1136 1287 1307 1360 Boniiaoio
1324 1311 1401 1362 sue-

274 1411 411 1464 eessora
429 1411 490 1464 suo
507 1411 571 1484 quo
610 1388 743 1462 luant:
770 1390 911 1480 Spiritus
926 1395 1058 1459 suadeo
1076 1390 1205 1476 neapo
1218 1405 1295 1476 uos,
1321 1388 1402 1458 sun-
1484 1427 1485 1432 =

273 1491 448 1586 plieitatenl
466 1488 645 1561 advertens
663 1491 775 1581 ipsius.
801 1487 844 1559 Et
860 1490 894 1560 in
910 1495 1007 1558 noete
1025 1507 1099 1558 oum
1118 1483 1205 1556 idern
1217 1483 1402 1560 Gelestiuus

272 1591 305 1660 in
325 1587 411 1658 lento
429 1607 490 1658 suo
507 1588 644 1674 lauerat,
661 1588 694 1656 in
714 1585 854 1680 quadm
871 1607 977 1656 eauna
994 1605 1054 1677 per
1071 1582 1220 1655 ἕοηωῦῃ
1233 1585 1286 1656 sui
1306 1582 1403 1656 laud-
1484 1619 1485 1628 2

276 1687 377 1758 liures
393 1687 500 1778 ipsum
512 1680 772 1777 alloquebantur,
790 1681 876 1777 quod
885 1683 1089 1754 renuntiaret
1099 1682 1243 1775 papatui,
1258 1679 1311 1752 his
1322 1702 1403 1752 uer-

275 1781 344 1857 bis:
364 1783 434 1853 Nirt
446 1789 608 1872 popam
625 1784 773 1871 dimittes,
798 1784 944 1852 summm
969 1781 1110 1868 emito,
1134 1781 1227 1872 quasi
1246 1777 1311 1852 hae
1339 1799 1405 1850 vox

276 1880 430 1952 divinitus
455 1888 547 1952 esset
572 1881 683 1951 missa.
735 1878 778 1950 lit
800 1881 849 1950 sio
872 1877 1022 1950 induetus
1046 1879 1177 1970 papatui
1199 1878 1404 1948 renunciavit

274 1989 308 2048 et
325 1978 586 2050 constitutionem
610 1975 781 2048 verbalem
805 1975 900 2066 lenit,
924 1977 997 2070 quia
1021 1973 1191 2047 illiteratus
1214 1973 1297 2062 luit‚
1321 1975 1406 2062 quod
1484 2013 1485 2020 κ

272 2095 367 2166 popo
378 2081 491 2163 posset
504 2077 701 2146 renunciare
708 2077 860 2165 papatui,
878 2095 942 2168 qure
957 2069 1055 2144 hodie
1066 2068 1404 2144 habeturDerenuuo.
1484 2085 1485 2172 t

185 2177 187 2182 ’
277 2174 440 2263 ottonum
455 2169 509 2244 lib.
531 2175 575 2243 vi.
615 2173 678 2260 Qui
694 2183 769 2266 post
785 2169 848 2243 hoo
864 2171 992 2242 modion
1009 2171 1405 2263 temporasupervivens,

273 2268 359 2343 bone
376 2271 444 2342 vito
461 2267 531 2344 dies
554 2291 632 2344 suos
651 2269 768 2360 linivit,
790 2279 824 2341 et
840 2271 1052 2341 canonizatus
1072 2267 1131 2338 luit
1157 2288 1217 2361 per
1241 2265 1406 2338 dominum
1484 2267 1485 2276 ’

272 2367 476 2441 Bonifaeium
494 2389 725 2442 suooessorem
736 2389 845 2457 suunt,
862 2370 896 2438 in
913 2366 1064 2456 catalogo
1076 2374 1265 2438 sanatorum
1276 2367 1406 2458 osuin—

272 2475 339 2556 tus,
356 2469 390 2538 in
407 2467 539 2538 civitate
556 2465 676 2560 Aquila
694 2475 747 2538 est
764 2465 922 2560 sepultus.

322 2562 510 2638 Boniladus
528 2585 612 2658 papa
636 2573 774 2637 oeuvus
797 2565 887 2657 prius
913 2572 1050 2638 vocatus
1076 2561 1298 2649 Benediotus,
1321 2583 1406 2634 auno

273 2660 392 2732 domini
412 2660 679 2735 moelxxxxiiii.
702 2660 788 2752 [deo.
806 2661 870 2751 sd]
890 2661 1035 2752 eleonis,
1062 2657 1148 2734 sedit
1163 2662 1260 2732 annis
1278 2659 1407 2747 denam,

273 2761 381 2831 minus
398 2755 526 2833 duobus
546 2756 725 2834 mensibus.
753 2758 816 2830 llio
832 2758 891 2830 luit
907 2779 1029 2850 magne
1046 2758 1215 2830 literature
1232 2766 1267 2828 et
1283 2755 1407 2829 defen-

275 2877 332 2928 sor
348 2855 429 2928 oleri
446 2857 616 2930 secularis.
652 2857 754 2930 Anno
771 2859 876 2950 primo
895 2859 1069 2928 revocavit
1085 2875 1203 2928 omnes
1220 2857 1350 2946 grades
1366 2854 1408 2924 de

273 2953 505 3028 eeclesiastiois
529 2951 698 3028 benefieiis
733 2954 837 3026 sacas
866 2977 926 3048 per
956 2953 1039 3026 duos
1069 2952 1276 3025 immediatos
1304 2975 1408 3048 papas

273 3061 507 3146 enteoessores
525 3074 618 3142 suos,
645 3051 816 3124 Nioolaum
842 3062 992 3147 quartum
1017 3062 1052 3125 at
1074 3048 1279 3124 Celestinurn
1306 3053 1409 3146 quiu-

270 3157 352 3241 tunu
370 3158 405 3221 ut
420 3159 509 3244 patet
523 3147 576 3220 Da
593 3170 724 3224 oonoes.
743 3147 879 3244 proban.
900 3172 928 3220 e.
950 3149 1119 3239 Quonwm
1136 3146 1190 3221 lib.
1210 3151 1255 3220 vi.

188 3237 257 3296 ¹29⁷
321 3246 422 3320 Auno
437 3251 532 3322 tertio
551 3270 678 3341 graves
697 3269 877 3344 processus
894 3247 971 3320 teuit
981 3257 1093 3319 eontra
1107 3245 1268 3342 quosdam
1278 3245 1410 3320 nobiles

271 3347 440 3420 Romanos
458 3345 502 3416 de
519 3344 700 3443 Oolumpna
717 3355 922 3441 nuncupatos
938 3355 971 3418 et
993 3355 1154 3438 potentes.
1206 3344 1306 3416 Unde
1324 3345 1410 3418 duos

270 3441 455 3519 cardinales
472 3441 627 3516 laoobunr
644 3444 799 3516 videlieet
816 3454 849 3515 et
864 3445 997 3515 Petrum
1013 3441 1056 3514 de
1079 3441 1200 3516 eadem
1216 3441 1317 3516 domo
1344 3443 1410 3514 de-

269 3545 389 3636 posuit,
409 3551 443 3613 et
460 3545 594 3636 stirpem
610 3541 700 3614 illam
715 3539 883 3634 indignam
901 3538 1069 3614 benefieiis
1081 3542 1317 3614 eoelesiestiois
1333 3541 1411 3612 fecit

270 3660 377 3733 usque
394 3647 541 3734 quartam
557 3643 827 3732 generationem,
845 3649 879 3712 ut
895 3649 984 3733 patet
1007 3635 1104 3710 hodie
1120 3638 1173 3710 De
1190 3637 1362 3712 solrisurat
1381 3661 1409 3708 c.

270 3758 337 3810 uno
351 3736 406 3810 lib.
425 3740 469 3809 vi.
521 3736 618 3810 Unde
635 3736 778 3832 predicta
797 3740 894 3831 stirps
913 3736 955 3807 de
973 3733 1055 3808 urbe
1073 3739 1176 3808 eiecta
1197 3741 1356 3830 perrexit
1368 3732 1409 3805 ad

269 3856 387 3927 regem
406 3833 558 3926 Franeie,
577 3839 630 3930 qui
646 3839 752 3929 ipsam
770 3837 983 3923 manutenuit
1002 3834 1135 3926 eollegit
1151 3845 1186 3906 et
1203 3838 1362 3928 suscepit

185 3947 256 4006 teos
318 3933 419 4004 Anno
437 3943 551 4028 quarto
569 3937 762 4028 oomposuit,
780 3941 813 4003 et
829 3953 889 4025 per
906 3953 986 4006 suos
999 3932 1166 4026 compilari
1182 3933 1261 4004 lenit
1272 3941 1404 4004 sexuum

268 4029 384 4102 librum
401 4030 627 4121 tarentum,
644 4034 677 4102 in
694 4053 759 4126 quo
776 4030 894 4101 multas
912 4029 1008 4103 utiles
1035 4032 1283 4104 eonstitutiones
1300 4029 1402 4102 inseri

268 4125 357 4218 feeit
375 4137 410 4200 ut
426 4138 515 4224 patet
534 4129 596 4202 hoe
611 4131 757 4200 intuenti.

324 4250 353 4321 1)
372 4249 437 4308 alias
455 4250 565 4310 Romani
583 4250 668 4310 luben
689 4247 732 4308 die
750 4250 806 4308 hss.
825 4249 903 4309 theiis
923 4265 973 4314 vot
990 4249 1069 4312 llroils
1088 4250 1155 4316 utel
1174 4248 1346 4327 Neapolitani.
