2982 4824
294 255 472 318 umottrtln
491 255 682 318 mensuum!
700 257 810 319 Gustu
828 256 1067 320 nuumroutttt.
1175 261 1243 340 671

115 435 150 504 in
166 434 333 527 presentia
352 433 486 506 militum
505 435 613 508 siccus
632 436 782 511 simulne
799 437 832 508 in
853 446 940 509 terre
958 435 1045 510 fixus
1063 439 1199 512 virescit
1216 449 1249 511 et
1343 531 1346 536 ,
1484 479 1485 526 r

116 551 163 604 ex
180 553 219 604 se
236 540 304 606 tres
324 532 474 627 pullcncs
493 535 567 605 sive
585 555 695 608 mmos
712 534 909 628 pullulantes
927 537 1049 607 emittit.
1076 535 1145 608 Sed
1162 559 1247 609 unus

115 632 269 701 contnuo
292 632 385 702 aruit
419 628 612 724 Respondet
637 635 795 706 rusticus:
821 633 859 704 Si
873 653 939 704 non
963 637 1011 704 ita
1026 632 1248 725 smthmneba

115 736 182 797 tres
198 729 297 798 darn
312 729 533 800 muneramus
548 733 584 799 ia
599 749 665 800 unc
677 749 788 819 regno,
805 733 865 801 sed
879 749 966 801 nnne
980 731 1168 804 habebimus
1184 736 1249 804 nisi
1323 763 1325 768 ·

116 827 207 896 duos.
237 823 336 896 Vadit
352 829 493 898 rusticus
511 849 584 898 cum
602 830 651 900 eis
669 825 825 899 inhabito
843 848 917 917 suo,
941 828 1048 902 donee
1065 835 1247 927 appropin-

7 995 10 1002 ,
116 933 303 1016 quavarunt
327 945 388 1018 per
412 923 494 995 duas
518 923 634 1004 diens,
650 923 690 997 ad
715 924 873 998 dominas.
907 923 1078 1000 Intellecta
1102 928 1247 1002 adventu

115 1021 228 1092 rustici
245 1017 401 1094 mundant
416 1044 477 1117 per
491 1030 592 1093 totam
609 1032 743 1112 terram,
766 1033 802 1093 ut
824 1021 952 1098 nobiles
969 1023 1011 1095 ud
1034 1025 1143 1099 locum
1161 1050 1247 1100 oon-

115 1119 265 1208 vem'ant,
289 1121 403 1213 inquo
422 1119 540 1190 ducem
565 1123 743 1215 suscipiant
759 1131 966 1194 reverenter.
998 1121 1094 1195 Mittit
1117 1122 1247 1196 domina

114 1225 232 1288 vestes
256 1213 340 1288 duce
363 1215 494 1310 dignas,
521 1237 601 1288 auro
625 1226 659 1291 et
679 1223 817 1309 argento
842 1228 1014 1293 contextas
1038 1230 1071 1292 et
1093 1224 1246 1315 pretiosis

115 1315 256 1403 gemmis
273 1323 423 1404 amatas,
441 1315 567 1406 caligas
585 1325 619 1386 et
634 1312 783 1386 lumbare
800 1317 890 1387 miris
908 1317 1051 1392 artificiis
1064 1317 1246 1410 deductas,

114 1419 149 1480 et
165 1431 286 1483 aureos
305 1403 503 1503 subtudares,
529 1415 714 1503 margaritis
733 1422 766 1484 et
783 1411 935 1507 saphyris
953 1425 986 1487 et
1004 1417 1075 1489 aliis
1092 1419 1245 1512 pretiosis

114 1503 277 1601 lapidibus
295 1511 476 1584 intertexta.
508 1505 654 1582 Induitur
677 1513 818 1583 mstious
839 1507 1007 1602 regalibus
1032 1518 1246 1605 ornamentis,

113 1602 175 1678 sed
200 1605 387 1679 nullatenus
413 1609 488 1699 cogi
510 1611 613 1702 potuit
638 1609 802 1680 rusticana
827 1608 1041 1682 calciamentu¹
1066 1609 1244 1706 deponere.

112 1701 243 1774 Timent
259 1703 376 1775 milites
392 1706 562 1776 incurrere
580 1702 711 1776 domim
727 1705 821 1796 iram,
847 1707 876 1780 si
893 1728 968 1778 oum
984 1705 1101 1781 talibus
1120 1708 1246 1782 caloia-

111 1803 233 1872 mentis
244 1821 386 1896 sponsus
398 1799 587 1874 ducaturad
598 1823 764 1896 sponsam.
783 1801 977 1895 Significant
987 1803 1117 1878 domina
1131 1809 1244 1902 sponsi

111 1899 324 1992 pertinaciam
341 1901 374 1970 iu
390 1898 454 1971 boo
470 1897 565 1972 facto.
592 1899 640 1972 Aa
656 1899 710 1972 illa
730 1909 766 1972 ut
782 1899 927 1995 prudens
948 1902 1150 1978 voluntatem
1166 1927 1245 1976 ma-

110 1998 164 2066 riti
187 2017 254 2066 non
277 1999 412 2069 extimat
435 2000 508 2070 sine
531 2019 645 2087 causa,
671 1996 803 2070 mandat
818 2008 855 2070 ut
871 2001 901 2070 ei
921 1997 1092 2074 obediatur
1116 2005 1150 2075 in
1166 2024 1245 2074 om·

110 2089 219 2164 nibus.
252 2091 461 2167 Conveniunt
476 2096 575 2187 igitur
595 2091 637 2167 ad
653 2098 782 2190 nuptias
801 2092 842 2165 nd
860 2094 1069 2190 designatum
1086 2100 1194 2172 locum
1212 2111 1246 2173 et

110 2185 309 2265 anobillbus
332 2213 422 2265 novo
439 2190 570 2266 domno
590 2191 626 2266 bt
641 2195 817 2284 omagium.
850 2189 1005 2288 Loquitur
1029 2207 1063 2268 ut
1086 2196 1167 2287 dux,
1191 2199 1244 2292 qui
1273 2286 1278 2293 .

109 2291 202 2384 prins
226 2291 376 2380 agrarius
402 2291 543 2364 rusticus
564 2291 682 2381 luerat,
707 2300 740 2361 et
762 2287 847 2362 bona
869 2312 930 2384 spe
947 2293 1045 2384 erigit
1060 2297 1244 2367 universo-

109 2403 184 2458 rum
210 2389 345 2460 animos.
377 2386 518 2482 Pracipit
541 2383 727 2461 subtulares
746 2409 825 2462 suos
849 2391 1032 2460 rusticanos
1051 2410 1184 2486 semper
1201 2387 1243 2462 de

109 2494 225 2556 cetero
240 2507 313 2556 eum
325 2483 489 2558 thesauris
502 2489 570 2558 suis
582 2496 616 2558 et
627 2506 859 2558 successorum
877 2505 1011 2560 suorum
1030 2509 1103 2558 oum
1121 2509 1243 2582 magna

108 2579 279 2673 diligentia
297 2580 459 2656 custodiri.
487 2579 630 2656 Causam
646 2593 756 2654 tamen
773 2581 961 2656 manifestat
977 2589 1132 2680 precepti.
1156 2587 1243 2677 Seia,

108 2681 224 2774 inquit,
251 2683 340 2770 qnod
355 2699 397 2751 ea
413 2698 464 2751 rne
480 2699 681 2753 mensores
703 2690 805 2770 erunt,
828 2683 886 2769 eui
905 2683 1027 2754 atomis
1042 2692 1077 2754 et
1084 2689 1244 2773 potestate

106 2777 368 2848 sublimabuntur
382 2782 481 2850 etiarn
499 2797 598 2870 usqne
615 2783 663 2850 ad
681 2781 808 2870 reptant
824 2781 1023 2871 dignitatem,
1039 2784 1100 2852 sed
1116 2785 1243 2852 demum

106 2878 145 2945 in
169 2877 355 2964 superbiant
379 2880 497 2950 eteoatr'
518 2897 653 2968 regnum
677 2885 710 2948 et
733 2881 886 2948 unaamm
912 2879 1090 2950 omniunt.
1125 2880 1247 2952 Sedet

106 2973 235 3043 abuero
245 2981 400 3062 mantum
413 2978 448 3046 in
460 2995 511 3046 rna
525 2985 573 3047 est
581 2975 739 3064 superbie,
756 2975 939 3046 submtnrea
954 2996 1042 3047 meos
1058 2981 1244 3050 rmdeauos

107 3089 184 3140 eum
209 3071 369 3142 bunaria
387 3076 472 3162 poni
492 3077 651 3163 precipio,
673 3073 995 3143 nomannorum
1018 3078 1190 3146 muttimdo
1207 3079 1242 3146 in
1272 3107 1276 3112 ·

71 3165 74 3171 ’
105 3161 295 3258 superbiam
311 3173 398 3262 eripi
411 3175 553 3242 onomat
565 3188 774 3260 antemnates,
790 3187 917 3258 semper
932 3171 1116 3243 submtares
1131 3173 1242 3260 respi-

105 3269 277 3338 danesse
300 3271 341 3339 rte
367 3271 488 3339 rustico
508 3276 602 3340 namt
622 3267 723 3353 [unae
741 3269 962 3358 recordante,
990 3271 1088 3340 etad
1106 3270 1242 3340 humitt-

107 3371 208 3434 tutem
224 3369 333 3455 pressi
351 3367 544 3455 snperbiam
558 3369 664 3438 nitent.

157 3461 239 3534 Tem
262 3484 321 3533 ors
337 3462 393 3534 illo
410 3483 474 3557 qrro
493 3485 583 3534 eram
594 3463 703 3556 Prage
717 3469 810 3533 erant
828 3464 882 3535 isti
899 3459 1086 3538 subtulares
1102 3466 1137 3536 in
1155 3487 1242 3559 qua-

106 3555 184 3630 dam
201 3483 300 3632 nobili
317 3559 457 3633 ecelesia
475 3559 611 3632 Boemie
629 3582 704 3632 eum
720 3559 886 3634 thesauris
902 3564 1004 3653 regis.
1030 3561 1073 3634 Et
1089 3562 1243 3633 dixerunt

105 3653 186 3727 mihi
202 3655 334 3747 fratres,
358 3655 487 3752 quanm
504 3679 568 3730 rex
584 3654 813 3746 coronabatur,
841 3659 926 3729 inter
944 3659 1020 3750 alia,
1038 3655 1242 3752 quatiebant

81 3752 141 3824 in
164 3750 218 3824 die
242 3757 479 3845 coronationis,
504 3758 578 3848 regi
601 3753 737 3850 predicti
762 3751 948 3828 subtulares
972 3752 1239 3828 ostendebantur.

104 3847 202 3937 Quot
222 3848 341 3928 dietum
359 3861 412 3926 est
428 3850 470 3922 de
488 3851 630 3948 superbo
655 3849 877 3943 regnintum,
901 3853 954 3944 qui
972 3872 1032 3945 spe
1056 3849 1239 3924 diutiarum

104 3946 253 4022 confisus
265 3951 297 4020 in
309 3959 432 4022 tanum
445 3948 630 4045 superbiam
647 3951 845 4040 erigeretur,
863 3946 949 4041 quod
966 3957 1099 4042 propter
1116 3968 1240 4040 super-

103 4041 193 4116 biam
213 4044 398 4120 deiceretur
417 4055 451 4120 et
468 4047 704 4136 humiliaretur,
728 4043 769 4115 ad
793 4040 946 4119 Otareum
968 4066 1086 4136 regem
1101 4043 1240 4116 Boemie
1292 4114 1296 4123 ,

102 4145 272 4238 pertinere
296 4143 505 4218 manifestum
528 4155 591 4234 est,
615 4145 669 4238 qui
688 4144 871 4214 innumeris
896 4139 1045 4214 adunatis
1069 4139 1189 4214 divitiis
1206 4143 1239 4212 in
1282 4208 1284 4212 .

101 4237 259 4335 superbia
277 4240 384 4315 elatus
401 4241 583 4338 confidens,
601 4233 753 4318 tumtum
768 4236 919 4332 Austrie,
936 4237 1035 4312 Stirie
1052 4247 1149 4336 atque
1167 4235 1241 4310 Ca-
