2900 4820
436 211 956 279 mmmnsnunwannunuunsns.
1188 217 1261 296 257

133 420 201 471 non
218 399 302 472 ultra
320 397 362 472 ad
378 401 593 474 ministerium
609 394 823 488 admiserunt,
846 397 999 468 timentes
1027 416 1102 466 cum
1127 415 1260 468 convc—
1276 403 1347 462 tate

131 499 225 570 nisse
242 495 327 570 ciam
351 495 392 568 dc
417 493 589 590 aliquibus¹
610 519 685 568 cum
710 505 853 590 captore.
905 493 1043 587 Propter
1066 491 1152 588 quod
1174 497 1260 566 inter

132 616 192 667 cos
214 593 380 669 discensio
404 605 457 668 est
480 592 640 668 suborta.2
681 593 812 666 Mortuo
836 602 946 664 autem
969 593 1098 662 interim
1114 587 1260 664 Iohanne

132 691 174 762 de
193 689 375 787 Columpna
394 691 561 783 cardum,
579 695 633 788 qui
651 693 889 788 preposituram
906 687 1134 781 Mogontinam
1151 685 1260 760 habe-

130 787 199 880 bat,
226 789 391 884 predictus
419 787 461 862 de
479 789 697 864 Vetkenstein
714 799 772 861 et.
793 844 800 862 .
820 789 844 860 A
864 786 905 860 de
922 785 1118 882 Spanheim⁴
1134 789 1169 858 in
1185 783 1260 862 dis-

133 886 246 960 cordia
263 899 338 962 sunt
356 889 461 962 electi.

131 1037 212 1110 item
232 1043 455 1209 Ψὲᾗινεω
475 1043 610 1211 οοσιιέιὶιοῧ
632 1043 673 1112 de
698 1039 898 1129 Wirtenterp
918 1044 951 1108 et
967 1019 1198 1128 burcprcoe'nm
1220 1037 1262 1107 dc

264 1157 306 1208 ur
366 1156 425 1228 erp
445 1159 509 1229 erp
550 1159 614 1209 rot.
1039 1187 1042 1194 -

183 1269 260 1344 Rex
278 1283 386 1345 autem
408 1271 485 1345 licet
509 1276 645 1346 comites
670 1273 711 1344 dc
727 1269 945 1364 Wirtenberg
968 1281 1000 1343 et
1022 1269 1262 1364 burggravium

134 1368 177 1442 de
195 1365 395 1464 Niirenberg
411 1373 445 1442 in
462 1382 554 1466 parte
571 1375 808 1466 promissorum
826 1368 1020 1464 expedierit,
1045 1367 1125 1442 elios
1149 1379 1261 1442 tamen

133 1469 267 1559 multos,
284 1466 430 1563 pluribus
448 1465 616 1544 mensibus
627 1467 785 1540 Bohemie
802 1471 918 1562 pagani
935 1465 977 1539 dc
993 1469 1165 1562 promissis
1176 1490 1262 1560 gra-

134 1571 223 1642 viter
249 1576 477 1660 expectantes
506 1569 638 1638 minime
666 1567 843 1661 expedivit.
894 1565 989 1639 Uxor
1016 1568 1103 1637 enim
1130 1567 1201 1638 eius
1230 1573 1264 1636 et

133 1662 298 1737 Iohannes
322 1663 424 1735 frater
441 1665 558 1760 aliique
575 1663 725 1753 Bohemi,
749 1687 792 1735 ne
817 1665 892 1758 per⁵
911 1665 1128 1756 erogaciones
1145 1660 1262 1736 Bohe-

135 1767 234 1833 miam
252 1759 449 1851 destrueret
472 1767 669 1837 restiterunt.
721 1761 866 1833 Golleota
890 1765 978 1834 enim
1002 1758 1077 1832 inihi
1101 1762 1263 1857 imposita,

136 1883 200 1955 quc
223 1853 334 1931 aurcos⁶
351 1858 478 1954 dicitur,
502 1873 534 1934 et
557 1881 646 1936 novo
669 1861 743 1954 regi
771 1856 878 1932 debita
906 1857 992 1956 apud
1008 1856 1173 1934 Bohcmos
1201 1879 1263 1930 re-

138 1961 267 2032 mansit

139 2109 288 2199 Qualiter
316 2114 511 2228 imperante
543 2119 782 2227 postmortem
812 2115 1020 2204 imperatoris
1051 2113 1266 2183 concordavit

235 2229 309 2280 cum
327 2229 395 2282 sets
412 2228 581 2300 pompeo.

186 2339 616 2416 MortuoeutemLudowico
623 2340 1145 2439 principcBeatrixdeHollandiu
1153 2343 1266 2415 relicta

138 2443 223 2530 eius,
247 2463 321 2512 cum
367 2443 506 2533 rivignis
531 2438 734 2516 concordans
757 2443 847 2536 ipsos
871 2440 1045 2535 plurimum
1062 2437 1266 2512 confortavit.

136 2535 343 2610 Discordan'
367 2548 528 2610 usautcm
539 2538 680 2612 Rudolso
692 2537 879 2610 ctRuberto
891 2535 1266 2610 nauuusacnuheno

139 2655 255 2706 eorum
264 2633 423 2727 fratrueli„
434 2636 586 2709 Palatinis
597 2636 697 2726 nent„
708 2658 783 2707 cum
794 2633 867 2707 tiliis
879 2633 1021 2708 dehrnoti
1032 2638 1196 2731 principisq
1208 2656 1267 2728 pro

139 2753 182 2803 eo
199 2731 285 2827 quod
302 2731 467 2805 dicebant:
488 2736 551 2804 sitit
567 2739 602 2804 in
619 2733 772 2818 inferiori
787 2735 934 2806 Bouaria
950 2737 1098 2806 similiter
1114 2753 1187 2804 mem
1202 2737 1270 2804 iltis

139 2833 190 2900 ius
211 2840 399 2922 competere,
424 2829 563 2927 dataque
581 2841 615 2902 et
636 2834 798 2926 promissa
817 2835 866 2904 cis
884 2841 973 2904 certa
991 2833 1129 2926 pecnnia
1148 2839 1182 2901 et
1197 2827 1267 2902 hu·-

138 2927 279 3000 iusmodi
296 2927 505 3002 discensione
523 2950 561 3001 so
584 2932 643 3000 ite:
662 2950 742 3000 ecce
759 2928 933 3001 Heinrious
949 2927 1176 3021 Mogontinus,
1194 2927 1267 2999 Lu-

139 3023 289 3098 dowicus
307 3023 451 3098 marchio
467 2953 813 3118 Branienourgensm
831 3021 997 3099 Robertus
1015 3027 1194 3116 Palatinus.
1216 3027 1269 3097 cui

138 3123 172 3193 in
188 3121 253 3194 hoc
269 3123 323 3195 alii
340 3123 404 3196 duo
422 3133 674 3214 consenserant,
698 3133 733 3194 et
748 3122 865 3196 Ericus
884 3122 953 3196 dtux
968 3121 1128 3213 Saxonis,
1154 3125 1205 3194 cui
1223 3141 1268 3194 ex

141 3223 355 3293 successione
378 3224 479 3316 patris
504 3224 567 3314 sui,
591 3224 731 3294 senioris
757 3220 899 3293 Rudolfo
922 3217 1019 3310 duce.
1047 3223 1098 3292 ius
1123 3217 1269 3311 eligendi

141 3328 329 3412 competere
347 3316 526 3409 dicebatur,
552 3321 703 3413 quamvis
720 3316 881 3391 Rudolius
899 3315 1010 3389 Karoli
1034 3317 1156 3388 elector
1180 3338 1269 3410 que-

141 3412 215 3486 dem
234 3413 388 3507 donninia,
406 3414 521 3511 quibus
539 3419 752 3511 principatum
766 3437 933 3488 armenum
945 3417 1077 3505 asserit
1096 3411 1269 3488 senatore

141 3511 325 3606 protendat
343 3510 384 3584 de
403 3513 558 3606 eligendo
574 3535 659 3605 rege
677 3514 754 3603 alio,
772 3535 846 3585 cum
860 3514 1055 3586 electionem
1065 3512 1267 3584 Karoiiirri-

142 3619 207 3680 tam
224 3621 390 3702 asserant,
407 3608 655 3684 concordarunt.
698 3609 875 3706 Missisque
895 3633 955 3705 per
972 3631 1032 3684 eos
1072 3611 1173 3684 luries
1191 3608 1267 3684 sol·-

141 3703 326 3802 lempnibns
343 3712 470 3782 nunciis
488 3707 531 3780 ad
545 3706 735 3782 Eduardum
751 3730 869 3800 regem
885 3707 1011 3802 Angiic
1029 3634 1154 3802 sinque
1172 3705 1269 3778 elec-

196 3855 228 3925 1)
247 3855 442 3914 municionibus
462 3855 704 3930 archiepiscopatus
723 3854 861 3913 tradendis
880 3853 994 3912 scheitct
1010 3852 1068 3910 hier
1081 3854 1111 3910 A.
1132 3851 1201 3935 noph
1221 3850 1273 3935 ein.

142 3923 173 3993 2)
192 3935 304 4000 propter
322 3944 454 4000 expensas
473 3934 501 3984 et
519 3929 613 3984 damna
640 3945 706 4002 qaas
726 3933 753 3983 et
771 3945 822 3999 quc
842 3926 982 3983 conradus
1002 3926 1035 3979 de
1053 3923 1143 4006 Kirkel
1167 3939 1194 3980 m
1220 3939 1273 3980 mr·
1379 3986 1384 3996 Ι

143 3997 256 4054 misterio
275 4015 306 4054 se
325 3999 441 4055 asseruit
458 3998 618 4056 sustinuisse
637 3998 708 4054 steht
724 3997 783 4054 hier
800 3997 870 4054 noch
889 3996 916 4052 in
931 3997 962 4052 A.
1000 3997 1030 4064 3)
1049 3994 1214 4051 Bernhardus
1229 3993 1275 4050 hei

143 4067 176 4124 A.
196 4075 261 4125 stutt
278 4070 327 4125 der
344 4069 422 4126 ittclre
440 4069 466 4125 in
482 4071 509 4125 B.
545 4071 576 4138 4)
596 4068 717 4126 canonici
736 4068 849 4125 ecclesie
867 4066 1080 4138 nogununensis
1101 4067 1161 4138 itgt
1174 4066 1206 4121 A.
1220 4063 1273 4121 bei.

144 4143 177 4208 5)
194 4155 243 4212 per
260 4147 347 4198 unas
365 4142 397 4197 A.
433 4142 465 4208 6)
490 4140 674 4212 thersetnung
697 4141 747 4196 des
773 4138 946 4220 bohmisctrlen
968 4144 1084 4195 mortes:
1113 4137 1211 4208 horna,
1235 4133 1274 4192 ais

145 4216 219 4267 utre
237 4227 267 4267 es
286 4213 406 4268 deutsctr.
444 4213 475 4280 7)
495 4211 619 4270 iratribus
638 4229 670 4270 ac
688 4210 804 4269 ituberto
825 4210 891 4269 tehit
909 4227 935 4268 m
955 4210 983 4268 B.

216 4333 512 4382 souuumronrnsr.
1031 4330 1064 4392 17
