3036 4822
396 265 561 326 cunctum
580 263 775 326 vetusttuu
793 263 992 324 Sl'lllllNSlUll.
1185 264 1254 342 341

126 463 198 516 mm
225 442 403 537 imperator
429 443 604 514 exemerit¹
631 441 724 512 cives
742 438 932 535 spirenses,
959 461 1002 510 ne
1029 437 1174 532 episcopi
1197 461 1258 534 pro

125 552 192 615 tem
237 564 275 612 re
299 541 438 635 amplius
464 539 578 612 abeis
603 541 781 629 exigerent
806 541 871 628 ius,
899 536 986 633 quod
1012 534 1259 612 heubtreoht

126 639 201 714 dioe
223 649 296 710 atur
316 637 429 731 [1182
446 641 510 710 moi
528 635 622 727 27].2

176 735 374 810 Godefridus
390 738 530 810 mviii.
549 737 692 809 ecclesie
707 732 874 829 Spirensis
892 735 1066 829 episcopus
1084 731 1209 806 resedit
1224 735 1258 808 in

126 859 168 910 ea
180 837 275 908 suuis
285 835 363 924 xv3,
377 830 555 908 aliisvsuh
567 836 661 905 annis
673 832 833 906 dominice
847 834 1077 908 iucarnationis
1088 831 1257 906 mclxvi.

176 929 350 1006 conradus
366 934 518 1006 xxxviiii.
537 932 681 1004 ecclesie
699 930 866 1024 Spirensis
890 933 1065 1025 episcopus
1082 927 1208 1004 resedit
1223 931 1258 1003 in

124 1056 168 1106 ea
186 1033 280 1104 anuis
297 1053 383 1120 xxv,
401 1031 472 1102 aliis
490 1053 524 1102 v.

174 1127 305 1204 uanos
332 1129 378 1202 xl.
409 1127 552 1202 ecclesie
583 1126 751 1224 Spirensis
790 1129 965 1226 episcopus
1000 1123 1124 1200 resedit
1152 1129 1185 1200 in
1216 1148 1258 1200 ee

125 1249 223 1301 annus
241 1251 293 1300 rur.

175 1326 308 1442 Ulricus
333 1324 401 1397 xli.
433 1325 576 1398 ecclesie
603 1323 770 1420 Spirensis
800 1325 975 1423 episeopus
1004 1322 1129 1400 resedit
1156 1325 1190 1400 in
1217 1345 1259 1398 ea

125 1445 222 1496 eunus
239 1445 306 1494 vm.

176 1519 251 1592 Otto
267 1520 346 1592 xlii.
365 1522 507 1596 enclesis
525 1522 692 1617 Spirensis
717 1523 892 1617 episcopus
914 1517 1040 1592 resedit
1056 1521 1088 1592 in
1106 1541 1146 1592 ea
1164 1521 1259 1596 anuis

123 1621 162 1691 xi
180 1623 266 1690 circa
285 1641 390 1690 nnnos
408 1618 569 1690 dominice
586 1621 816 1692 incarnationis
834 1619 998 1690 mcxovi.

177 1715 350 1788 Comedus
368 1714 410 1786 de
427 1716 632 1788 Scherienek
655 1717 833 1811 imperialis
851 1717 925 1788 avrle
943 1716 1160 1789 cancellarius
1177 1713 1259 1788 Me·-

124 1816 231 1886 tensis
255 1817 429 1909 episeopus
455 1823 488 1886 et
504 1814 593 1886 xliii.
611 1813 778 1908 Spirensis
804 1813 946 1887 ecclesie
971 1815 1156 1909 episcopus.
1193 1811 1260 1886 lste

125 1909 301 1984 Conradus
326 1909 463 2006 adeptus
482 1923 533 1983 est
551 1915 775 2007 episcopatum
795 1932 881 1983 enno
905 1909 1026 1982 domini
1049 1913 1258 1984 m.c.xc.viiii.

123 2009 209 2080 ltem
227 2030 313 2080 enno
331 2007 451 2080 domini
468 2032 560 2082 mcc.
583 2009 698 2100 [1210
709 2031 786 2101 aug.
798 2009 862 2099 29]
883 2005 1068 2098 Comedus.
1086 2029 1198 2081 comes
1216 2009 1259 2082 de

123 2105 227 2178 Zolre
245 2115 279 2176 et
293 2103 493 2196 burgravius
518 2106 560 2176 de
577 2105 789 2198 Nuremerg.
813 2109 1005 2178 constitutus
1028 2109 1062 2176 in
1085 2109 1259 2200 presencia

124 2202 255 2275 Ottonis
287 2206 391 2298 quarti
424 2207 629 2299 imperatoris
659 2205 883 2278 Romanorum
912 2213 1055 2276 castruun
1084 2202 1258 2296 merburg,

124 2300 213 2396 quod
232 2297 273 2370 ab
291 2301 432 2372 ecclesie
450 2300 599 2396 Spirensi
615 2305 649 2373 in
666 2301 800 2374 feudum
818 2304 932 2390 tenuit,
956 2304 989 2371 in
1006 2321 1123 2372 manus
1141 2299 1258 2395 prelati

124 2395 270 2469 Conradi
288 2399 432 2492 episcopi
449 2397 553 2471 libere
570 2403 756 2492 resignavit
766 2409 799 2470 et
809 2398 885 2470 illud
904 2399 1046 2470 ecclesie
1062 2397 1212 2492 Spirensi
1224 2401 1257 2470 in

122 2505 321 2590 perpetuum
349 2495 467 2569 dimisit
494 2495 703 2570 absolutum.⁴
738 2497 821 2568 ltem
848 2518 934 2568 anno
961 2494 1081 2566 domini
1108 2497 1257 2568 mccvii.

122 2593 274 2689 prelatus
293 2591 463 2665 Comedus
489 2597 664 2689 episcopus
689 2596 864 2666 ecclesiam
882 2597 985 2666 suncti
1003 2590 1166 2688 seprdchri
1184 2613 1259 2664 oum

124 2687 279 2762 omnihus
298 2693 367 2762 suis
385 2691 585 2786 appendiciis
603 2691 730 2763 tradidit
747 2693 890 2762 ecclesie
907 2695 940 2761 in
956 2689 1207 2781 ueniendum.
1224 2700 1260 2762 ut

124 2790 314 2956 ξῖθροείιυε
326 2785 444 2955 illridem
455 2789 645 2957 φυίἱθὲῑὺιιε
657 2789 697 2860 ad
710 2799 858 2906 sanptum
876 2787 1086 2957 sepiulkplprum
1103 2791 1260 2957 existens-

123 2898 547 3056 ntttttt‘tttt
561 2907 1030 3078 ttttlttltltttt
1047 2907 1260 3056 tulta?

125 3081 205 3152 dart
228 3080 327 3151 iaciat
347 3078 389 3150 ibi
416 3081 488 3152 lieri
514 3105 575 3153 sue
598 3083 814 3177 professionis
838 3091 1051 3169 conventum.
1078 3081 1185 3175 quood
1208 3084 1261 3154 ius

125 3177 341 3248 diocesanom
367 3181 522 3273 episcopo
544 3183 684 3252 civitatis
707 3184 741 3251 in
765 3177 914 3252 omnibus
938 3173 1143 3250 obedituris.⁶
1176 3177 1261 3249 Item

125 3296 215 3346 anno
233 3273 354 3344 domini
371 3279 532 3348 mccviii.
551 3277 716 3372 Philippus
734 3277 957 3349 Romanorum
982 3297 1046 3348 rex
1061 3273 1261 3368 Babenltorg

124 3373 259 3443 occisos
282 3375 326 3442 xi.
345 3371 409 3444 kal.
428 3372 495 3445 iulii
518 3373 607 3463 otiu,
630 3374 727 3469 Spire
751 3373 909 3469 sepultos.
945 3373 982 3446 ln
1000 3376 1092 3446 cuius
1113 3376 1261 3470 corporis

125 3469 353 3562 deportatione
385 3481 520 3565 patruus
554 3475 626 3544 eius
654 3470 859 3562 Fridericus.
893 3481 971 3544 tunc
998 3493 1061 3544 rex
1087 3469 1197 3545 Sicilie
1227 3479 1262 3542 et

123 3566 264 3659 Apule.
288 3565 387 3639 heres
410 3572 506 3660 regni
522 3567 706 3641 Ierusalem
731 3579 766 3640 et
788 3570 856 3640 dux
872 3568 1000 3642 Svevie
1025 3570 1201 3642 ecclesiam
1226 3571 1261 3638 in

122 3663 295 3756 Eslingen,
315 3687 388 3736 cum
412 3665 562 3739 omnibus
587 3669 714 3740 iustitiis
741 3679 774 3739 et
798 3665 1012 3762 proventibus
1036 3669 1105 3740 suis
1126 3691 1167 3738 ec
1188 3669 1260 3736 iure

123 3771 319 3856 patronatus
347 3764 489 3837 ecclesie
517 3763 667 3858 Spirensi
695 3763 781 3836 dono
808 3764 897 3835 dedit
926 3763 1039 3855 [1213
1065 3764 1135 3836 dec.
1160 3763 1259 3853 26].7

123 3861 234 3948 Quam
258 3859 467 3933 donationem
490 3881 535 3932 ex
555 3872 641 3956 post.
666 3861 744 3934 dum
769 3862 874 3934 lactus
899 3871 970 3932 erat
992 3865 1169 3956 imperator
1184 3861 1260 3933 Ro-

124 3978 313 4046 manorum,
337 3979 383 4029 ex
405 3961 515 4030 innato
539 3958 790 4033 mansuetudine
808 3968 841 4031 et
858 3959 1018 4053 imperiali
1040 3957 1261 4030 munificentia

124 4063 288 4150 perpetuo
307 4053 494 4127 duraturum
513 4057 719 4129 confirmavit
735 4079 821 4129 anno
839 4077 1015 4129 mccxxv.
1037 4055 1148 4146 [1225
1159 4055 1261 4145 iul.].⁸

182 4201 212 4256 lt
231 4203 291 4257 W.:
311 4204 417 4260 exemit.
452 4207 484 4273 2)
502 4206 625 4276 llemllng
644 4205 669 4272 l.
689 4205 748 4262 121.
785 4207 816 4270 3)
836 4205 909 4260 Eoo:
929 4219 990 4260 xxv.
1027 4203 1058 4273 4)
1077 4203 1094 4260 Ι.
1114 4223 1136 4259 e.
1157 4203 1182 4273 l,
1202 4204 1261 4262 115.

125 4275 160 4345 5)
178 4273 239 4331 W.:
257 4274 438 4336 Declreodorl.
474 4277 505 4346 6)
518 4277 639 4350 llemling
653 4277 678 4348 l,
697 4276 756 4338 141.
794 4278 824 4346 7)
843 4277 859 4338 Ι.
874 4293 897 4332 o.
911 4275 937 4351 1,
956 4273 1016 4332 147.
1051 4277 1083 4348 8)
1096 4274 1112 4331 l.
1126 4291 1148 4332 c.
1163 4276 1188 4352 l,
1202 4275 1261 4344 its.
