2882 4818
259 191 332 264 160
558 186 726 246 nannns
745 183 1085 246 ncnwnnoononrtsrs.

259 365 429 438 clamaret:
457 363 525 453 ipsi
540 363 690 453 fuciunt!
695 369 703 407 ¹
723 361 880 458 idipsum
899 364 1001 436 ceteri
1018 361 1206 432 clamarent
1242 358 1338 448 Quod
1354 369 1385 430 et

258 464 456 535 factumest.
493 462 558 533 Per
575 461 660 554 quod
679 464 777 532 territi
796 471 871 534 sunt
886 459 1034 534 Bohenri.
1066 459 1240 531 Heinricus
1258 481 1385 552 quoque

258 560 407 632 Schttrlin
420 559 581 648 chvua
596 562 742 652 episcopi
751 557 944 632 Basiiiensis
957 561 1112 648 servitor,
1130 554 1257 628 habens
1268 577 1385 649 equum

256 659 459 748 indomitum„
476 677 666 751 pressuram
677 679 796 730 cornus
808 679 869 728 seu
880 659 1018 728 acuciei²
1030 658 1196 730 exercitus
1207 655 1301 744 regis
1313 654 1387 725 sui-

258 757 346 827 ierrc
363 777 430 828 non
441 755 573 845 valens,
591 764 676 826 tacto
693 775 778 847 equo
789 777 864 826 oum
875 753 1068 844 calcaribus
1085 749 1386 847 primnsBohemcs

258 857 388 926 invasit.
421 853 577 946 Dixitque
593 875 672 926 rex:
705 853 838 942 Tempus
860 861 909 924 est
929 862 966 924 ct
986 855 1041 924 iiic
1064 856 1212 922 iuvetur..
1240 847 1388 942 initoque

259 952 408 1024 conflictu
431 949 596 1047 predictus
613 949 745 1040 valens,
778 953 832 1044 qui
849 949 971 1022 donum
988 948 1121 1022 Otckcri
1138 950 1276 1041 recepit,
1301 969 1387 1038 cog-

258 1072 403 1123 noscens
420 1071 538 1140 regem
556 1049 707 1142 quamvis
725 1044 949 1120 absconditum
965 1070 1026 1142 per
1043 1046 1196 1142 scapulas
1208 1043 1386 1138 proclivas„

257 1151 368 1221 occiso
386 1170 483 1241 equo,
500 1168 618 1239 regern
633 1148 812 1240 prostravit
828 1148 859 1216 in
878 1156 1009 1217 terram.
1035 1144 1253 1233 Quovalente
1264 1145 1386 1214 occiso.

258 1267 332 1318 cum
350 1248 533 1320 servitores
556 1245 648 1335 rogis
672 1265 731 1337 pro
754 1245 857 1336 ipsius
882 1245 1048 1315 erectione
1072 1243 1226 1334 occupari
1250 1240 1386 1314 vellent

257 1365 321 1414 rex
336 1343 432 1414 dixit:
460 1345 533 1412 ,rien
550 1345 669 1413 curctis
686 1345 727 1412 de
743 1361 802 1428 mc,
819 1361 885 1410 con
902 1343 1013 1412 osteis
1029 1345 1070 1413 tte
1087 1361 1152 1410 utto
1169 1341 1310 1426 conca
1332 1341 1388 1408 sed

253 1443 476 1530 progredimini
492 1443 539 1510 od
554 1439 758 1526 conflictum!
783 1437 831 1508 ilii
845 1461 938 1528 vero,
957 1437 1092 1512 dimisso
1109 1459 1194 1528 rege
1212 1445 1387 1530 prostrato.
1429 1513 1430 1518 ,

257 1538 426 1610 trudentes
455 1549 488 1608 et
514 1535 766 1632 progredientes
791 1537 946 1625 viriliter,
974 1533 1152 1608 Otakarum
1180 1532 1386 1606 occiderunt:
1429 1539 1430 1552 ¹

256 1639 354 1707 irnrno
372 1659 413 1706 eo
430 1647 537 1732 capto,
561 1640 668 1728 ipsum
686 1634 774 1706 finito
792 1634 943 1706 conflictu
960 1633 1091 1728 quidam
1106 1631 1275 1706 Boirenrus
1293 1634 1386 1702 occi-

257 1733 611 1827 dit[1278aug.26].

259 1893 306 1964 De
322 1897 438 1964 relicto
459 1895 598 1966 Otoitort'
614 1899 709 1986 renis,
737 1915 799 1984 qne
818 1905 934 1986 posteo
951 1894 1196 1964 rcotrimonittm
1223 1893 1390 1960 conorari!

356 2011 429 2062 cnm
447 1996 533 2064 dicto
551 1995 710 2064 Zetoiiseit.

307 2124 407 2198 Cuius
424 2127 570 2198 relictam
587 2125 752 2221 predictus
770 2125 938 2200 chtisch
954 2136 1071 2220 postea
1091 2125 1216 2218 recepit
1234 2145 1386 2206 uxorem,

257 2245 356 2317 quern
372 2221 597 2298 Wenzeslaus
621 2247 695 2314 rein
727 2224 859 2296 Otakari
884 2223 982 2312 fitius,
1006 2223 1192 2296 decollavit.
1244 2222 1386 2314 Reliquit

258 2325 344 2394 enirn
356 2317 531 2395 Ottakarus
548 2321 650 2396 filiuni
661 2333 695 2394 et
711 2321 822 2411 iiliarnn
840 2320 955 2417 quihus
967 2323 1137 2396 Romanus
1147 2343 1212 2392 rex
1220 2319 1386 2414 predictus

257 2441 337 2492 suos
360 2417 481 2492 liberos
506 2421 682 2514 copulavit,
709 2421 792 2492 dans
810 2419 1030 2492 Wentneslao
1054 2441 1152 2491 unam
1177 2417 1334 2504 filiarum,
1356 2425 1387 2486 ct

257 2519 363 2590 sorori
380 2517 465 2589 illius
484 2517 584 2588 filium
601 2541 697 2590 suurn
713 2516 900 2590 Rudcliunr.
945 2516 1005 2588 Cui
1022 2519 1128 2592 sorori
1145 2515 1324 2586 dominium
1346 2513 1386 2584 de

257 2613 409 2708 Kyburg,
427 2613 513 2708 quod
530 2617 601 2709 ipsc
618 2638 682 2690 rex
699 2614 760 2690 sihi
776 2619 973 2704 retinuerat„-
988 2615 1215 2705 mergenatico
1233 2617 1306 2684 iure
1322 2612 1386 2682 do-

256 2716 357 2784 navit.
383 2712 544 2786 Rudolius
556 2735 640 2784 vero
657 2714 725 2784 dux
743 2723 857 2806 postea
875 2711 929 2784 diu
947 2715 1104 2800 moriens,
1120 2709 1303 2782 iohannem
1322 2708 1386 2779 du-

256 2833 342 2898 cem,
366 2807 495 2882 Alberti
512 2814 752 2884 strennuissimi
769 2813 861 2902 regis
878 2813 1077 2884 occisorem³
1095 2810 1233 2903 reliquit
1270 2805 1386 2878 Wen·

256 2905 389 2980 zeslaus
407 2929 490 2980 voro
508 2929 571 2980 rex
579 2907 801 2980 Bohcrnorum
819 2905 944 3002 absque
961 2907 1055 2998 briga
1072 2909 1209 2997 vivens,
1227 2907 1338 3000 quiete
1355 2915 1386 2973 et

257 3007 329 3076 sine
347 3007 447 3077 armis
464 3008 498 3076 in
515 3006 600 3077 lecto
617 3009 777 3094 moriensq
802 3005 902 3077 filiurn
920 3016 954 3076 et
970 3003 1053 3078 duas
1071 3005 1154 3077 filias
1172 3023 1218 3076 cx
1242 3001 1385 3098 predicta

255 3123 361 3174 uxore
380 3103 517 3196 reliquit.
560 3101 661 3178 Filius
681 3124 764 3176 vero
781 3102 886 3178 ianus
904 3125 967 3174 rex
983 3125 1045 3196 per
1067 3101 1283 3174 tradicionem
1301 3099 1384 3171 ciam

256 3209 308 3272 est
331 3202 364 3270 in
387 3199 473 3272 lecto
490 3203 630 3274 occisus.
674 3200 783 3272 Unam
806 3223 891 3273 vero
915 3200 1015 3272 filiam
1038 3198 1149 3270 hahuit
1171 3197 1381 3290 H[cinricus]

256 3295 325 3368 dux
335 3295 516 3388 Kerinthia
535 3319 632 3392 quern
649 3319 708 3392 pro
725 3321 811 3390 rege
827 3307 1026 3392 receperunt
1035 3294 1186 3380 Bohemi„
1204 3299 1258 3392 qui
1276 3307 1383 3367 umen

254 3403 388 3488 propter
405 3395 639 3469 infestaciones
656 3394 785 3468 Alberti
802 3399 908 3488 rogis„
935 3397 990 3490 qui
1010 3406 1045 3466 et
1068 3398 1141 3490 ipsc
1164 3394 1266 3465 filiurn
1291 3413 1382 3468 suurn

255 3489 432 3564 Rudciiunr
448 3495 702 3588 primogenitum
712 3491 885 3585 ihiregem
895 3495 1119 3584 wesenerus,
1136 3494 1383 3587 possessionen

254 3589 423 3683 pacificam
450 3589 574 3662 hahere
605 3593 762 3686 nequivit.
813 3590 924 3664 Aliam
951 3613 1035 3666 vero
1062 3589 1160 3662 filiam
1188 3586 1382 3660 Wennesiai

255 3699 370 3781 postea
388 3687 455 3775 diu,
478 3691 596 3762 occisis
621 3691 834 3762 successive*
859 3687 1013 3783 Adclphc
1030 3698 1064 3760 ct
1080 3686 1221 3760 Alberto
1237 3683 1384 3778 regibus.

255 3795 289 3856 et
305 3796 417 3858 creato
433 3786 474 3856 H.
494 3785 537 3858 de
554 3784 778 3878 Liitzelnhurg
794 3787 1018 3860 Romanorum
1034 3788 1247 3879 inperatore,
1263 3785 1383 3874 recepit

255 3886 287 3955 in
311 3905 450 3956 uxorem
475 3895 508 3957 et
534 3907 677 3976 regnum
699 3882 921 3957 Bohcmonrm
945 3908 1018 3957 curn
1043 3905 1084 3956 ea
1107 3881 1275 3954 lohannes
1301 3880 1381 3951 fliius

255 3983 460 4074 imperatoris
486 3981 644 4055 eiusdem.
771 3980 889 4056 Occiso
912 3985 1022 4076 itaque
1040 3979 1198 4069 Otakaro
1221 3977 1380 4051 Rudoiins

310 4125 410 4208 UA*
439 4130 562 4187 clamaret
587 4131 613 4186 in
638 4129 757 4200 vulgari:
783 4133 818 4184 tie
836 4131 954 4199 finitent,
980 4132 1015 4182 ais
1056 4130 1147 4182 'atae'
1182 4128 1215 4196 2)
1240 4144 1272 4183 so
1292 4128 1328 4194 A3
1354 4124 1380 4180 B-

257 4211 364 4252 couerci.
386 4199 417 4266 3)
437 4216 468 4254 so
487 4201 529 4272 A„
548 4219 658 4258 morem
678 4203 705 4257 B.
727 4203 781 4258 und
800 4203 878 4274 Cusp.
916 4203 946 4270 4)
966 4217 999 4258 so
1043 4240 1048 4252 .
1069 4199 1233 4260 successivis
1251 4199 1280 4254 Β.
