2904 4822
276 203 327 280 ω
595 205 771 266 mttttctts
785 207 830 264 DE
842 205 1106 264 ninssttttttovnn.

196 386 265 446 tato
278 376 487 470 evangeliste
506 379 590 473 [apr.
608 378 672 470 25]
692 377 823 452 Ulrieus
841 380 1014 475 episcopus
1032 375 1309 467 &brunnensis
1326 397 1411 472 pro-

277 480 371 553 visus
390 501 408 550 a
426 475 521 569 sede.
538 482 642 574 primo
659 483 833 570 ingressus
857 489 909 553 est
926 481 1091 550 civitatem
1108 476 1411 564 constantiensem,

277 587 310 648 et
327 599 441 650 secum
456 575 587 650 reduxit
603 577 828 650 Predicatores
846 578 1004 670 expulsos
1014 575 1411 672 propterohservanciam

276 675 447 764 interdicti.
471 679 524 770 qui
548 686 676 770 septem
700 678 793 747 annis
818 675 949 770 expulsi
966 675 1129 767 degerant
1145 677 1177 744 in
1194 671 1411 745 Diessenho-

277 794 354 844 ven.
378 771 517 845 Reducti
542 785 651 844 autem
674 784 906 845 remanserunt
928 776 961 843 in
985 773 1127 846 claustro
1151 795 1224 844 cum
1254 769 1410 842 iratribus

275 869 563 965 prophanantibus
582 875 732 966 quamvis
750 871 802 942 alii
819 871 966 962 religiosi
984 882 1016 941 et
1033 869 1201 943 seculares
1212 893 1288 941 cum
1301 891 1346 940 eo
1357 872 1412 939 in·

276 971 387 1060 gressi
404 971 521 1039 iterum
538 973 749 1042 recesserint.
768 967 995 1040 Predicatores
1013 991 1097 1042 vero
1114 977 1352 1040 remanserunt
1369 989 1413 1038 ex

276 1087 329 1156 eo.
347 1065 432 1160 quod
451 1077 674 1140 extramuros
693 1067 870 1138 claustrum
886 1089 1002 1137 eorum
1020 1069 1116 1137 situm
1134 1076 1198 1154 est
1216 1087 1293 1136 eum
1313 1063 1411 1136 abiu-

274 1165 335 1234 rati
354 1174 469 1236 essent
485 1173 609 1235 tantum
625 1187 686 1258 per
703 1168 796 1237 cives
813 1186 873 1257 per
890 1163 1007 1234 decern
1025 1186 1129 1235 annos
1147 1166 1200 1258 qui
1216 1167 1304 1234 iutra
1324 1165 1411 1234 civi-

275 1269 375 1332 tatem
392 1260 523 1332 lucrant
539 1271 574 1332 et
590 1259 758 1333 celebrare
776 1259 982 1333 recusabant.
1000 1259 1043 1331 Et
1052 1265 1169 1332 mirum
1186 1271 1263 1331 tuno
1281 1259 1411 1347 accidit.

276 1356 362 1452 quod
379 1381 444 1429 una
461 1381 538 1454 pars
549 1358 791 1431 Predicatorum
802 1358 1007 1430 interdictum
1017 1356 1251 1448 observabant,
1268 1368 1308 1428 ct
1319 1367 1412 1430 erant

275 1455 388 1550 plures
406 1479 557 1547 numero.
574 1461 608 1528 in
625 1479 756 1530 camera
768 1457 1004 1530 clausisianuis
1016 1455 1234 1544 celebrantes.
1252 1455 1310 1526 alii
1329 1477 1412 1528 vero

276 1555 328 1648 qui
353 1564 447 1625 erant
468 1558 641 1649 pauciores
665 1559 697 1626 in
716 1556 857 1626 ecclesia
875 1553 1003 1649 publice
1020 1552 1240 1642 celebrabant.
1258 1563 1295 1624 et
1313 1557 1366 1626 sic
1381 1556 1412 1623 in

275 1647 394 1722 eodem
418 1651 559 1726 claustro
583 1653 717 1726 diverse
742 1663 833 1726 secte
857 1653 996 1724 luerunt.
1025 1651 1068 1724 Et
1090 1654 1239 1746 quamvis
1263 1652 1411 1724 ecclesia

275 1747 482 1840 anomalis.
500 1749 607 1845 quoad
624 1753 814 1845 episcopum
831 1760 864 1821 et
881 1750 922 1821 ad
933 1752 1108 1822 canonicos
1119 1747 1328 1827 incrdictum
1347 1746 1411 1820 ob-

274 1857 446 1938 servaret,
473 1845 633 1941 plebanus
651 1858 762 1920 umen
779 1851 882 1922 sancti
900 1847 1013 1919 Cunr.¹
1041 1857 1074 1918 et
1097 1845 1227 1942 quidam
1250 1845 1308 1916 alii
1327 1869 1412 1940 cap-

273 1943 407 2038 pellani.
424 1948 519 2039 pauci
536 1956 646 2016 tannen
663 1968 813 2036 nurnero,
831 1944 958 2040 publice
969 1949 1088 2020 missas
1101 1967 1178 2018 suas
1197 1939 1413 2015 celebrabant

276 2049 310 2112 et
332 2052 478 2114 mortuos
502 2040 711 2114 tumulabant.
736 2041 883 2117 Minores
907 2066 1003 2132 vero.
1026 2065 1092 2114 uno
1117 2052 1272 2135 excepto,
1291 2063 1410 2112 omues

274 2134 403 2233 publice
427 2138 648 2228 celebrabant.
675 2163 742 2212 non
760 2141 867 2214 solum
883 2145 917 2212 in
935 2143 1066 2213 civitate
1085 2138 1333 2211 Constantiensi
1352 2136 1410 2210 sed

273 2257 333 2330 per
349 2247 448 2309 mtam
466 2235 625 2332 dyocesin
636 2237 935 2330 Constantiensem,
953 2241 1101 2332 exeeptis
1113 2233 1239 2308 duobus
1251 2259 1410 2308 conven-

255 2330 358 2408 tibus
376 2337 409 2406 in
425 2331 646 2428 Nuwenbnrg
665 2343 712 2407 et²
730 2339 763 2407 in
780 2335 932 2428 Scasusa,
956 2339 1010 2432 qui
1026 2332 1231 2406 interdictum
1249 2357 1317 2406 una
1337 2357 1410 2406 cum

273 2429 551 2505 Schalusensibns
568 2427 803 2523 observabant
821 2437 874 2530 qui
893 2457 987 2507 suurn
999 2433 1346 2527 clerumnequaquam
1370 2430 1409 2501 ud

273 2527 542 2698 prophanandum
559 2529 715 2603 volebant
733 2533 945 2626 compellere,
963 2533 1113 2626 quamvis
1133 2529 1409 2601 Constantienses

276 2636 310 2697 et
360 2623 555 2700 baricenses
579 2639 613 2700 et
636 2629 688 2700 alii
707 2652 801 2724 quam
820 2629 948 2725 plurimi
966 2651 1044 2702 suos
1063 2627 1310 2722 compulissent.
1329 2627 1409 2698 Au-

272 2726 485 2816 gastinenses
498 2748 594 2816 vero,
611 2729 761 2821 quamvis
775 2750 834 2820 per
845 2729 1076 2822 septenniuma
1087 2736 1235 2820 tempore
1254 2723 1409 2818 compul-

273 2823 374 2893 sionis
393 2820 630 2915 celebrassent.
649 2849 668 2895 a
685 2825 771 2896 lesto
787 2835 896 2898 nmen
913 2823 1144 2920 penthecostes
1162 2825 1238 2894 anni
1248 2821 1334 2893 xlvi.
1353 2824 1409 2892 in-

272 2915 442 2990 terdictum
465 2918 646 2994 observare
671 2923 780 2994 denuo
803 2926 1013 3018 inceperunt.
1038 2919 1277 2993 absolutionem
1303 2944 1323 2991 a
1349 2941 1409 2990 suo

274 3021 444 3110 superiore
462 3015 657 3092 obtinentes.
675 3018 713 3091 ln
731 3020 881 3092 ecelesiis
900 3043 984 3092 vero
1002 3019 1184 3110 collegiatis
1195 3015 1358 3112 Stephani
1376 3025 1407 3086 et

270 3109 424 3188 lobannis
441 3139 571 3188 necnon
588 3120 621 3186 iu
639 3121 844 3190 monasteriis
855 3118 1039 3189 Petridomo
1051 3125 1083 3188 et
1094 3113 1270 3189 Criizelino
1285 3137 1407 3209 quam

273 3213 325 3283 vis
343 3210 383 3285 ab
400 3217 496 3286 inicio
513 3216 745 3308 compulsionis
764 3213 1002 3304 celebrassent,
1019 3217 1094 3309 per3
1105 3235 1302 3310 processum
1322 3233 1406 3284 vero

271 3314 428 3404 temporis
451 3311 563 3405 plures
589 3334 626 3384 se
645 3310 865 3385 celebratione
883 3311 1128 3402 subrexerunt.
1146 3320 1308 3383 attamen
1326 3309 1406 3404 ple-

271 3401 376 3480 banus
401 3412 504 3480 sancti
525 3407 679 3482 lobannis
704 3433 744 3482 ac
767 3414 870 3486 saneti
886 3409 1056 3504 Stephani.
1074 3410 1204 3506 quidam
1222 3409 1350 3496 cleriei.
1368 3429 1407 3476 ac

271 3500 430 3597 plebanus
448 3511 551 3581 sancti
567 3507 659 3580 Pauli
675 3506 804 3604 publice
822 3507 1040 3582 celebrabant.

271 3783 321 3856 De
338 3784 493 3858 electione
510 3785 635 3876 Korole‘,
651 3786 715 3869 filii
724 3789 812 3877 repis
822 3786 983 3875 Bobenia,
1001 3787 1036 3856 in
1047 3785 1267 3856 Romanorum
1284 3805 1405 3876 repam.

320 3931 1245 4032 (tartarus.provisusetconseciausinarchiepiscopum
1253 3933 1405 4028 Magnu-

269 4037 371 4108 tinum
397 4058 457 4131 per
479 4057 595 4131 papam
615 4035 821 4108 Clementem
837 4039 896 4126 vi..
919 4039 978 4107 ivit
1002 4059 1075 4107 eum
1092 4055 1176 4128 rege
1192 4031 1355 4106 Bobemie
1373 4043 1406 4102 et

306 4219 335 4292 l)
354 4238 386 4278 so
406 4221 433 4277 in
452 4219 499 4276 der
517 4221 557 4277 bs.
594 4219 624 4289 2)
644 4225 670 4276 et
689 4221 754 4277 lehlt
773 4219 799 4278 io
814 4221 862 4278 der
880 4221 920 4277 bs.
958 4221 988 4290 3)
1002 4241 1051 4296 per
1069 4219 1134 4276 leblt
1153 4221 1180 4278 io
1200 4218 1249 4276 der
1268 4219 1309 4276 bs.
