2946 4822
401 257 565 316 numnius
584 253 924 318 NUEil'ENBURGENSlS.
1153 255 1225 334 223

61 435 142 506 suis
167 435 334 508 ecclesiis
353 445 385 506 et
400 435 574 529 prelaturis
591 434 706 506 ordine
725 435 890 506 iudiciario
907 432 1134 504 denunciando
1151 436 1226 527 pri·-

62 543 195 622 vatoS,
216 556 262 604 ac
275 535 420 626 ipsorum
431 531 664 604 beneficiorum
676 532 821 605 redditus
834 530 1226 624 colligend03predictum

61 653 218 724 quoque
243 631 391 703 Ulricum
418 631 460 702 de
483 631 680 724 Sygenowe
710 634 741 700 in
767 632 1007 724 preposituram
1034 633 1225 716 restituens„

61 729 211 798 imrctus
244 729 379 820 collegit
407 727 572 819 eiusdem,
600 728 744 824 predicto
767 727 913 800 Iohanne
937 726 978 796 de
1003 724 1226 818 Liehtenberg

61 829 190 896 eciam
220 825 349 898 fructus
377 831 581 918 prepositure
610 847 693 920 quos
722 826 880 916 colligere
907 826 1008 918 potuit
1035 826 1225 916 colligente.

61 923 229 994 Predicti
258 945 387 1017 qnoque
405 923 575 996 Comedus
600 934 633 994 et
649 922 813 996 Iohannes
841 944 1021 1015 eorumque
1048 923 1225 1015 complices

63 1022 201 1092 viliam
221 1019 434 1112 Gugenheim
452 1024 596 1115 episcopi
614 1032 646 1093 et
664 1019 822 1114 quasdam
844 1019 1033 1091 adiacentes
1057 1022 1144 1110 ignis
1169 1023 1226 1091 in-

62 1117 206 1190 cendio
226 1118 455 1190 devastarunt.

63 1289 121 1357 Dc
155 1291 433 1358 concordaciouc
463 1291 608 1377 episcopi
634 1291 878 1379 Arpeniincnsis
909 1310 981 1360 cnm
1009 1293 1161 1379 principe
1197 1299 1229 1360 ct

182 1385 432 1474 Mopuatinensi
453 1389 614 1474 episcopo,

122 1529 221 1601 Cum
244 1540 354 1602 autem
373 1535 525 1624 princeps
544 1543 578 1602 et
590 1531 804 1624 Moguntinus
822 1533 1000 1629 predictum
1012 1531 1224 1606 Bcrhtoldmn

65 1631 284 1723 episcopum
303 1628 343 1698 ad
362 1629 625 1701 concordandum
644 1654 717 1702 cum
728 1634 807 1724 ipsis
821 1643 853 1703 et
864 1632 904 1701 ad
915 1633 1224 1722 recognoscendum

65 1751 134 1797 sun
157 1726 298 1816 regalia
317 1725 438 1797 edicto
460 1729 617 1822 principeq
643 1727 807 1820 precibus
833 1728 1020 1801 muneribus
1046 1729 1102 1800 vel
1128 1733 1223 1803 minis

65 1823 249 1895 inducere
273 1827 513 1917 nequivissent
538 1827 598 1918 ipsi
623 1829 786 1919 principes
810 1869 852 1878 -·
879 1839 1088 1898 asserentes:
1117 1829 1224 1922 ipsum

66 1926 284 2014 episcopum
303 1925 504 2012 asseruisse,
530 1927 557 1994 si
574 1927 683 1993 nnncii
707 1923 842 2016 predicti
866 1925 986 1996 iniecto
1005 1929 1146 2016 negocio
1163 1949 1225 1996 re·-

65 2029 305 2090 verteremur
320 2041 340 2089 a
357 2040 455 2114 popm
474 2042 512 2090 se
530 2021 619 2091 velle
637 2021 838 2092 concordare
857 2044 930 2093 cnm
947 2023 1023 2108 iilis„
1050 2021 1135 2116 quod
1154 2027 1225 2116 ipse

65 2120 241 2208 negavit,
261 2125 296 2186 et
311 2115 399 2208 qnod
415 2119 477 2209 ipsi
495 2139 532 2188 se
551 2140 610 2210 pro
627 2115 824 2189 liberacione
843 2121 987 2214 episcopi
1013 2119 1225 2192 fideiussores

67 2225 105 2284 et
125 2212 276 2284 obsides
296 2217 531 2304 constituerint
557 2225 590 2285 et
614 2214 699 2312 quod
723 2237 782 2286 eos
807 2216 948 2287 liberare
974 2217 1076 2287 nollet
1094 2261 1138 2272 —-
1158 2218 1226 2308 lige

68 2313 176 2404 pacis
197 2311 372 2402 generalis
390 2311 475 2382 Rani
493 2311 656 2385 inferioris
675 2317 793 2384 acriter
811 2325 886 2385 sunt
904 2319 1082 2408 conquesti.
1136 2316 1225 2386 Pro-

69 2409 256 2480 duuerant
274 2412 362 2478 enim
379 2411 629 2481 instrumentum
647 2409 707 2482 sul)
726 2411 834 2500 sigillo
853 2415 942 2482 curie
953 2411 1225 2502 Argentinensis,

71 2505 171 2600 qnod
199 2504 369 2599 predictus
388 2505 560 2577 Conradus
585 2506 735 2579 detentor
758 2507 910 2595 habebat,
941 2511 974 2578 in
998 2532 1061 2603 qno
1086 2513 1224 2603 aparuit„

73 2609 287 2697 episcopum
310 2601 417 2673 eidem
437 2603 590 2674 Conrado
612 2604 751 2696 rogandi
776 2603 990 2678 fideiussores
1015 2617 1048 2677 et
1072 2605 1114 2676 ad
1136 2604 1226 2677 libe-

71 2698 231 2772 randum
250 2721 309 2770 eos
328 2723 366 2772 se
384 2699 551 2791 obligandi
568 2712 763 2796 potestatem
785 2701 931 2791 dedisse
957 2713 991 2773 et
1008 2703 1095 2774 aliud
1112 2707 1144 2775 in
1162 2723 1226 2798 quo

71 2801 177 2891 ipsos
196 2801 365 2891 principes
384 2819 422 2868 se
443 2820 502 2891 pro
527 2803 682 2894 episcopo
706 2802 902 2872 astrinxisse
928 2800 1078 2895 liquebat.
1121 2801 1226 2895 Epis-

73 2917 191 2988 copus
211 2905 323 2965 antem
341 2893 401 2967 sibi
416 2918 580 2990 nunquam
591 2895 633 2966 dc
644 2897 771 2968 eisdem
782 2896 979 2990 principibus
991 2899 1110 2970 iactam
1122 2899 1226 2970 inisse

73 2996 314 3082 mencionem,
332 2989 469 3064 dicebat.
502 2993 629 3065 Verum
647 2994 771 3068 iudices
789 2995 951 3067 inferioris
972 2995 1053 3086 lige„
1071 2995 1225 3090 predictis

74 3088 291 3184 principibus
308 3089 465 3162 auxilium
482 3089 714 3183 decernentes,
733 3094 923 3186 episcopum
941 3090 1137 3164 diffiderunt.

149 3189 358 3261 Promiserat
381 3197 492 3259 autem
515 3192 690 3284 episcopus
715 3190 928 3282 aliquociens¹
950 3211 1037 3284 pape
1055 3200 1089 3260 et
1112 3189 1225 3261 cardi-

78 3285 221 3358 nalibus
241 3287 378 3357 nuncios
403 3295 436 3355 et
458 3286 582 3358 litteras
607 3307 667 3380 pro
691 3287 826 3358 consilio
845 3297 877 3357 et
898 3287 1032 3378 auxilio,
1056 3289 1113 3360 vel
1139 3285 1224 3382 rpaod

75 3383 142 3456 sibi
162 3381 414 3474 indulgeretur,
453 3381 537 3477 qnod
556 3393 671 3478 posset
692 3387 828 3478 principi
846 3383 1034 3477 homagium
1053 3383 1224 3475 exhibere

79 3505 162 3552 cum
180 3501 251 3552 non
262 3491 470 3574 presumeret
482 3503 519 3554 se
530 3502 632 3575 posse
645 3481 799 3553 linaiiter²
811 3483 974 3554 reluctari.
1001 3481 1224 3578 Papaaatem

79 3579 203 3649 dicens
223 3577 313 3648 illum
331 3597 485 3649 coronam
505 3579 706 3672 imperialem
723 3603 789 3650 non
808 3603 827 3651 a
845 3601 930 3674 papa
954 3583 1136 3674 recepisse
1163 3603 1225 3650 re-

82 3673 237 3768 spondit:
255 3679 345 3762 puod
360 3680 389 3745 si
406 3679 440 3744 in
457 3677 641 3747 tuirtsmodi
661 3683 858 3750 comentirel
871 3679 1065 3768 domomum,
1083 3699 1147 3768 per
1163 3679 1225 3748 itoc

78 3792 181 3860 posse
209 3773 357 3842 Romane
383 3777 518 3843 ecclesie
541 3777 763 3864 proiecticiam
789 3781 958 3864 penerari,
983 3786 1015 3846 et
1041 3779 1130 3864 praed
1156 3780 1225 3863 ipse

83 3873 262 3959 episcopus
282 3874 316 3940 in
336 3874 515 3941 resistendo
535 3875 593 3961 illi,
614 3875 685 3942 sine
706 3877 838 3944 iactura
859 3878 992 3944 ecclesie
1012 3894 1077 3960 suc,
1099 3873 1228 3958 socero!

81 3987 184 4056 posce
207 3987 311 4038 soum
361 3967 451 4039 Licet
475 3979 583 4040 autem
607 3971 697 4040 multi
722 3969 933 4041 cardinalium
958 3967 1223 4042 subveniendum

141 4115 170 4182 i]
192 4114 281 4172 {leber
299 4117 360 4171 eine
380 4115 468 4172 dieser
487 4119 645 4184 sendnngen
664 4119 698 4173 im
719 4119 828 4174 herltste
848 4117 927 4188 1338,
946 4118 989 4172 die
1009 4119 1067 4173 dem
1088 4119 1223 4174 variasset

87 4186 172 4314 {ellipst
190 4190 373 4315 euuigcttregen
392 4205 456 4258 war,
475 4188 549 4243 sicire
569 4189 638 4245 oben
659 4207 683 4262 p.
702 4189 764 4245 213.
800 4190 832 4258 2)
852 4189 963 4246 linaliter
982 4207 1030 4246 aus
1050 4191 1081 4246 A.
1101 4192 1156 4246 und
1175 4192 1223 4247 der

115 4276 121 4312 ι
169 4275 289 4330 ergonn.
