2982 4824
283 245 463 308 timolinam
481 247 672 306 manumitti
690 240 1055 307 ouffluimnmuouutt.
1159 247 1230 324 655

156 425 246 498 Anni
274 423 396 496 domini
424 423 585 498 mcclix.
618 422 749 516 [1261]
779 424 1101 519 Constantinopolis,
1130 445 1194 517 que
1222 447 1241 496 a

107 521 239 596 Gallicis
265 533 299 594 ct
315 521 453 596 Venetis
479 533 573 617 capta
597 533 632 595 et
653 525 768 598 aunis¹
795 521 903 596 fuerat
928 520 967 594 ab
993 527 1042 597 eis
1068 541 1241 617 possessa,

105 643 167 716 per
183 619 394 694 Pallialocum
410 625 641 716 imperatorem
658 617 856 712 drocarum,
871 619 1054 715 proditione
1071 617 1242 692 cuiusdam

106 718 223 792 nobilis
234 715 349 792 Gallici
367 723 500 792 nomine
511 716 676 810 anselmi,
695 722 728 790 vi
742 730 795 793 est
810 718 903 814 prelii
920 721 1105 792 reinventa.
1165 715 1240 790 Ec-

107 816 183 890 dem
194 827 342 910 tempore
351 820 386 890 in
395 815 540 914 partibus
550 817 683 908 Tuscis,
693 814 889 890 Florentinis
900 815 1093 890 conantibus
1101 811 1240 906 Gueliis,

107 918 161 1012 qui
178 911 347 990 Gibellinis
370 918 484 990 eiectis
500 914 689 988 Florentius
714 913 785 986 mbi
807 927 884 1004 tunc
899 924 1069 1012 preerant,
1092 911 1240 986 Mentem

106 1013 277 1090 Alcinum²
294 1016 451 1106 guerpire
470 1012 654 1104 frumentis„
672 1011 866 1086 Maniredus
885 1015 916 1086 in
934 1011 1092 1086 auxilium
1103 1009 1240 1084 Senen-

107 1115 192 1186 sium
216 1111 359 1186 militiam
383 1114 470 1186 misit
485 1114 518 1183 in
535 1111 700 1202 maetam,
727 1114 819 1184 cuius
844 1133 957 1184 comes
973 1109 1164 1200 lordonum,
1190 1113 1242 1184 vir
1375 1124 1378 1130 ·
1486 1149 1487 1162 1

106 1213 207 1283 armis
236 1220 408 1301 saenuus,
432 1213 585 1306 princeps
610 1220 691 1282 erat
723 1206 837 1304 ltaque
860 1213 893 1281 in
919 1211 1006 1284 valle
1031 1207 1129 1282 Albis
1155 1208 1241 1282 facto

106 1329 292 1400 congressu
318 1309 408 1382 iuxta
433 1317 589 1398 castrum,
614 1305 699 1402 quod
725 1306 840 1380 dicitur
864 1305 962 1382 lllous
979 1308 1139 1404 Aperlae,
1165 1329 1240 1378 cum

106 1403 257 1479 omuibus
282 1403 526 1480 auxiliatoribus
552 1406 620 1478 suis
644 1403 797 1477 debellati
823 1417 899 1479 sunt
923 1405 1101 1490 Florentioi
1127 1403 1241 1498 [1260

106 1512 191 1600 sept
202 1501 255 1593 4].
280 1503 418 1600 Fuitpue
436 1525 594 1576 numems
612 1506 808 1594 occisorum
827 1507 911 1576 sicut
928 1507 1120 1578 existimare
1138 1507 1239 1600 potui,

107 1604 161 1696 qui
179 1598 339 1693 aculam,
356 1601 445 1674 mille
463 1600 675 1674 ducentorum
691 1605 850 1691 virorum,
868 1601 930 1674 sed
947 1600 1100 1675 undecim
1117 1602 1239 1674 milium

105 1699 166 1771 luit
181 1721 339 1774 numerus
356 1702 572 1795 captivorum,
597 1721 642 1772 ex
659 1695 775 1794 quihus
799 1700 881 1772 ultra
905 1709 979 1772 octo
997 1699 1082 1772 milia
1100 1699 1188 1772 fame
1206 1709 1239 1770 et

105 1795 215 1870 inedia
237 1799 271 1868 in
298 1795 485 1870 carceribus
509 1799 685 1891 perierunt
720 1795 759 1869 ln
781 1796 844 1870 hoc
869 1797 1019 1870 condictu
1047 1808 1122 1872 sunt
1145 1807 1238 1892 capta

105 1897 224 1986 viginti
247 1896 333 1969 milia
359 1898 525 1968 asinorum
543 1895 694 1968 1111111111
713 1897 810 1968 simul
828 1905 862 1966 et
878 1893 1009 1968 bladum
1033 1899 1238 1993 portantium.

106 1991 216 2064 Unum
235 1992 286 2066 hic
302 1993 447 2066 referam
464 1990 688 2065 admirandum
706 2006 740 2067 et
757 2016 856 2068 casus
873 1993 1138 2068 Florentiuornm
1158 2017 1239 2066 oer-

105 2099 175 2162 turn
192 2095 383 2185 presagium
400 2093 603 2186 victorieque
619 2089 833 2183 Senensium‚
859 2095 933 2186 quia
957 2092 1066 2166 nullus
1084 2095 1137 2166 vir
1157 2102 1240 2181 erat,

105 2187 226 2261 mulier
249 2191 323 2263 sive
347 2212 450 2284 puer‚
474 2191 528 2283 qm
551 2211 617 2260 non
642 2188 741 2262 Senis
766 2190 923 2262 clarnaret
949 2189 1121 2262 audacter:
1148 2192 1241 2262 Nunc

107 2290 236 2358 1111111111
252 2292 355 2360 uasat
368 2291 445 2360 uicti
460 2295 542 2376 suut,
565 2307 651 2358 aune
668 2292 780 2360 casuri
798 2296 879 2378 suut,
904 2291 962 2377 qut
985 2297 1073 2359 tanto
1099 2298 1240 2378 tempore

109 2386 260 2457 Tusciam
276 2394 482 2458 vacaverunt.
503 2385 577 2458 Hoc
592 2383 680 2456 idem
696 2384 948 2481 prenuntiabant
963 2387 1146 2458 comuniter
1155 2383 1240 2458 llo-

104 2486 238 2574 1111111111,
255 2487 353 2558 immo
371 2487 454 2556 etin
472 2505 585 2556 corum
603 2487 752 2556 exercitu
770 2483 898 2580 plurimi
913 2482 1093 2556 clamantes
1111 2485 1240 2578 impre-

104 2579 265 2654 cabantur
287 2581 351 2654 hec
374 2579 450 2656 sihi:
476 2583 648 2672 Nunquam
671 2585 843 2654 redeamus
859 2585 908 2654 cd
923 2585 1076 2672 proprio,
1100 2586 1165 2654 atsi
1177 2601 1241 2672 per

103 2681 444 2754 munusculorum
462 2681 624 2752 debellati.
650 2678 743 2752 llulti
768 2683 865 2752 etiam
883 2701 929 2754 ex
945 2681 994 2752 eis
1013 2701 1147 2754 suorum
1164 2679 1239 2751 iacti

97 2787 184 2852 sunt
199 2777 396 2872 proditores,
421 2787 455 2850 et
472 2778 558 2873 quod
575 2787 626 2851 est
645 2781 784 2871 gravius
801 2799 1029 2872 percussores.
1056 2775 1169 2871 Itaque
1186 2777 1240 2870 qui

102 2887 288 2950 evaserant
313 2874 434 2967 Guelii,
464 2886 553 2950 stara
579 2875 746 2949 Florentie
773 2896 839 2949 nou
868 2887 944 2950 suat
970 2878 1056 2968 ausi,
1084 2873 1144 2951 sed
1174 2896 1240 2946 uno

102 2977 240 3066 agmine
258 2973 456 3068 conglobati
473 2973 551 3046 dum
568 2995 635 3046 non
651 2973 888 3048 luissentl'rati
899 2975 1092 3069 Pistoriique
1102 2975 1239 3068 recepti,

100 3068 227 3144 Lucam
242 3094 309 3146 non
327 3076 399 3146 sine
417 3071 564 3168 periculo
581 3081 816 3165 pervenerunt.

154 3169 256 3244 Anno
274 3174 424 3266 sequenti
443 3169 581 3242 mcclx.
596 3168 724 3261 [1262]
744 3192 829 3264 papa
840 3168 993 3243 Urbanus
1012 3178 1124 3242 contm
1135 3165 1239 3239 Man-

101 3265 235 3340 fredum
256 3269 603 3342 excommunicationis
628 3269 790 3342 sententia
813 3277 997 3359 renovata,
1024 3270 1059 3340 in
1082 3265 1238 3340 auxilium

100 3362 310 3440 lucanorum
337 3367 543 3463 capellanum
571 3387 667 3440 suum
691 3363 830 3438 Gualam
856 3366 1003 3458 legatum
1031 3363 1159 3439 direxit.
1192 3363 1239 3438 At

100 3463 228 3558 Pysani
245 3476 388 3540 castrum
406 3463 593 3538 castilionis
610 3485 672 3558 per
687 3463 903 3560 proditionem
921 3463 1092 3539 custodum
1110 3484 1237 3556 accep-

100 3563 168 3634 turi
193 3573 299 3654 aranu
323 3563 384 3638 sed
406 3562 588 3659 proditione
610 3563 760 3636 revalata
782 3559 999 3654 lucensibus
1026 3571 1170 3636 castrum
1193 3557 1237 3629 de

100 3659 254 3738 manibus
277 3660 477 3755 proditorum
502 3662 642 3756 eripiunt
667 3663 839 3757 statimque
866 3663 973 3733 minus
1001 3669 1096 3732 caute
1124 3666 1235 3729 contra
1338 3749 1341 3758 A

100 3757 257 3852 Hsanos
284 3757 327 3831 ad
353 3759 450 3855 plana
478 3753 734 3850 descendentes,
762 3781 781 3830 a
808 3759 949 3926 Ppsanis
978 3751 1131 3831 debellati
1160 3763 1237 3830 suut

99 3855 279 3953 multisque
303 3860 474 3952 captivatis
499 3877 545 3930 ex
567 3853 770 3930 lucensibus
797 3879 817 3928 a
861 3859 990 3951 ysanis,
1014 3864 1090 3951 post
1111 3873 1234 3949 paucos

99 3952 176 4027 dies
199 3959 349 4045 revorsu
374 3965 518 4028 casuum
540 3975 602 4049 per
626 3953 744 4026 foveas
769 3949 1001 4026 subterraneas
1025 3955 1105 4045 igne
1129 3953 1235 4046 posita

99 4064 276 4148 ceperunt,
299 4063 333 4125 et
348 4074 465 4126 omnes
484 4055 540 4146 qui
558 4049 601 4123 ibi
618 4061 713 4123 erant
729 4062 785 4122 aut
800 4049 910 4143 gladio
927 4053 1165 4124 iuteremerunt
1182 4057 1237 4120 aut

158 4199 187 4269 l)
205 4199 277 4258 icere
296 4199 418 4259 stellein
443 4201 491 4256 der
509 4201 550 4256 hs.
571 4199 614 4256 fiir
632 4199 676 4255 die
695 4199 752 4255 11111
771 4198 816 4256 57,
852 4197 883 4268 2)
901 4199 1062 4257 llontalcino
1089 4196 1235 4256 sudastieu

98 4272 265 4332 vossiano.
301 4274 331 4344 3)
350 4273 482 4345 gruison
501 4274 555 4330 San
574 4269 714 4332 severino.
