3014 4822
264 217 338 290 480
431 227 434 234 ·
593 209 745 268 nunnius
765 211 815 268 sn
834 209 1066 280 ιιιιιιιιιοιιιε.

182 401 250 458 124³
315 387 415 460 Anno
429 385 548 458 domini
562 409 603 458 m.
606 387 701 458 oc..xl
703 388 745 460 iii.
757 385 944 458 Fridericus
961 388 1139 480 imperator
1155 381 1318 478 quasdam
1326 382 1401 458 Fa-

266 489 418 557 ventinos
441 488 558 557 iterum
581 481 808 557 rebellantes
799 508 832 556 m
850 484 983 555 exilium
1008 487 1099 554 mittit
1117 494 1151 554 et
1168 480 1289 556 abinde
1315 505 1401 577 pro-

265 583 388 656 cedens
407 581 555 678 prur
545 604 720 674 ingressus
749 585 859 656 missis
886 580 929 652 ibi
957 579 1108 655 militibus
1133 591 1307 676 expugnat
1324 581 1401 654 Ro-
1481 595 1482 638 ι

265 704 380 754 manos
399 702 503 774 usque
522 681 563 750 ad
581 689 691 774 portas
709 677 808 752 urbis.
1481 734 1482 752 ι

313 781 378 852 Per
394 779 480 850 idem
499 788 627 870 tempus
646 775 776 850 dominc
794 777 1039 874 archiepiscopo
1057 801 1194 850 causam
1211 801 1273 850 sue
1291 781 1401 871 capti·
1481 771 1482 860 ξ

266 880 373 950 vitatis
399 898 509 949 coram
525 874 686 969 prioribus
712 885 745 946 et
770 877 861 948 clero
885 887 1074 971 exponente
1093 885 1128 946 et
1145 898 1203 948 cos
1228 897 1290 969 pro
1315 873 1482 948 sub-1

266 979 421 1047 ventione
449 973 509 1048 sibi
539 975 671 1044 nomine
699 977 805 1064 gratie
833 971 1051 1090 impendenda
1081 971 1216 1046 adiectis
1245 971 1400 1066 precibus

265 1071 475 1161 admonente,
492 1075 620 1166 priores
643 1080 676 1141 et
693 1072 801 1144 clerus
818 1073 963 1165 petitioni
981 1075 1053 1147 eius
1067 1094 1116 1145 ex
1132 1069 1281 1148 evidenti
1299 1093 1399 1144 musa
1481 1159 1482 1164 Ἰ

265 1181 450 1242 annuentes
474 1191 538 1240 nno
565 1191 652 1240 anno
676 1165 837 1244 dederunt
861 1167 1021 1242 decimam
1040 1171 1190 1244 omnium
1212 1166 1400 1242 reddituum

265 1290 400 1340 suorum
426 1265 756 1339 ecclesiasticorum
747 1290 779 1338 m
802 1265 983 1340 subsidium
1005 1265 1254 1361 archiepiscopi
1280 1276 1316 1336 et
1338 1289 1400 1340 se-
1481 1297 1482 1326 ι

265 1369 374 1460 quenti
392 1387 478 1436 anuo
500 1368 692 1437 vicesimam
709 1362 893 1438 reddituum
912 1364 1103 1436 eorundem.

314 1463 386 1535 Hoc
403 1485 489 1534 anno
507 1472 650 1534 castrum
660 1462 828 1535 Tuitiense
839 1485 898 1556 pro
910 1484 965 1551 eo,
983 1461 1068 1556 quod
1087 1465 1202 1534 terrori
1221 1474 1294 1536 erat
1311 1467 1400 1545 civi·

264 1567 318 1635 tati
344 1561 546 1646 Coloniensi
571 1561 647 1632 licet
667 1569 820 1654 tanquam
842 1561 972 1656 pupillis
996 1558 1124 1634 civibus
1149 1559 1290 1635 idoneus
1315 1571 1399 1634 tutor

265 1663 477 1731 necessarius
502 1613 669 1731 videretur
697 1681 777 1730 esse
804 1669 927 1747 terror,
956 1658 1056 1730 multa
1082 1661 1222 1752 pecunia
1251 1657 1329 1730 ab
1319 1663 1398 1754 ipsis

265 1756 392 1831 civibus
411 1767 556 1849 emptum
571 1755 714 1828 lunditns
740 1755 928 1844 destruitur,
948 1753 1109 1850 prioribus
1127 1755 1259 1871 quidem
1276 1755 1399 1830 dolon·-

265 1855 362 1942 tibus,
383 1853 628 1948 archiepiscopo
651 1864 761 1926 autem
779 1866 812 1927 et
829 1858 948 1926 comite
965 1852 1006 1926 de
1024 1852 1136 1924 lllonte
1155 1853 1292 1927 facilem
1304 1876 1398 1930 veu-

265 1953 374 2025 ditioni
398 1949 622 2023 adhibentibus
640 1975 854 2042 consensum
878 1955 952 2046 quia
970 1949 1114 2025 divisum
1134 1955 1221 2024 iuter
1239 1974 1279 2022 so
1297 1964 1397 2026 tanc-

265 2049 342 2122 bant
357 2060 499 2121 castrum
517 2061 667 2143 utroqueq
694 2053 747 2143 qui
771 2061 871 2122 totum
888 2073 955 2122 non
971 2046 1092 2140 babuit
1121 2069 1160 2124 se
1177 2047 1258 2123 nihil
1266 2050 1397 2124 babere

134 2175 136 2182 ’
265 2147 449 2221 arbitrante.
486 2144 684 2242 Oquantnm
701 2158 753 2220 est
770 2149 803 2218 in
820 2145 919 2218 rebus
936 2147 1051 2221 inanel
1077 2145 1372 2222 ornirandamuta

263 2237 387 2318 bilitosl
417 2255 560 2318 castrum
580 2245 816 2337 amplissimum
839 2247 928 2338 pacis
952 2255 1102 2337 tempore
1127 2245 1217 2332 nullo
1245 2247 1397 2364 pulsante

265 2344 401 2416 tumultu
424 2343 540 2415 videre
565 2345 685 2416 nostris
709 2341 909 2438 temporibus
933 2341 1096 2415 deiectum
1120 2353 1208 2415 torro
1232 2350 1396 2458 coequari,

265 2441 376 2536 quod
367 2444 548 2513 incircuitu
565 2437 719 2531 cingebat
736 2439 919 2556 quindecim
935 2449 1043 2510 turres
1061 2461 1101 2534 pr
1101 2449 1173 2510 eter
1189 2444 1297 2512 maius
1315 2465 1397 2536 prc-

265 2539 382 2612 sidium
394 2541 621 2628 etintercuria
639 2560 722 2631 opus
739 2541 916 2632 antiquum
935 2548 1001 2608 ιιιιιι
1018 2541 1252 2613 exstructionis
1270 2561 1396 2630 genere

265 2659 361 2733 quam
374 2635 596 2729 magnitudine
608 2634 810 2724 admiratus
828 2633 1049 2708 firmissimum
1061 2646 1095 2706 et
1105 2637 1273 2708 mumtum
1292 2636 1395 2712 Huius

265 2737 363 2807 castri
381 2732 520 2828 quedam
539 2731 666 2806 ediiioia
683 2744 848 2806 vetustate
862 2732 1009 2826 collapsa
1025 2731 1113 2804 idem
1130 2731 1395 2830 archiepiscopts

266 2835 407 2927 copiosis
427 2829 606 2925 sumptibus
621 2843 654 2904 ct
671 2834 829 2927 expensis
841 2832 1035 2924 inproximo
1053 2841 1128 2904 ante
1141 2829 1226 2902 hanc
1242 2830 1398 2906 dcsucc-

266 2931 386 3001 tionem
411 2939 581 3024 repararet
605 2941 638 3002 et
665 2929 847 3002 adiectione
875 2949 965 3000 nove
993 2939 1154 3002 structure
1180 2951 1287 3024 opera
1311 2936 1398 3008 anti*

267 3049 403 3120 quorum
430 3027 522 3098 lirma
548 3037 582 3097 et
604 3029 777 3121 perspicua
804 3024 991 3098 reddiderat
1019 3024 1256 3120 spectabiliora.
1292 3023 1398 3102 Dice-

265 3122 360 3196 batur
397 3135 507 3196 autem
538 3129 681 3220 passim,
717 3123 780 3196 hoo
812 3134 955 3198 castrum
987 3121 1156 3196 Tuitiense
1192 3147 1254 3218 pec
1275 3125 1398 3200 lulium

267 3220 428 3295 Cesaram
445 3225 549 3338 primo
567 3223 670 3295 fuisso
696 3222 865 3294 lundatum
882 3232 915 3292 et
931 3231 1200 3295 consummatum.
1232 3224 1399 3300 Processu

268 3341 350 3390 vero
382 3323 537 3436 temporis
608 3323 751 3415 tiquitate
782 3319 963 3414 collapsum
997 3315 1219 3394 affirmabatur
1250 3332 1399 3418 tempora

267 3415 515 3488 Constantini
506 3441 571 3513 rmp
594 3421 710 3490 ratoris
746 3417 787 3490 ad
822 3416 1025 3488 honorem
1017 3419 1119 3510 ipsius
1151 3439 1170 3488 a
1202 3419 1398 3514 principibus

268 3505 357 3585 terro'
382 3526 569 3609 reparatum
594 3527 627 3587 et
644 3516 861 3604 melioratum,
888 3536 1023 3608 quorum
1050 3536 1133 3608 opus
1158 3515 1255 3588 litere
1272 3519 1400 3612 scapo

267 3613 297 3680 in
309 3609 469 3706 lapidibus
487 3613 692 3708 plerunque
684 3637 715 3686 m
735 3612 882 3686 eiusdem
900 3610 1041 3684 turribus
1058 3609 1290 3688 declarabant.
1298 3616 1398 3690 nost-

268 3708 399 3782 modum
416 3722 526 3783 autem
550 3721 698 3805 tempore
719 3709 844 3782 Ottonis
862 3707 977 3823 lllagni
997 3712 1091 3803 primi
1110 3713 1320 3803 imperatoris
1337 3735 1397 3786 sa·

268 3817 401 3924 tagentc
425 3807 581 3880 industria
600 3820 633 3881 et
655 3809 948 3901 circumspectione
972 3803 1092 3878 domini
1109 3806 1275 3882 Baunonia
1294 3810 1397 3882 Gon-

267 3907 391 3978 niensis
425 3903 683 4001 archicpiscopi
721 3907 831 3978 fratris
866 3903 1016 3977 eiusdem
1049 3907 1280 4020 imperatoris,
1315 3903 1396 3980 idom

267 4011 410 4075 castrum
438 4008 597 4076 asseritur
623 4027 682 4098 pro
709 4015 802 4099 parte
834 4002 1017 4074 dirutum
1007 4005 1170 4092 recusso,
1204 4002 1313 4076 donoc
1336 4000 1394 4076 sub

266 4097 465 4174 Hemicoll.
487 4105 683 4196 imperatore
702 4099 743 4174 ad
762 4123 881 4196 preces
905 4098 991 4170 beati
1008 4097 1185 4190 nentem,
1208 4111 1288 4173 tnnc
1308 4112 1393 4172 tem·-

267 4200 355 4293 poris
374 4197 580 4274 Coloniensis
600 4199 848 4296 archiepiscopi,
864 4195 962 4270 beate
975 4195 1080 4270 biario
1097 4201 1219 4292 virgini
1236 4200 1296 4272 luit
1236 4195 1393 4272 ilibe-
