3036 4822
415 263 522 320 aesna
541 261 724 324 auarnounr
743 265 792 321 aar
809 262 949 321 ananan
1171 262 1244 340 307

117 435 263 510 duellum
296 439 380 508 inter·
405 437 586 518 Iohannem
612 439 746 512 fratrem
779 439 905 514 comitis
935 437 978 510 de
1003 429 1185 512 Sarw'erde
1213 443 1245 510 et

116 535 307 608 Heiaricum
333 535 498 609 dominum
528 537 569 610 de
592 538 792 630 Vinstingeu
821 537 863 613 ad
890 536 1031 610 eundem
1053 537 1245 614 Heinricutn

116 637 316 706 servitorem
334 643 366 706 et
380 636 541 710 vasallum
560 659 656 710 suum
673 660 747 708 cum
766 639 919 709 trecentis
937 635 1076 727 galeatis
1094 638 1244 710 accessit

115 727 323 825 Ειρεᾱεηιθ
348 743 456 806 aunan
480 735 513 806 in
536 737 674 806 termino
698 733 816 806 eodem
833 733 989 806 llcinrico
1011 743 1138 806 minato
1161 735 1245 806 intra

116 829 288 916 coculam,
316 828 542 920 adversariae,
570 833 623 924 qui
646 834 680 902 in
702 853 744 902 ao
767 831 841 902 loco
865 831 1010 904 duellum
1032 829 1158 920 obtuit
1185 851 1245 924 pre

115 925 334 1015 mutumne,
358 949 421 1020 que
439 927 480 999 ad
497 927 686 1002 Heinrioum
703 928 898 1018 advenerat,
922 926 1032 1000 haban
1052 930 1139 1003 enlm
1158 949 1245 1021 qua-

115 1033 190 1096 tuor
213 1024 301 1094 milia
319 1023 525 1116 galeatorum
549 1029 697 1121 exceptis
714 1023 889 1121 peditibus,
912 1023 1074 1099 accedere
1095 1048 1161 1098 uon
1178 1047 1245 1098 au-

116 1119 224 1194 debat.
261 1121 378 1196 Plures
396 1133 519 1212 autem,
543 1121 658 1218 quibus
676 1123 808 1218 opidum
824 1122 1017 1199 Reiucbeim
1035 1126 1246 1199 commissum

115 1219 236 1309 luerat„
254 1242 329 1290 curn
346 1219 387 1292 ad
401 1219 545 1292 duellum
563 1223 780 1296 accesserint:
799 1243 879 1294 ecee
897 1220 1032 1316 predicti
1048 1223 1185 1294 comites
1202 1219 1245 1293 de

115 1313 335 1409 Wirtenberg
352 1328 385 1390 et
408 1317 450 1388 de
468 1316 632 1410 Oetingen
654 1317 787 1413 opidum
803 1317 1001 1412 Reprtikeitn
1018 1319 1155 1392 viriliter
1178 1340 1246 1392 ex·-

116 1425 318 1508 pagnanum,
341 1415 513 1487 duodecim
537 1419 720 1508 armigeros
739 1427 773 1487 et
789 1420 942 1506 rusticos,
967 1419 1020 1510 qui
1045 1415 1089 1488 ibi
1105 1438 1246 1488 reman-

115 1522 242 1601 serant,
267 1516 447 1606 capientes
471 1518 524 1608 qui
545 1525 654 1586 tamen
671 1536 723 1603 se,
747 1524 901 1608 quartum
924 1525 1086 1608 poteram„
1112 1514 1248 1586 viriliter

117 1620 307 1700 tenuerunt,
329 1609 518 1684 Heinrioum
535 1609 577 1682 de
595 1609 717 1708 Lepide
734 1611 869 1684 militem
889 1615 1015 1686 comilis
1033 1611 1074 1682 tle
1092 1609 1246 1684 Winten-

115 1705 201 1800 berg
220 1709 482 1782 valentissimmn
498 1709 697 1782 occidentes.
723 1707 816 1782 Unus
829 1719 939 1782 autem
957 1713 1173 1804 captivorum,
1190 1711 1248 1780 in·-

116 1806 187 1876 cola
206 1805 294 1898 opidi
313 1805 463 1880 evadens
477 1810 562 1880 circa
580 1806 764 1896 meridiem,
781 1829 856 1880 cum
870 1817 964 1880 esset
978 1810 1128 1882 intensus
1145 1807 1248 1897 octor,

116 1901 294 1996 opidumin
305 1903 449 1996 pluribus
465 1905 547 1978 loeis
566 1903 720 1994 incendit,
738 1909 781 1976 ita
799 1903 886 1999 quod
903 1927 1016 1978 comes
1030 1904 1072 1976 de
1083 1903 1248 1996 Oetiugen

118 2011 151 2070 et
167 2003 234 2089 sui„
259 2004 313 2094 qui
330 2003 363 2072 in
379 2001 476 2096 opido
494 2011 734 2092 remanserant,
756 2006 816 2074 vix
832 2001 1030 2092 evadentes,
1054 2005 1087 2074 iu
1105 2005 1197 2097 equis
1215 2011 1249 2074 ot

117 2100 219 2170 armis
238 2095 454 2191 dampnificati
473 2109 557 2172 sunt.
585 2099 683 2174 Venit
699 2111 810 2172 autem
827 2103 982 2194 princeps
999 2104 1092 2194 quasi
1108 2101 1249 2174 latenter

117 2205 259 2288 repente
276 2195 498 2290 Hagenoyam
516 2195 629 2287 [1333
637 2199 716 2286 oct]
737 2220 810 2269 oum
828 2220 950 2288 magna
968 2195 1170 2292 multitudine
1187 2220 1248 2269 ar-

117 2303 291 2364 matorum.
329 2293 512 2388 Episcopus
540 2306 650 2366 autem
677 2298 771 2388 quasi
797 2295 997 2389 perplexus,
1025 2317 1100 2369 cum
1126 2305 1247 2386 gentes

118 2394 295 2486 presertim
313 2389 469 2480 Gallos,
487 2413 550 2485 que
568 2415 674 2488 nuper
691 2390 731 2464 ab
750 2413 791 2464 eo
809 2403 1032 2484 recesserant,
1050 2389 1134 2464 adeo
1152 2391 1248 2464 cele·-

119 2493 200 2559 n'ter
223 2487 386 2560 rehabere
410 2512 475 2560 non
492 2499 619 2583 posset,
644 2513 718 2560 curn
737 2492 805 2561 suis
824 2487 995 2583 equitibus,
1019 2511 1101 2584 quos
1125 2487 1248 2562 babere

118 2596 261 2680 poterat,
285 2589 317 2660 in
341 2597 484 2658 castrum
509 2611 604 2661 suum
624 2584 859 2678 Kocbersberg
882 2587 1065 2660 collocavit.
1100 2585 1249 2660 lntrusus

118 2693 231 2754 autem
255 2707 315 2778 per
339 2687 517 2778 principem
535 2689 569 2758 in
586 2686 730 2758 ecclesia
747 2683 848 2757 Herbi
893 2685 977 2758 lensi
1001 2693 1113 2758 eontra
1130 2686 1250 2778 provi-

119 2784 250 2854 sionem
276 2804 375 2875 pape‚
403 2781 527 2854 scilicet
553 2781 704 2854 domiuus
732 2781 774 2852 de
796 2779 854 2853 Lie
879 2779 1019 2876 tenberg
1040 2785 1075 2857 in
1097 2782 1251 2870 Swevia,

118 2877 314 2952 scolasticus
332 2877 513 2972 Spirensis
531 2879 746 2952 cancellarius
765 2882 931 2972 principis,
956 2903 1030 2952 cum
1047 2875 1147 2952 valde
1164 2880 1251 2956 circa

118 2973 322 3070 Herbipolim
340 2979 492 3070 principis
510 2977 685 3067 indigeret,
704 2975 910 3048 concordiam
927 2981 1012 3048 inter
1028 2979 1208 3070 principem
1219 2984 1252 3048 at

119 3075 313 3166 episcopum
337 3072 511 3163 ordinavit,
539 3075 663 3148 scilicet
686 3073 772 3166 quod
798 3077 871 3168 ipse
898 3077 1073 3169 episcopus
1097 3075 1251 3166 principis

117 3168 281 3242 officiatos
304 3173 338 3242 in
355 3171 491 3244 Alsacia
514 3194 580 3244 non
603 3169 775 3266 impedire,
798 3169 857 3243 sed
882 3193 1080 3268 promovero
1103 3166 1250 3242 deberet.

117 3269 184 3340 Pro
203 3277 280 3340 tunc
298 3279 407 3340 autem
424 3267 613 3362 homagium
630 3271 761 3340 rennuit
778 3266 946 3340 exhibere.

167 3363 252 3436 Erat
278 3376 386 3438 autern
412 3365 479 3458 liga
507 3371 598 3461 pacis
626 3367 688 3438 illis
717 3363 832 3440 diebus
859 3368 943 3438 inter
970 3366 1251 3458 Argentinensea

117 3461 327 3536 Basilienses
352 3473 384 3534 et
404 3463 660 3556 Frangensas,
685 3461 799 3556 quibus
824 3465 1011 3558 episcopua
1036 3465 1100 3536 nisi
1124 3471 1157 3534 et
1179 3465 1251 3557 ipse

118 3571 236 3634 contra
260 3583 319 3634 eos
338 3583 543 3654 cognoscere
566 3560 715 3652 deberet,
740 3559 869 3654 quanm
894 3561 954 3635 sibi
974 3564 1133 3634 assistere
1151 3570 1251 3630 tena-

118 3667 256 3746 renturq
290 3663 373 3734 sicut
406 3658 550 3753 quelibet
576 3657 794 3753 predictarum
824 3661 991 3731 civitatum
1017 3662 1050 3729 in
1078 3679 1139 3730 suo
1166 3657 1252 3728 facto

119 3759 292 3848 cognovit,
312 3758 394 3828 uniri
412 3756 561 3842 nolebam
586 3756 646 3828 sed
664 3774 738 3828 oum
757 3767 844 3828 tarra
862 3755 981 3830 ducum
997 3756 1135 3829 Austris
1151 3755 1253 3844 ligem

121 3857 297 3926 concana.

178 4009 224 4110 ¹Es
240 4009 340 4088 folgen
363 4031 417 4073 nun
434 4013 478 4114 die
493 4013 543 4074 der
558 4011 676 4114 chropik
691 4013 741 4073 des
757 4009 857 4073 Mattb.
874 4009 1021 4088 Neobarg.
1037 4018 1254 4072 eotnommenen

120 4091 1088 4252 {tillottn‘tflf'tttllt:nit’ftttnlttt
1103 4089 1255 4236 libili

122 4261 266 4320 successit
288 4261 313 4318 ei
337 4257 467 4322 Clemens
488 4259 559 4336 vt,
585 4277 740 4339 perquem
764 4257 932 4320 bertholdus
955 4259 1111 4338 episcopus
1133 4266 1179 4318 est
1201 4255 1260 4321 ab·

987 4383 1044 4441 20*
