3012 4820
292 293 472 386 niuoitinnu
492 295 681 353 snounnruu
701 295 808 352 GESTA
829 295 1067 354 ιιιιἘιιιιίΟιιιιιιΙ
1169 297 1243 375 613

107 495 192 546 vero
211 493 275 567 quo
295 474 392 542 iverit
409 493 473 542 non
494 481 667 542 noverunt.
711 471 820 566 Super
848 469 909 542 hiis
932 473 1104 567 plurimum
1122 473 1240 564 ‚adrni-

104 581 218 643 rantes
237 572 358 642 coniux
375 579 471 664 atque
489 573 638 658 maritus,
665 591 739 640 cum
763 573 878 641 timore
906 569 959 640 dei
987 594 1027 641 ac
1049 576 1239 645 reverentia

106 680 240 763 petunt,
266 677 299 740 ut
314 672 364 741 als
389 666 472 740 deus
489 667 643 740 revelare
668 666 836 758 dignaret,
855 667 930 762 quid
947 667 1009 740 hoc
1026 679 1126 741 esset.
1168 670 1241 741 Se-

105 770 216 860 quenti
234 765 287 836 dic
299 764 443 838 Robcrto
458 785 521 860 per
534 769 642 836 visum
654 769 802 861 apparuit
814 764 974 856 Christus
994 767 1107 838 dicens
1126 791 1164 840 se
1178 767 1240 842 sibi

104 868 137 936 io
157 866 279 959 leprosi
298 869 442 960 speciem
461 863 709 936 demonstrasse
726 873 761 934 ut
778 861 931 956 probaret
954 868 1108 958 pietatem
1126 870 1239 960 ipsius.

103 961 348 1056 Denuntiatque
366 959 445 1050 sibi.¹
463 959 547 1055 quod
567 960 608 1030 de
624 965 765 1052 coniuge
780 985 840 1033 sua
859 972 951 1035 esset
964 961 1239 1054 fiitosiabuums,

105 1082 244 1154 quorum
261 1083 346 1131 unus
364 1063 551 1154 imperatorq
570 1060 654 1130 alius
672 1081 746 1146 rex„
771 1062 892 1132 tercius
918 1060 1055 1132 domtus
1079 1059 1238 1134 honorem

104 1155 251 1229 baberet.
296 1157 369 1230 Hac
395 1159 613 1250 promissione
646 1157 845 1230 confortatus
879 1155 1063 1246 liebertus,
1094 1159 1238 1232 subactis

103 1254 283 1328 rebellibus
303 1255 424 1351 Apulie
442 1265 539 1348 atque
556 1255 679 1345 Sicilie,
698 1258 833 1350 optinuit
856 1257 996 1328 totaliter
1013 1261 1237 1351 principatum.

104 1352 289 1448 Habuitque
308 1364 375 1426 tres
393 1351 487 1426 lilios.
525 1350 745 1441 Guilielmum,
764 1357 815 1447 qui
834 1357 959 1448 accepit
982 1377 1122 1426 uxorem
1140 1355 1240 1428 liliam

103 1451 219 1522 Alexii
242 1453 447 1546 imperatoris
470 1447 670 1540 olearum,
695 1451 816 1545 luitque
843 1453 967 1544 imperii
985 1453 1070 1523 illius
1088 1454 1239 1526 dominus

104 1559 138 1620 et
154 1571 345 1644 possessor,
364 1548 423 1620 sed
441 1559 586 1621 mortuus
605 1558 657 1620 est
674 1551 745 1620 sine
764 1549 846 1622 liliis.
889 1549 950 1620 llic
976 1549 1118 1620 creditur
1134 1552 1239 1624 luisse

104 1645 313 1735 Guilielmus
332 1647 384 1741 qui
402 1646 506 1718 dictus
525 1658 577 1717 est
593 1645 840 1741 Longa-spata,
859 1646 918 1720 sed
930 1647 1017 1719 bunc
1027 1649 1115 1719 multi
1128 1647 1239 1720 dicunt

105 1767 172 1817 non
191 1767 319 1838 genere
332 1741 595 1833 uobeutluissa
613 1743 674 1815 sed
692 1743 733 1814 de
746 1749 846 1839 stirpe
857 1743 1080 1816 marchionum
1094 1742 1238 1817 Montis·-

102 1843 226 1914 ierrati.
262 1841 436 1914 Secundus
463 1839 548 1912 filius
574 1840 710 1912 Roberti
736 1841 907 1914 Guiscardi
934 1843 994 1913 luit
1018 1843 1237 1935 Boagdinos',

103 1943 159 2034 qui
176 1940 235 2011 luit
258 1943 361 2034 primo
388 1938 456 2011 dux
479 1940 685 2012 Tarentinus.
732 1942 868 2012 Tercius
893 1941 952 2012 fuit
978 1939 1144 2034 Rogerius
1169 1941 1238 2016 dux

103 2037 246 2134 Apulia,
273 2040 327 2134 qui
358 2049 432 2132 post
458 2048 583 2131 patrem
609 2060 671 2108 rex
698 2037 809 2110 Sicilie
837 2049 1011 2110 comnotus
1040 2050 1092 2111 est
1114 2062 1132 2108 a
1152 2063 1237 2135 papa

103 2137 252 2207 Honorio
271 2135 427 2208 secundo.
463 2135 605 2223 Quartus
624 2135 708 2206 iilius
727 2134 861 2208 Roberti
879 2135 1050 2207 Guiscardi
1067 2137 1126 2207 luit
1136 2137 1236 2210 Hen-

100 2237 191 2306 ricus
210 2232 278 2305 (lux
294 2233 504 2304 Normannie.
542 2235 680 2320 Quintus
698 2232 782 2305 lilius
800 2232 961 2306 Ricardus
980 2256 1092 2304 comes
1118 2234 1236 2305 Acce·-

100 2353 224 2402 rarum.
262 2331 323 2403 llic
339 2330 503 2403 Robertus
535 2341 610 2424 post
634 2332 733 2402 multa
758 2329 906 2404 nobiliter
929 2333 962 2400 in
994 2330 1114 2424 Apulia
1139 2343 1235 2422 gesta

102 2451 205 2501 causa
224 2427 408 2500 devotionis
427 2433 458 2500 in
467 2427 648 2500 Ierusalem
659 2431 865 2522 peregrinari
882 2427 1052 2521 dispositu
1062 2431 1158 2522 eique
1175 2451 1236 2523 per

100 2525 285 2599 visionem²
309 2527 427 2598 dictum
452 2536 504 2598 est
527 2525 612 2620 quod
635 2529 667 2595 in
692 2525 874 2598 lerusalem
899 2536 1091 2597 moreretur.
1128 2525 1235 2597 Com-

100 2624 257 2695 mandato
274 2627 373 2718 igitur
390 2647 496 2717 regno
513 2624 661 2716 Rogerio
678 2621 743 2694 lilio
765 2646 838 2711 suo7
851 2645 971 2696 versus
982 2623 1163 2696 Ierusalem
1175 2645 1240 2718 per*

100 2745 195 2793 mare
213 2725 276 2792 iter
292 2725 434 2816 arripuit.
472 2721 620 2814 Cumque
637 2724 789 2794 venisset
814 2725 846 2793 in
865 2720 1015 2792 Grecium
1035 2720 1077 2792 ad
1093 2732 1234 2816 portum,

100 2823 155 2914 qui
175 2819 288 2892 dicitur
305 2819 475 2892 Guiliohini
494 2828 619 2914 portus
650 2830 804 2911 egrotare
827 2823 922 2912 cepit.
963 2819 1001 2890 In
1027 2821 1234 2891 revelatione

100 2940 188 2988 vero
206 2916 267 2988 sibi
283 2918 367 2989 lacta
386 2916 567 2998 confidens„
585 2919 666 2986 mori
684 2917 773 2988 nullo
792 2918 887 2988 modo
905 2915 1045 2989 timebat.
1078 2917 1158 2988 Erat
1168 2941 1235 2988 au-

100 3026 169 3086 tem
188 3037 233 3086 ex
250 3007 399 3110 opposito
417 3016 523 3087 insula
541 3014 679 3108 quedam
698 3019 922 3102 amenissima,
940 3014 982 3086 ad
1009 3037 1105 3109 quam
1133 3037 1234 3086 causa

99 3114 330 3206 recuperande
349 3111 544 3184 voleurdinis
563 3133 601 3182 se
619 3115 739 3206 portari
767 3112 851 3183 iecit.
894 3112 1044 3183 Portatus
1069 3111 1145 3182 illuc
1167 3134 1235 3184 non

101 3210 362 3282 convalescebat
378 3211 438 3282 sed
455 3215 561 3305 potius
580 3209 693 3280 lortius
712 3208 892 3300 egrotabat.
918 3211 1133 3302 Quesivitque
1147 3209 1235 3302 quod

100 3329 226 3379 nomen
242 3310 349 3380 insule
366 3310 460 3380 ioret.
497 3309 706 3400 Responsum
725 3317 777 3378 est
793 3305 833 3376 ab
851 3309 966 3378 incolis
992 3304 1076 3400 quod
1102 3315 1235 3401 propter

100 3409 312 3477 amenitatem
329 3405 511 3478 Ierusalem
529 3414 714 3476 vocaretur.
740 3407 813 3492 Quo
824 3404 945 3495 auilitoa
957 3402 1117 3478 statimde
1129 3413 1233 3476 morie

100 3526 164 3574 sua
182 3503 391 3594 certificatus,
409 3503 450 3574 de
468 3501 703 3598 pertinentibus
718 3501 759 3573 ad
772 3503 910 3575 salutem
923 3507 1030 3574 anime
1041 3501 1233 3596 disponens,

100 3600 216 3672 divoie
235 3604 390 3694 migravit
407 3600 447 3671 ad
466 3601 573 3672 deum.
611 3600 683 3671 Hac
699 3603 733 3670 in
750 3611 842 3694 parte
867 3604 899 3671 in
917 3598 1076 3694 aliquibus
1094 3602 1233 3670 cronicis

99 3699 183 3790 legi,
200 3701 233 3769 in
250 3710 343 3793 parte
360 3699 400 3770 ab
418 3699 481 3772 illis
499 3699 645 3769 enarrari
663 3697 786 3786 arrdivi„
810 3701 863 3791 qui
878 3702 1037 3792 ystoriam
1061 3696 1103 3766 de
1126 3715 1233 3787 regno

100 3794 224 3890 Apulia
243 3798 371 3891 plenius
390 3806 631 3888 cognoverunt.

154 3894 199 3966 Αι
212 3896 378 3987 Rogerius
390 3894 475 3965 iilius
488 3894 579 3966 ducis
594 3891 727 3965 Robcrti
742 3891 914 3966 Guiscardi
925 3896 1038 3985 genuit
1049 3894 1147 3962 alium
1157 3893 1233 3962 llo-

103 3995 244 4085 gerium.
272 3993 439 4085 Rogerius
456 4003 530 4086 post
546 4002 672 4085 patrem
683 3991 864 4083 Rogerium
878 3990 988 4062 Sicilie
1003 4013 1068 4062 rex
1084 3989 1233 4076 ellectum

102 4093 221 4182 genuit
237 4089 435 4161 Guilelmum
454 4101 487 4160 et
504 4087 725 4161 Constantiam
745 4111 892 4160 sororem
910 4111 1013 4160 suam.
1051 4087 1112 4158 llic
1135 4085 1234 4158 Guil-

102 4189 211 4262 elmus
228 4187 407 4260 honorilice
425 4199 459 4258 et
475 4185 650 4279 magnilica
660 4208 800 4278 regnum
812 4185 921 4259 Sicilie
932 4184 1090 4281 possedit,
1101 4181 1234 4260 habuit·-

159 4309 189 4380 ι)
209 4311 252 4366 liir
270 4310 450 4368 Boemuudus.
486 4309 518 4379 2)
537 4309 658 4365 risorem
679 4309 719 4364 bs.
