3014 4822
445 233 917 296 amnmsnrmrmnoun.
1174 231 1247 313 477

115 407 373 492 cumComauis
399 419 496 483 nocta
522 409 674 506 padam,
700 410 753 484 die
777 412 838 486 uix
861 409 1088 498 illucescente„
1116 431 1246 482 amnem
1263 419 1328 496 tati

115 530 216 603 supra
235 503 372 580 etiaim
393 503 567 582 artificiose
593 512 790 582 ‘haicientes
815 511 996 582 exercitum
1012 505 1246 600 Hungarcrum

113 609 280 678 incautum
295 605 463 680 invadunt
499 605 649 680 hunela
674 605 861 680 reseruntur
885 605 927 677 ibi
954 607 1127 696 sexaginta
1144 603 1246 678 Hun-

114 725 272 794 garorum
288 703 389 792 milia,
412 707 497 776 inter
521 725 604 798 qnos
627 703 693 776 dno
717 707 874 798 episcopi¹
896 714 929 774 et
949 703 1039 775 multi
1056 701 1245 778 Theutonici

115 799 222 872 Gallie
247 812 312 874 tam
336 797 463 873 nobiles
484 825 581 896 quam
599 802 759 894 vulgares
777 805 915 896 periere.
952 799 1029 872 Rex
1045 823 1127 874 varo
1145 799 1245 874 Hun-

114 920 273 990 garorum
298 898 378 990 iuga
407 899 542 993 elapsus
570 922 644 972 cum
669 903 782 993 paucis
807 903 866 972 uix
893 901 1011 972 evasit.
1046 895 1119 970 Nee
1142 921 1244 972 mora.

114 995 243 1068 Tartari
266 993 444 1069 bestialiter
471 1001 641 1070 sevientes
664 1018 796 1070 omnem
820 995 1054 1090 Hungarorum
1078 994 1245 1070 residuam

114 1097 288 1186 regionem
305 1104 449 1182 vastant,
473 1095 598 1168 incolas
621 1104 793 1166 conterunt
810 1103 843 1164 et
860 1092 984 1186 fugant.
1020 1090 1094 1165 Nec
1116 1097 1245 1184 mirum,

115 1213 189 1264 oum
218 1199 319 1265 totum
346 1213 489 1284 ragnum
511 1191 681 1284 Huugarie
707 1191 781 1263 iere
804 1190 927 1263 nullam
954 1193 1119 1266 civitatem
1142 1194 1244 1266 muris

115 1291 272 1360 munitam
294 1285 444 1362 hahuerit
460 1299 493 1362 et
515 1301 622 1362 castra
647 1289 749 1362 bruna
784 1289 862 1362 Rex
884 1292 925 1362 ita
950 1313 992 1360 ue
1019 1287 1179 1382 profugus
1203 1285 1245 1363 ad

114 1384 234 1456 ducem
244 1384 380 1458 Ausuia
399 1409 437 1458 se
455 1387 588 1460 contulit
599 1385 849 1480 etpostmodum
866 1409 926 1481 per
984 1390 1152 1459 ariensem
1168 1389 1245 1482 epi-

114 1505 252 1578 scopum
269 1481 310 1554 ab
335 1486 531 1578 inperatore
554 1483 710 1557 nandium
734 1484 923 1579 postulavit,
947 1505 1072 1578 sponsa
1093 1485 1139 1558 illi
1161 1505 1245 1578 per-

114 1592 212 1674 petua
241 1577 454 1672 subiectione,
482 1585 510 1654 si
536 1605 596 1677 per
622 1605 759 1676 operam
785 1605 880 1656 suam
906 1585 1113 1672 contingeret
1138 1586 1246 1676 ipsum

113 1677 258 1769 rodanum
274 1700 484 1773 recuperare.
517 1677 572 1752 Ex
589 1678 650 1752 hoc
667 1679 817 1752 conflictu
835 1689 960 1753 etanta
978 1679 1162 1752 conflictum
1179 1690 1245 1756 um

113 1775 250 1850 Polonie
268 1799 365 1870 quam
376 1773 547 1870 Hungarie
565 1777 655 1850 multi
672 1777 791 1850 iratres
803 1775 1030 1850 Predicatores
1047 1788 1079 1849 et
1097 1775 1244 1850 Minores

115 1884 310 1963 euaserunt,
333 1877 388 1968 qni
409 1879 507 1967 signo
524 1877 629 1948 crucis
654 1897 715 1968 per
732 1886 831 1948 totam
847 1875 920 1948 iere
936 1873 1152 1951 Teuthuniam
1168 1873 1244 1950 cle-

113 1974 201 2046 rieos
217 1983 253 2045 et
265 1969 369 2046 tucos
386 1969 550 2046 adversus
568 1973 731 2066 predictos
748 1971 906 2076 barbaros
924 1983 1146 2047 armaverunt
1171 1972 1244 2046 lm-

113 2079 248 2162 perator
271 2073 369 2142 edam
392 2073 523 2165 scripsit
545 2069 752 2161 magnatibus
770 2069 962 2160 leuthone,
988 2082 1022 2142 ut
1037 2094 1077 2144 se
1094 2075 1126 2144 in
1143 2069 1243 2144 adiu-

113 2171 231 2240 torium
249 2167 350 2261 ipsius
368 2179 594 2264 prepararent
613 2189 653 2240 eo
665 2169 833 2262 quodipse
844 2167 1075 2242 velletaderre
1087 2170 1243 2244 auxilium

112 2261 553 2362 populoChristinnocontra
571 2265 797 2341 truculentiam
810 2263 1030 2338 barbarorum.
1056 2263 1243 2361 lpseetiem

113 2385 177 2438 rex
200 2363 287 2436 thus
310 2366 529 2456 imperatoris,
553 2361 817 2458 archiepiscopus
835 2361 1041 2438 Coloniensis
1059 2375 1093 2434 at
1116 2364 1244 2458 plurimi

114 2457 242 2536 nobiles
253 2457 434 2534 Teuthonie
448 2464 578 2552 signum
587 2465 697 2534 crucis
709 2459 841 2534 vivifice
853 2472 1112 2555 assumpserunt.
1134 2461 1245 2536 Timor

113 2581 180 2632 nun
198 2555 345 2632 modicus
364 2559 513 2632 eiusdem
528 2555 668 2632 barbara
680 2563 788 2652 gentis
806 2562 1000 2632 remotiores
1012 2561 1109 2632 etiam
1121 2571 1243 2653 partes,

113 2679 180 2728 non
198 2657 306 2730 sulum
322 2653 462 2731 Galbam
479 2657 539 2730 sed
555 2668 589 2728 et
604 2655 828 2748 Burgundiam
846 2667 879 2728 et
896 2655 1087 2750 Hispaniam
1111 2661 1244 2748 invasit,

113 2753 231 2850 quibus
249 2775 370 2826 nomen
386 2753 596 2828 Tartarorum
613 2765 709 2826 antea
726 2757 928 2846 incognitum
945 2753 1014 2826 init
1046 2753 1148 2830 Multa
1166 2757 1245 2850 qui-

113 2851 250 2924 demde
272 2861 359 2940 orm,
380 2855 443 2922 ritu
467 2862 500 2924 et
517 2855 604 2926 victu
628 2849 774 2947 predicte
797 2849 936 2924 barbare
959 2856 1069 2944 gentis
1096 2850 1244 2926 audimus

112 2948 313 3024 incredibilia
343 2959 376 3020 et
400 2953 532 3025 omnino
559 2947 747 3039 inhumana„
775 2973 838 3044 que
867 2949 1010 3022 nondum
1038 2947 1132 3022 nobis
1160 2947 1245 3022 bene

113 3052 246 3139 cognita
269 3046 516 3142 supersedimus
532 3045 585 3120 hic
608 3046 794 3138 sorbenda,
819 3045 926 3120 donec
949 3045 1044 3120 nobis
1066 3069 1167 3143 super
1182 3045 1247 3120 hoc

112 3167 206 3315 merp
235 3147 358 3218 veritas
385 3143 565 3236 ffluoeseu,
592 3167 689 3239 quam
715 3144 792 3219 loeo
818 3166 965 3238 congruo
993 3143 1151 3220 ducemus
1179 3166 1245 3239 pc-

112 3265 179 3322 uen
204 3266 268 3316 am.
953 3300 956 3309 .

159 3341 238 3436 Ipso
265 3363 351 3416 anno
376 3341 455 3432 [ian.
474 3342 513 3431 2]
539 3341 750 3417 Hermannus
773 3339 991 3436 landgravius
1019 3339 1104 3414 tilius
1131 3349 1244 3415 sancte

112 3433 283 3514 Elisabeth
299 3437 387 3528 obiit
405 3443 460 3533 qui
474 3439 644 3534 repudiata
661 3439 725 3512 filia
743 3443 949 3534 imperaturis
966 3438 1027 3514 sibi
1044 3437 1243 3533 desponsata

112 3535 213 3608 liliam
230 3536 322 3608 ducis
341 3536 382 3608 de
398 3535 596 3610 Brunswich
614 3537 754 3610 duxerat
769 3543 803 3610 in
821 3559 969 3610 uxorem.

160 3633 242 3730 ipso
264 3655 352 3711 armo
374 3644 450 3728 post
472 3645 610 3708 octauas
626 3634 858 3728 penthecostes
880 3644 1142 3708 torneamentum
1159 3627 1244 3724 apud

111 3729 270 3807 Nussiam
287 3742 340 3804 est
357 3729 511 3820 habitum
529 3735 562 3804 in
579 3755 643 3827 quo
660 3736 789 3809 circiter
805 3744 937 3805 centum
954 3736 1016 3805 viri
1034 3743 1100 3804 tum
1112 3726 1244 3803 nobiles

112 3853 211 3926 quam
232 3833 407 3924 prestantis
431 3828 519 3904 lame
537 3831 653 3903 mihtcs
672 3831 782 3902 calore
800 3833 887 3903 aeris
905 3830 963 3904 vel
980 3830 1120 3922 pulvera
1137 3823 1244 3900 suun-

111 3933 174 4000 eati
200 3932 323 4002 misere
349 3937 425 4000 sunt
443 3931 594 4016 extincti,
619 3925 811 4022 quibusdam
834 3925 1062 4014 sentientibus,
1086 3924 1117 3994 id
1138 3925 1244 4017 potius

111 4025 224 4098 divina
243 4023 398 4114 vindicta
419 4048 515 4119 quam
532 4023 653 4098 laboris
671 4026 840 4097 tolerantia
861 4029 968 4098 animo
989 4019 1143 4097 vincendi
1161 4041 1244 4114 pro-

111 4127 284 4216 veniente
303 4123 359 4195 vel
379 4126 466 4193 aeris
484 4125 676 4218 intemperie
694 4121 864 4208 accitffise.

167 4245 196 4308 lt
217 4245 260 4300 dia
274 4244 369 4302 beiden
383 4244 552 4301 amhisehttte
565 4261 617 4302 von
631 4245 699 4302 Gran
715 4245 768 4326 und
781 4245 892 4302 Caiucsn
909 4241 962 4301 und
976 4233 1095 4301 mebrere
1113 4239 1245 4302 bischbio.
