3014 4822
504 240 672 300 londiniis
691 239 853 301 tritonus,
1168 233 1241 314 405

115 411 1241 512 burgensisaratuepisaopuscumsuisvtdelioetffitdebonocirtensi,

113 519 270 590 Brnnone
282 513 568 608 merseburgensi
585 514 753 586 Lunzone¹
767 512 1049 603 Havelburgensi‘,
1065 507 1244 584 Dietharo²

114 615 287 690 llisnensi.
310 611 360 696 ‚ln
377 613 512 684 australi
538 623 647 684 antem
669 613 768 708 plaga
793 622 887 683 eram
901 607 1084 682 liebertus³
1100 609 1243 680 Vardu-

112 715 242 800 nansia
270 708 462 806 liudolphus
489 708 778 800 salmanticensis,
808 705 1001 801 llildolphus
1028 705 1241 796 Mantuanus,

112 806 320 902 Reginuldus
332 803 620 898 Allenburgensis.
647 803 858 879 Assederunt
868 809 900 877 in
912 803 1090 900 aquilonari
1104 801 1240 876 abbates

112 903 298 978 Richardus
327 904 522 994 suriensis„
556 901 759 977 Retnhotdus
793 902 1043 992 Laurissensim‘
1064 897 1241 974 ‘Amuldus

113 1002 365 1093 llirsleldeneiu
382 999 563 1091 Gerbertus
581 999 816 1074 sanatiAlbani
833 1021 907 1072 oum
925 999 996 1072 aliis
1009 1008 1074 1095 s'eu
1091 996 1242 1072 eiusdem

112 1101 235 1173 ordiris
254 1099 423 1172 siluerunt.
1033 1113 1036 1121 '
1057 1112 1061 1124 '

112 1199 277 1368 limis
294 1195 389 1268 1142
420 1193 480 1269 snb
511 1195 663 1268 Comado
691 1196 786 1269 tertio
814 1194 874 1270 luit
901 1191 1026 1288 regalis
1047 1192 1242 1270 'eonveutus

138 1315 241 1368 ranno
276 1297 326 1366 nti.
1086 1308 1089 1318 ·

163 1391 259 1464 Circa
286 1389 372 1464 idem
399 1402 529 1486 tempus
556 1392 615 1464 init
641 1401 774 1465 sanetus
801 1391 1012 1466 Bernhardns
1040 1389 1104 1480 hie,
1118 1389 1242 1464 'mullis

113 1490 279 1562 miraculis
297 1489 418 1578 elanus„
437 1489 522 1584 qued
539 1493 581 1560 ita
601 1489 754 1562 describit
770 1489 871 1562 abbas
887 1486 1106 1560 Bonae'vallis
1117 1491 1150 1558 in
1169 1491 1240 1559 eius

113 1591 197 1658 vita:
220 1585 321 1678 Apud
338 1585 569 1676 Frankeniurt,
590 1585 807 1678 llloguntinae
830 1587 971 1659 diooesis
994 1585 1115 1672 locum„
1138 1587 1241 1656 innu-

113 1685 214 1756 meris
232 1681 404 1758 virtutibns
430 1684 517 1754 idem
543 1706 664 1756 servus
681 1683 735 1755 dei
752 1685 880 1758 ellulsit.
916 1681 969 1752 Da
991 1692 1056 1755 tota
1081 1676 1242 1779 siqnidem

112 1785 253 1874 regiona
270 1791 425 1874 quotquot
439 1779 643 1874 patiebantur
666 1779 914 1852 adferrebanlur
930 1778 972 1850 ad
990 1776 1066 1850 eum
1081 1785 1117 1849 'et
1131 1787 1241 1850 tantm

112 1885 185 1950 erat
212 1899 406 1978 aenomaus,
433 1890 469 1950 ut
494 1901 557 1950 rex
574 1877 758 1968 Corradus,
786 1899 861 1951 eum
887 1873 1060 1972 aliqnando
1085 1873 1243 1972 populum

112 1977 381 2069 eomprimentem
392 1998 625 2050 mernereunn
640 1987 765 2071 posset,
784 1975 931 2070 deposita
949 1973 1243 2068 emamydevirum

112 2081 264 2146 sanctum
286 2074 319 2145 in
344 2077 491 2168 proprias
517 2073 612 2146 ulnas
637 2075 820 2166 suscipiens
838 2071 880 2143 de
900 2069 1034 2146 basilica
1058 2073 1241 2166 asportarit.

110 2167 203 2242 Inter
219 2170 375 2263 plurimos
394 2193 489 2259 sane„
507 2173 559 2264 qui
576 2169 697 2242 ibidem
714 2169 776 2240 ade
800 2175 821 2242 ti
839 2180 915 2242 sunt
931 2173 1116 2258 sanitatem,
1134 2189 1243 2240 senex

113 2267 245 2364 qnidam
268 2268 467 2363 paralyticus
485 2266 526 2339 de
544 2271 662 2339 vicinia
685 2268 753 2356 illa,
776 2193 874 2339 iiomo
897 2275 993 2337 notus
1012 2275 1045 2334 et
1063 2264 1241 2337 honoratus

114 2365 224 2436 mullis
243 2385 377 2436 suorum
400 2363 551 2458 precibus
570 2375 603 2436 et
619 2387 684 2437 non
704 2368 775 2437 sine
793 2364 893 2437 multo
909 2359 1023 2434 labore
1040 2359 1243 2432 introductus

112 2473 167 2534 est
183 2459 227 2532 ad
250 2459 414 2532 hominem
442 2461 504 2534 dei.
541 2464 575 2533 A
592 2485 656 2556 qno
679 2470 753 2556 post
774 2461 1019 2547 brevissimam,
1044 2470 1079 2530 ut
1102 2454 1242 2547 solebat,

112 2561 295 2632 orationem
319 2567 465 2648 erectus,
487 2563 633 2653 protinus
651 2569 685 2630 et
702 2570 836 2632 sanaque
861 2580 927 2630 nou
950 2555 1047 2628 modo
1070 2553 1243 2627 ineolumis

113 2654 177 2730 sed
194 2663 228 2726 et
242 2654 334 2728 furtis
352 2660 511 2752 apparuit,
530 2667 564 2727 ut
580 2679 701 2751 posses
718 2655 868 2747 eredere,
886 2658 913 2726 si
926 2652 1075 2741 videres,
1091 2656 1159 2723 non
1175 2661 1245 2722 tam

112 2752 286 2826 alteratum
309 2750 474 2824 hominem
498 2775 576 2825 esse
599 2776 696 2847 quam
719 2751 870 2842 alterumq
893 2755 1023 2846 iamque
1048 2764 1089 2819 ee
1106 2749 1244 2820 viriliter

112 2847 315 2945 proeedenle
331 2848 553 2945 parabantalii
563 2849 678 2922 tollere
694 2851 814 2922 laetum
832 2853 917 2938 eius„
933 2851 967 2918 in
981 2869 1044 2942 quo
1062 2845 1244 2919 subvectus

113 2955 195 3020 erat.
239 2947 321 3018 Tum
347 2969 513 3021 revocans
544 2969 620 3018 eum
648 2969 732 3020 unus
761 2969 806 3018 ex
833 2941 1115 3017 circumstanlibus
1142 2941 1243 3034 liuga

113 3043 279 3117 Tullensie
303 3045 468 3119 ecelesiae
491 3041 737 3116 archidiaconns
755 3043 943 3134 evangelici
966 3038 1051 3112 iliius
1074 3039 1245 3134 paralytici

114 3161 257 3214 memor:
276 3142 413 3229 Nausic,
429 3143 486 3230 ait,
503 3163 568 3212 uon
578 3147 627 3212 sia
639 3162 762 3212 naeuus
777 3142 962 3230 reverteris,⁸
978 3140 1054 3208 tolle
1069 3137 1246 3227 prelatum

114 3249 204 3312 tuum
228 3245 261 3308 et
278 3239 433 3308 undula!
456 3249 489 3310 et
513 3241 682 3332 imponens
700 3241 733 3310 in
750 3236 905 3308 humeros
929 3237 1001 3310 eius
1024 3233 1145 3305 dimisit
1167 3253 1245 3303 eum

113 3333 471 3430 libereprueedentem.
499 3335 592 3424 Quod
604 3359 677 3406 eum
690 3334 828 3409 vidisset
840 3332 993 3428 populns3
1011 3328 1245 3429 dedillandem

115 3433 188 3504 deo.
224 3429 348 3504 Ibidem
375 3437 473 3503 eliam
498 3455 581 3526 puer
607 3431 725 3504 surdus
750 3436 784 3502 et
806 3426 914 3502 ninius
938 3439 984 3500 ex
1010 3438 1104 3500 utera
1131 3429 1245 3500 maltis

115 3552 197 3602 snae
216 3527 409 3603 sublevatus
426 3552 489 3622 per
505 3529 627 3602 sesiam
645 3537 678 3600 et
694 3529 874 3600 fenestram
896 3525 1062 3598 aecedens'
1078 3520 1248 3596 advirum

116 3627 170 3701 dei
185 3623 247 3698 sub
265 3649 364 3698 manu
382 3627 453 3700 eius
471 3625 615 3698 auditum
631 3629 757 3718 aceepit
778 3627 900 3720 pariter
915 3635 951 3694 et
965 3623 1139 3716 loquelam.
1175 3619 1246 3692 Sed

116 3735 149 3794 et
164 3724 345 3816 paralytica
363 3722 526 3816 quaedam
542 3721 659 3794 mulier
670 3720 712 3792 de
722 3727 862 3814 regione
879 3719 997 3792 eadem
1014 3718 1110 3791 dives
1128 3728 1163 3787 et
1177 3714 1246 3788 he·

116 3829 231 3893 natm
247 3819 367 3893 ibidem
389 3824 504 3917 resipit
521 3824 680 3894 amissam
695 3819 857 3899 aruum
874 3829 1022 3910 tempore
1043 3818 1244 3908 sospitatem.

113 3917 268 4010 Dumque
285 3917 426 3990 exiliens
443 3916 637 4007 ambulareq
660 3936 777 3989 omnes
795 3915 925 4010 quidem
948 3915 1058 3985 laetati
1079 3921 1166 4000 sunu
1191 3913 1246 4004 qui

118 4009 286 4105 aiebant,
304 4013 365 4090 sed
376 4035 461 4108 ¹prae
479 4017 620 4088 caeteris
638 4013 835 4086 exultavere
852 4011 983 4101 militem
1001 4013 1054 4104 qui
1072 4007 1246 4080 attulerant

116 4134 201 4183 eam.
233 4109 320 4184 Nam
338 4121 377 4216 et
385 4111 488 4209 ipsium
506 4107 566 4183 sibi
583 4114 746 4205 particeps
764 4133 842 4184 esse
860 4111 988 4184 virtutis
1005 4107 1162 4198 religiosa
1179 4104 1246 4176 de·-

174 4237 204 4302 l)
219 4231 362 4288 Woliher':
381 4231 521 4289 linanna'
544 4231 575 4301 Β)
592 4231 654 4287 W.':
672 4231 795 4287 listrien.
832 4231 864 4302 3)
877 4229 937 4289 W.:
957 4227 1135 4288 Rambreetus.
1219 4225 1245 4269 ··,
