3036 4822
254 245 421 308 Naustalo
432 247 475 308 DE
486 250 590 309 nunus
602 245 969 308 Gusttsmttcuta‘ttscou.
979 242 1155 306 nouitium.
1196 249 1268 324 367

137 437 259 498 terram
277 427 456 518 divagandi
470 437 580 523 portas
592 422 753 498 obstnurit
764 445 903 515 magnas
916 423 1056 518 denique
1069 433 1267 494 armatorum

135 529 249 620 copias
267 549 326 620 pro
345 525 538 597 defensione
557 526 655 596 castri
673 521 807 616 predicti
826 521 1008 593 statuendo.
1042 518 1189 592 Tandem
1205 541 1269 592 rex

134 623 298 694 invadere
323 625 442 696 volens
468 621 748 716 archiepiscopum
773 619 1000 711 Magantinum
1026 621 1177 691 maximis
1202 641 1269 712 pe-

135 724 241 794 cuniis
266 725 439 816 expositisa
466 731 500 790 ut
522 722 668 814 incipere
693 717 869 814 dispositus
893 717 964 808 suit,
988 721 1096 790 statim
1119 714 1196 786 obiit
1216 713 1269 785 dic

135 821 207 891 xxi.
226 823 302 890 maii
319 842 406 891 anno
423 839 591 890 mcccox.

835 1017 906 1028 ..—

135 1157 346 1232 canonici
369 1158 614 1232 motionum
637 1155 839 1232 misenati
862 1155 1142 1229 FRAGMENTA
1161 1155 1268 1228 COL-

478 1275 632 1350 tuctu.
671 1272 924 1346 1329-1501.

622 1415 785 1428 —--——-

187 1483 288 1554 Anno
307 1488 523 1556 mcccxxix.
541 1487 613 1577 ipso
632 1482 685 1553 die
702 1483 873 1553 Laurencii
892 1479 1057 1572 [aug.10]
1078 1483 1170 1554 cives
1188 1480 1268 1552 Mo·
1284 1491 1352 1548 1329

134 1585 354 1671 guntinenses
380 1581 613 1654 destruxerunt
638 1584 872 1652 monasterium
897 1582 999 1650 sanct
1026 1576 1146 1649 Albani
1173 1589 1267 1649 extra

134 1700 248 1749 muros
266 1678 550 1771 Mogontinenses.
578 1678 730 1765 (ioannis
751 1679 776 1766 i,
800 1678 899 1769 653.)

184 1775 286 1846 Anno
304 1779 484 1849 m.ccc.i.vi.
504 1775 664 1848 Gerlacus
687 1775 952 1869 archiepiscopus
970 1774 1183 1867 Magantinus
1200 1773 1267 1846 ob·
1283 1785 1352 1841 taso

134 1871 221 1944 sedit
237 1873 404 1946 Erenvels
429 1884 571 1946 castrum
596 1886 629 1945 et
652 1871 819 1945 Haseloch
842 1885 997 1961 castrum,
1025 1895 1089 1966 que
1107 1871 1200 1944 Cuno
1224 1872 1267 1943 dc

135 1969 351 2042 Faikenstein
368 1969 533 2043 obtinebat
557 1983 590 2043 et
608 1974 814 2065 expugnavit
832 1993 871 2040 ea
890 1974 1064 2064 episcopus
1082 1981 1116 2042 et
1132 1969 1267 2042 obtinuit

135 2077 198 2139 etc.
225 2069 414 2156 (Bodmoaa
432 2072 500 2140 147
517 2075 585 2140 aad
603 2071 707 2160 888.)

183 2166 312 2238 Eodem
334 2179 484 2262 tompore
504 2166 633 2258 [1359]
654 2170 739 2237 circa
765 2166 885 2238 festum
902 2175 1111 2260 pentecostes
1131 2169 1212 2258 [iun.
1225 2169 1264 2258 9]
1283 2176 1352 2234 1359

134 2286 253 2336 omnes
271 2268 434 2359 principes
445 2264 661 2354 Wederabie7
678 2263 785 2335 Rheni
804 2263 898 2334 etalii
916 2264 1041 2358 plures,
1059 2265 1183 2338 scilicet
1200 2265 1266 2337 do-

133 2365 243 2434 minus
273 2362 505 2454 iiiogruntinusq
537 2363 762 2450 Coloniensisq
789 2361 1019 2449 nevarensis,
1049 2363 1265 2455 landgravius

132 2459 270 2549 Hassisq
289 2457 389 2533 abbas
407 2460 582 2534 Fuldensis
600 2463 816 2552 civitatesque
834 2458 874 2528 ad
892 2461 1063 2551 imperium
1079 2460 1265 2531 Romanum

134 2560 352 2650 pertinentes,
369 2561 403 2628 in
421 2558 546 2631 eisdem
564 2555 709 2653 partibus
728 2561 801 2645 sita
821 2567 853 2626 et
870 2557 923 2626 aiii
941 2559 1076 2630 cunutus
1096 2568 1128 2628 at
1144 2558 1265 2629 domini

133 2659 379 2748 provinciarum
405 2659 438 2726 in
456 2654 505 2728 his
529 2654 674 2751 partibus
701 2665 867 2724 morantes
895 2651 1096 2725 obsederunt
1122 2665 1265 2729 castrum

133 2774 210 2822 oum
228 2756 359 2823 civitate
379 2753 505 2824 Vilmar
520 2763 652 2848 propter
670 2753 824 2824 violatam
842 2757 986 2846 paoem¹q
1011 2773 1108 2846 quam
1126 2753 1264 2824 Carolus

132 2871 197 2922 rex
213 2848 437 2921 Romanorum
455 2873 496 2922 eo
513 2863 661 2944 tempore
685 2853 908 2938 constituerat,
935 2873 953 2919 a
971 2849 1102 2922 domino
1120 2850 1265 2945 Philippo

132 2945 177 3016 do
191 2945 369 3040 Ysenburg
385 2958 418 3018 ct
435 2952 503 3024 suis
522 2947 744 3041 complicitum
763 2949 855 3018 cuius
873 2946 938 3018 tale
956 2959 1099 3021 castrum
1117 2959 1196 3020 erat.
1224 2948 1266 3018 Et

132 3042 369 3116 subverterunt
387 3055 529 3118 castrum
548 3067 621 3117 cum
642 3048 773 3116 ciuitate
790 3045 873 3115 infra
891 3048 1032 3138 quinque
1050 3042 1264 3133 ebdomadas,

131 3145 176 3212 ita
194 3142 282 3235 quod
298 3143 382 3238 lapis
400 3166 465 3214 non
482 3147 641 3214 remansit
658 3165 760 3236 super
776 3142 927 3235 lapidem.
956 3145 1109 3229 (Ioannis
1122 3147 1146 3232 1,
1163 3147 1186 3213 6
1192 3147 1264 3232 tt.)

182 3240 284 3310 Anno
295 3241 475 3312 mcooixi.
488 3245 574 3314 circa
588 3240 782 3311 dominicam
792 3240 894 3325 Quasi
905 3239 1001 3309 modo
1016 3241 1116 3329 geniti
1129 3242 1213 3334 [apr.
1221 3240 1261 3328 4]
1281 3262 1346 3319 tout

132 3335 273 3409 Carolus
291 3341 466 3432 imperator
477 3343 673 3410 convocavit
683 3358 799 3409 omnes
812 3338 974 3408 electores
985 3339 1112 3429 imperii
1123 3349 1157 3408 et
1168 3359 1264 3432 quam

153 3433 245 3506 lures
264 3437 345 3506 alios
363 3440 526 3531 principes
545 3435 587 3507 ad
605 3433 849 3528 suscipiendum
873 3433 973 3504 filium
1001 3456 1096 3505 suum
1114 3435 1157 3506 de
1174 3435 1264 3507 fonte

129 3457 344 3626 daptismatis.
371 3533 462 3604 'lunc
479 3535 599 3606 iactum
618 3543 668 3606 est
685 3543 947 3604 torneamentum
964 3535 997 3602 in
1014 3531 1215 3625 Nurenbcrg
1232 3544 1265 3603 et

130 3629 341 3702 hastiludium
358 3630 401 3700 de
418 3635 603 3724 quingentis
623 3627 789 3722 gnadariis
807 3634 947 3721 magnis.

181 3726 219 3798 ln
237 3728 300 3800 hoc
317 3751 403 3799 anno
420 3729 539 3800 iratres
558 3727 598 3798 de
617 3729 716 3800 domo
729 3728 906 3798 Teutonico
925 3730 1129 3822 capovamru
1145 3749 1262 3819 regem

129 3848 322 3940 pagnamuu
338 3823 462 3897 Litonie
479 3829 611 3899 nomme
628 3825 724 3897 Stad²
744 3827 850 3915 [mara
869 3824 947 3916 211,
971 3825 1032 3898 sed
1050 3830 1104 3920 qui
1128 3825 1259 3898 taudem

129 3934 307 4092 evdisddem
325 4045 411 4094 auno
422 4021 517 4094 Kuno
536 4019 800 4094 deFaitrenstein
817 4020 1091 4114 cepitPhilippum
1104 4020 1146 4090 do
1157 4020 1261 4093 Isen-

129 4116 217 4211 lrurg
234 4143 308 4192 cum
326 4119 517 4214 quibusdam
536 4124 604 4194 suis
623 4117 843 4213 complicibus.
870 4117 1089 4206 (Wtirdttociu
1108 4119 1141 4212 8,
1160 4119 1260 4213 392.)

185 4259 215 4330 i)
234 4259 357 4316 violatam
377 4259 477 4332 regiam
498 4259 538 4316 bai
558 4257 675 4317 loannis,
710 4258 741 4326 2)
761 4258 913 4330 Kpnstutte.
