2960 4832
260 196 309 270 τε
592 193 1107 255 vemuuusnuomssnmrovnu

1 343 2 391 l

1 425 2 504 p
179 379 247 440 tata
261 345 399 458 „vestra
418 366 552 441 devotio
568 391 629 463 per
646 381 815 444 ostensam
831 367 926 444 nobis
948 373 1003 466 pie
1020 361 1260 446 moderacionis
1278 383 1388 446 vestre

260 466 498 558 „clemenciam
514 476 710 558 recreatamg
727 479 907 542 conservet
921 491 986 544 vos
1003 471 1179 544 altissimus
1197 471 1388 565 adregnum
1466 474 1470 495 ¹

260 563 428 655 „ecclesie
452 587 513 638 sue
537 567 651 637 sancte
673 588 734 660 per
750 577 897 661 tempora
913 589 1073 664 prospera
1091 579 1125 639 et
1141 569 1298 662 longeva.
1315 569 1388 641 Da·
1467 560 1470 589 ¹

260 671 353 754 „tum
369 661 457 759 apud
472 661 819 755 westmonasterium,
838 664 956 738 diovii.
969 665 1177 762 septembris,
1196 671 1388 760 annoregni
1468 711 1469 752 τ

260 763 386 854 „nostri
403 758 541 832 Francia
559 771 685 858 parto,
702 765 799 856 regni
816 785 900 836 vero
916 769 1018 837 nostri
1036 764 1162 858 Anglie
1177 767 1287 840 xvii.“
1310 786 1316 792 ·
1468 759 1469 792 ³

258 1043 408 1132 Eputotc
423 1043 590 1112 ludewici
606 1045 647 1113 dc
663 1045 821 1114 Bouario
837 1045 968 1114 domim
983 1062 1073 1132 pape
1093 1045 1256 1116 Gtemeatt.

304 1173 388 1245 ltem
406 1176 577 1269 exemplar
593 1174 730 1269 epistole
746 1199 812 1270 que
828 1179 930 1250 missa
947 1175 1006 1247 luit
1021 1199 1106 1272 pape
1123 1175 1287 1250 Clementi
1305 1203 1388 1252 anno

258 1270 1388 1368 predictoperLudewloumpredictumsupercompositloneiacienda:
1478 1317 1479 1322 =

259 1367 497 1459 „Sanctissimo
513 1373 546 1440 in
559 1367 686 1443 Christo
703 1375 785 1466 patri
797 1369 988 1462 sodomum
1010 1371 1140 1443 domino
1153 1371 1319 1446 Clementi
1329 1387 1386 1448 eto.
1478 1415 1479 1418 ¹

258 1465 481 1556 „ludewicus
505 1465 558 1538 dei
582 1473 694 1560 gracia
718 1469 941 1540 Romanorum
964 1483 1038 1559 rex,
1063 1491 1197 1563 semper
1214 1483 1388 1562 augustus,

258 1563 367 1654 „filius
379 1575 439 1636 eto.
452 1563 535 1636 Cum
545 1565 831 1638 recomaudatione
843 1579 903 1638 eto.
916 1565 1035 1638 devota
1046 1565 1166 1660 pedum
1177 1569 1292 1639 oscula
1303 1568 1388 1640 bea·

257 1671 396 1754 „torum
414 1660 582 1734 Sanctitati
604 1675 732 1753 vestre,
755 1662 849 1736 nobis
874 1686 969 1758 pram
992 1665 1165 1758 plurimum
1181 1665 1387 1754 venerande„

149 1841 154 1848 ,
257 1770 392 1851 „uotum
410 1759 480 1832 fieri
492 1764 645 1856 'cupimus
662 1769 724 1856 pei
740 1772 913 1855 presentes
931 1761 1017 1855 quod
1035 1760 1151 1832 auditis
1168 1760 1229 1835 biis
1242 1774 1277 1834 et
1286 1764 1388 1836 intel·
1478 1811 1479 1816 ,

255 1859 386 1950 „lectis
404 1855 1388 1954 quenobistebsdellandeggede¹affectioneetbenivdlen-
1478 1895 1479 1934 ;

256 1959 323 2048 „tia
342 1959 518 2030 sanctitatis
542 1967 658 2029 vestre
675 1959 708 2027 in
725 1961 858 2047 negotio
869 1967 982 2028 nostre
1000 1957 1274 2030 reconciliationis
1292 1960 1389 2052 plene

215 2074 218 2080 ·
256 2053 388 2146 „retudit
403 2056 484 2126 viva
500 2075 600 2144 voce„
619 2052 678 2127 sibi
696 2061 859 2150 tamquam
876 2077 1019 2150 persone
1036 2053 1199 2127 credimus
1217 2057 1250 2126 in
1269 2055 1388 2128 dicen-

255 2149 343 2243 „tta
367 2159 400 2222 et
425 2153 600 2224 intrinseca
625 2155 770 2246 corporis
793 2155 896 2224 nostri
918 2156 1050 2224 viscera
1074 2149 1115 2222 ad
1139 2151 1298 2242 gaudium
1315 2165 1387 2226 sunt

255 2258 450 2339 „commota
469 2247 560 2320 Sicut
577 2251 664 2320 euim
681 2247 823 2322 tenellus
841 2249 926 2322 lilius
944 2253 1067 2343 aspirat
1083 2248 1124 2320 ad
1140 2247 1244 2322 ubera
1261 2256 1387 2342 mauu,

256 2349 322 2440 „ita
351 2343 518 2420 desiderat
546 2350 653 2418 numa
681 2355 793 2428 nostra
822 2347 931 2419 redire
960 2347 1002 2434 ad
1032 2351 1177 2438 muciam
1207 2349 1387 2421 sanctitatis

254 2451 394 2534 „vestre
412 2467 452 2515 ao
468 2467 563 2516 sacre
581 2443 731 2516 Romane
749 2445 891 2517 ecclesie
909 2469 1005 2540 quum
1022 2447 1294 2538 recognoscimus
1311 2469 1388 2518 ma·
1478 2515 1479 2518 ,

256 2551 364 2633 „trem
380 2540 524 2612 fidelium
541 2564 560 2611 a
579 2541 708 2612 domino
722 2547 937 2614 constitutam.
956 2541 1085 2614 Scimus
1103 2563 1236 2636 nempe„
1256 2543 1343 2637 quod
1361 2547 1387 2616 si
1478 2593 1479 2630 3

256 2637 445 2730 gmediante
462 2649 577 2711 vestre
596 2643 774 2712 sanctitatis
793 2643 897 2732 gratia
914 2644 1090 2732 negocium
1107 2650 1256 2712 nostrum
1273 2651 1389 2719 vestre
1478 2705 1479 2710 ,

255 2735 563 2829 „reconciliationis
581 2747 616 2807 ut
633 2758 818 2830 speramus„
837 2736 877 2808 ad
895 2737 994 2809 linem
1011 2735 1207 2810 laudabilem
1217 2738 1388 2832 perduce-

256 2843 332 2926 „tur
347 2833 514 2907 leviathan
535 2837 611 2924 istea
635 2837 688 2928 qui
711 2834 819 2906 nitiurr
836 2835 989 2907 scindere
1006 2838 1161 2907 unitatem
1178 2845 1211 2906 et
1222 2839 1388 2908 seminare
1478 2901 1479 2904 ,

256 2929 488 3024 „discordiam
518 2931 674 3004 confusus
700 2930 915 3027 superabitur.
947 2931 1098 3007 Cessabit
1121 2937 1226 3006 omnis
1251 2939 1388 3006 materia
1478 2983 1479 2988 ,

190 3081 194 3088 .
256 3027 444 3121 „smitam
469 3051 532 3125 que
545 3025 609 3100 beu
628 3033 659 3101 iu
675 3031 965 3102 universomundo·
975 3040 1108 3126 propter
1125 3030 1330 3112 discordiam¹
1340 3043 1390 3104 est

256 3124 425 3219 „suborta
449 3149 513 3198 nec
535 3135 588 3198 est
603 3125 759 3221 possibile
783 3127 904 3220 linguis
921 3127 1087 3200 bominum
1105 3129 1192 3222 loqui
1209 3129 1267 3199 vel
1285 3130 1389 3220 intel-

256 3226 376 3317 „lectu'
388 3223 531 3299 bumano
553 3228 724 3315 irnaginari
741 3223 826 3296 bona
845 3245 908 3320 que
926 3247 972 3297 ex
987 3225 1050 3297 boc
1067 3229 1242 3298 evenirent
1252 3231 1389 3300 verisi-
1478 3289 1479 3324 p

257 3322 399 3413 „militer
415 3325 448 3392 in
465 3323 617 3396 futurum.
636 3320 777 3393 Noverit
794 3327 898 3394 eciam
916 3325 1070 3395 sanctitas
1084 3334 1211 3414 vestrm
1230 3323 1319 3418 quod
1336 3324 1389 3395 di-

257 3422 358 3510 „vina
377 3423 489 3510 gracia
507 3421 685 3512 inspirante
703 3429 736 3489 et
753 3423 857 3491 eciem
874 3425 951 3491 moti
969 3443 1015 3492 ex
1024 3418 1137 3493 verbis
1148 3431 1182 3492 et
1191 3421 1388 3515 persuasio-

257 3513 376 3608 „nibus
393 3519 549 3610 prepositi
567 3516 754 3609 supradicti,
778 3527 899 3589 tantam
923 3518 965 3588 de
983 3521 1152 3590 sanctitate
1169 3529 1284 3590 vestra
1304 3541 1388 3592 cou-

256 3615 428 3707 „cepimus
440 3612 687 3704 confidenciam
706 3615 792 3708 quod
804 3638 870 3686 non
888 3616 994 3688 solum
1010 3619 1044 3686 in
1062 3615 1203 3688 articulis
1215 3613 1313 3688 nobis
1330 3637 1390 3712 per

256 3714 387 3806 „ipsum
405 3714 638 3805 expressatis&
657 3711 716 3783 sed
735 3715 833 3784 etiam
849 3715 882 3783 in
900 3712 1145 3807 quibuscunque
1162 3715 1248 3786 circa
1266 3735 1389 3809 perso-

257 3829 356 3902 „nam
375 3818 408 3880 et
425 3819 543 3882 statuum
561 3817 594 3879 et
609 3805 731 3880 liberm
743 3819 873 3882 nostros
886 3811 1037 3903 agendis,
1049 3821 1138 3881 stare
1149 3808 1304 3883 volumus
1316 3811 1389 3898 dis-

190 3935 194 3941 ·
258 3909 432 4002 „positioni
448 3917 482 3978 et
497 3905 689 3979 ordinationi
708 3910 885 3980 sanctitatis
903 3918 1031 3999 vestre,
1050 3918 1083 3979 et
1099 3931 1119 3978 a
1136 3919 1250 3980 vestra
1262 3909 1390 3981 volun-

257 4011 347 4095 „tate
376 4005 563 4077 nullatenus
593 4005 731 4076 resilire.
756 4003 798 4075 Et
820 4003 860 4076 ab
884 4007 947 4078 isto
969 4015 1082 4078 nostro
1099 4007 1265 4100 proposito
1283 4011 1389 4079 averti

258 4121 347 4192 „uon
369 4123 560 4195 possumus
584 4105 682 4172 immo
707 4105 811 4178 eciam
834 4106 941 4174 omnia
960 4104 1125 4197 complere
1141 4102 1342 4178 intendimus
1359 4115 1391 4176 et

297 4229 326 4301 l)
345 4230 379 4286 de
398 4229 463 4288 lehlt
480 4231 507 4289 in
527 4230 575 4287 der
592 4231 632 4286 bs.
668 4231 699 4301 2)
720 4245 752 4288 so
772 4232 814 4288 die
832 4233 872 4290 bs.
