2900 4820
207 247 281 322 268
507 247 673 306 nummus
692 247 1032 308 nmwumuncuusrs.

122 421 270 497 turoam
291 425 482 514 erinperto
508 443 627 514 eorpus
652 445 753 496 mmm.
789 425 909 522 Sicquc
938 449 1011 500 cum
1039 428 1188 502 exercitu
1215 449 1276 502 suo
1303 427 1337 502 in

210 543 326 619 campo
351 545 389 595 so
414 527 524 618 posuit
544 527 634 596 iumta
650 522 870 596 Frankenfort
892 525 974 598 feria
999 535 1094 598 sexta
1118 535 1193 622 post
1209 525 1338 622 Hylarii

213 625 291 714 [ian.
317 619 380 712 16]
407 642 493 693 anno
517 618 636 693 domini
661 625 855 698 mmccxlix.
890 621 1236 720 Convenientibusque
1260 623 1338 696 inibi

207 717 405 818 principibus
430 729 567 816 quatuor
593 729 626 790 et
642 721 750 794 multis
773 719 969 812 baronibus,
994 732 1028 792 et
1051 744 1111 818 per
1134 725 1337 794 sentenciam

209 818 359 891 demeto:
390 821 561 908 imperium
584 837 720 908 occare,
750 823 935 910 eisdemque
958 829 1099 909 quotuor
1121 825 1172 891 ius
1195 823 1339 910 elipandi

210 924 398 1006 competere,
417 915 543 989 electus
562 926 614 990 est
629 919 662 987 in
680 917 910 1012 purificacione
931 917 1057 1010 [febe]
1075 917 1337 1013 perlleinrioum

211 1011 492 1110 arehiepiscopum
519 1014 768 1106 Mogontinum,
801 1014 1015 1089 Ludowicum
1048 1014 1271 1088 marchionem
1304 1018 1339 1088 in

210 1109 463 1204 brandanburg,
473 1111 650 1186 Rndclmn
662 1111 704 1183 de
715 1111 857 1185 Bovario
868 1114 1049 1186 Palatinum
1059 1113 1157 1204 Rene„
1169 1121 1336 1186 annuente

208 1207 354 1285 Roberto
372 1209 472 1282 fratre
491 1233 551 1284 suo
569 1221 602 1281 et
619 1220 713 1306 capto
737 1220 814 1284 tunc
830 1211 976 1306 lioperto
999 1211 1129 1285 fratueli
1153 1232 1283 1301 eorum,
1306 1221 1340 1283 et

211 1309 344 1381 Ericum
362 1307 479 1380 ducem
496 1307 653 1380 Saxonis.
681 1308 765 1380 lluic
781 1311 868 1381 enim
882 1307 992 1400 Erico,
1010 1320 1162 1404 tanquam
1181 1305 1247 1380 filio
1263 1308 1339 1379 fra-

210 1411 269 1480 tris
288 1407 427 1480 senioris
445 1403 575 1477 Rudolb
594 1405 699 1496 ducis,
718 1408 869 1480 electoris
887 1407 1011 1496 llaroliq
1030 1404 1270 1478 decernebatur
1287 1407 1339 1477 ius

212 1502 366 1595 eligendi.
401 1502 549 1598 Cumque
573 1527 634 1598 per
651 1526 715 1577 sex
738 1501 938 1577 ebdomadas
962 1513 1113 1600 potenter
1132 1507 1290 1576 iacuisset
1305 1506 1340 1572 in

212 1605 349 1696 campis,
371 1605 406 1673 in
429 1599 670 1672 Franckenfurt
692 1621 785 1672 more
808 1605 903 1694 regio
927 1612 978 1674 est
998 1611 1163 1696 receptus.
1196 1601 1340 1695 Alieque

212 1703 362 1774 civitates
379 1703 413 1770 in
429 1697 636 1770 Wettereiba
653 1701 780 1792 imperii
798 1721 873 1771 eam
892 1701 1038 1774 similiter
1055 1709 1264 1794 receperunt

261 1795 454 1888 Intelligens
472 1807 581 1868 autem
598 1795 754 1886 narolus,
779 1818 855 1868 eum
872 1801 982 1869 iacere
999 1801 1033 1868 in
1050 1818 1179 1892 campo,
1203 1795 1246 1867 ad
1262 1795 1341 1868 Re-

210 1917 287 1967 num
301 1917 339 1967 se
350 1894 567 1982 transferens,
578 1895 836 1984 treverensen„
855 1893 1101 1986 sidoniensem,
1119 1894 1341 1966 leodiensem

211 1995 399 2088 episcopos,
424 1990 541 2062 ducem
558 1989 741 2063 Brabancic
766 2003 799 2063 et
816 1993 897 2067 alios
922 1995 1086 2090 principes
1106 1994 1229 2064 amicos
1248 1991 1340 2063 allo-

210 2094 328 2186 quitur,
346 2087 494 2163 scribens
512 2093 617 2160 eciam
633 2086 809 2162 baronibus
829 2101 862 2161 et
879 2088 1074 2180 civitatibus,
1099 2113 1162 2185 que
1181 2112 1256 2161 eum
1274 2111 1341 2160 re-

210 2198 379 2284 ceperant„
403 2209 463 2282 pro
487 2184 644 2278 subsidio7
669 2197 703 2259 et
726 2184 812 2282 quod
835 2192 868 2258 in
886 2187 964 2260 villa
982 2187 1096 2260 Gustel
1119 2209 1163 2258 ex
1188 2190 1340 2282 opposito

210 2283 389 2378 Mogunoie
407 2289 630 2357 castrametari
648 2285 751 2358 vellet
768 2284 927 2357 dominica
944 2284 1025 2358 Esto
1049 2284 1144 2356 michi
1165 2283 1246 2377 [feb.
1262 2285 1340 2376 221.

211 2382 267 2455 Ad
285 2404 382 2478 quem
399 2385 572 2456 terminum
590 2380 793 2475 Giintherus,
818 2387 910 2483 quasi
927 2386 961 2454 in
980 2381 1103 2474 derisu,
1122 2391 1342 2458 torneamen-

211 2490 279 2552 tum
296 2480 419 2555 indixit.

211 2687 261 2758 lie
285 2690 514 2759 condecorare
531 2691 740 2778 ,munimenti
757 2707 822 2778 per
845 2689 1004 2760 iteratum
1026 2707 1137 2780 repam
1159 2707 1260 2760 eum.
1287 2742 1294 2760 .
1318 2694 1340 2760 ,¹

309 2788 384 2869 filiu
401 2787 532 2870 Rudolfi
548 2787 695 2858 Palatini
710 2790 793 2858 Beni
808 2791 875 2859 siue
892 2790 985 2858 ducis
1002 2790 1165 2859 Bouaria.

261 2937 404 3012 llarolus
427 2947 537 3010 autern
560 2939 690 3010 unicam
713 2939 813 3011 filiam
829 2939 961 3013 Rudolfi
977 2942 1125 3013 Palatini.
1136 2938 1273 3033 predicti
1297 2961 1343 3012 ex

213 3047 318 3108 mono
335 3033 377 3106 dc
390 3035 557 3107 llarintbia
575 3036 668 3108 duxit
683 3059 836 3130 uxorem,
854 3042 1005 3132 quamms
1022 3041 1085 3132 ipsi
1102 3037 1180 3127 dun
1197 3035 1342 3108 llarolus

212 3144 246 3204 et
257 3132 431 3224 Rudanas,
450 3133 612 3228 quondam
624 3133 756 3206 Rudolfi
772 3138 865 3226 regis
877 3135 999 3208 inerint
1014 3145 1227 3231 pronepotes,
1244 3137 1344 3227 ipae-

213 3255 278 3325 que
294 3229 457 3304 Rudolfus
475 3241 509 3302 et
525 3229 689 3326 quondam
706 3254 791 3305 uxor
808 3237 893 3323 aius,
917 3245 1023 3306 mater
1040 3255 1178 3327 sponse,
1196 3232 1346 3304 sinuum

212 3329 334 3400 fuerint
350 3327 498 3400 eiusdem
516 3327 647 3401 Rudolfi
664 3335 756 3422 regis
774 3341 986 3425 pronepotes,
1010 3352 1070 3425 pro
1093 3352 1158 3424 quo
1175 3349 1345 3422 nunquam

213 3424 329 3498 dicitur
355 3425 607 3520 dispensaturus
643 3425 727 3499 Cum
753 3439 864 3500 autem
887 3427 1029 3500 llarolus
1053 3425 1257 3500 Giintlrorum
1282 3448 1346 3519 pre

212 3527 364 3617 potencia
382 3545 442 3596 sua
454 3535 488 3596 et
498 3522 558 3598 sibi
576 3523 808 3601 adherendum
826 3526 987 3598 invadere
1000 3546 1066 3597 non
1084 3534 1210 3618 posset,
1228 3521 1347 3596 mdixit

214 3621 409 3716 colloquium
435 3621 565 3716 Spiram
592 3620 634 3692 ad
662 3619 856 3696 dominicam
879 3621 998 3696 letare
1023 3626 1131 3714 [maru
1149 3621 1242 3711 221.i
1278 3620 1347 3694 Ubi

214 3717 486 3792 convenientibus
510 3719 737 3811 lbevcrense,
762 3719 902 3793 Gerlaco
926 3719 1134 3813 Mogumtinm
1158 3723 1276 3792 comita
1299 3718 1347 3792 de

213 3813 432 3909 Wirtenberg
453 3817 628 3911 multisque
652 3815 828 3891 baronibus
856 3827 890 3890 et
913 3821 1079 3890 civitatum
1103 3819 1243 3908 nunciis,
1268 3839 1348 3889 oum

214 3923 404 4008 speraretur
415 3911 620 3988 Gdntherum
631 3918 664 3988 in
675 3919 783 3990 vicino
794 3925 970 3990 venarum
987 3938 1047 4011 pro
1059 3913 1233 3988 concordia
1249 3923 1348 3990 trao-

266 4118 297 4187 1)
315 4119 400 4174 Anna.
446 4119 477 4186 2)
504 4125 639 4189 materque
663 4135 765 4193 sponse
791 4127 817 4175 et
841 4100 958 4192 sponsus
984 4114 1106 4176 similiter
1129 4117 1206 4173 liberi
1233 4115 1348 4174 duarum

213 4204 336 4316 225qu
353 4190 431 4317 Rome
450 4189 561 4246 setutA.
575 4190 645 4247 noch
665 4208 706 4248 au.
743 4191 774 4259 3)
793 4198 856 4254 tnnc
874 4197 1039 4263 sequentem,
1057 4189 1091 4246 de
1109 4187 1169 4246 uilla
1189 4187 1278 4244 Castel
1297 4203 1348 4246 re-
