3036 4822
323 272 507 330 successio
526 271 754 331 maculosum
771 271 1072 332 liOGUli'llNllllSlUll.
1190 275 1258 348 361

131 447 294 544 Spffiidus
306 447 519 540 hloguntiuus
538 445 802 546 archiepiscopus
820 446 930 520 habuit
948 447 1119 520 concilium
1132 449 1263 520 Erilor·

132 549 186 619 dic
213 552 243 619 in
269 547 410 620 ecclesia
436 547 531 618 beate
554 547 660 618 Marie
685 559 717 618 et
740 550 885 635 instituit.
912 547 997 642 quod
1021 569 1120 618 omne
1142 547 1263 619 festum

131 644 259 717 hahens
276 649 425 740 proprias
441 645 558 716 laudes
570 668 643 716 cum
661 667 784 716 norem
801 643 993 716 lectionibus
1012 643 1263 738 celebraretur.)

183 743 363 816 ltlccuxx.
396 741 580 835 sigefridus
598 743 765 815 secundus
783 754 817 813 et
834 765 975 834 magnus
994 747 1088 814 annis
1105 747 1174 816 xix.
1201 747 1263 833 Qui

131 841 334 912 Fridericum
352 845 582 937 imperatorem
601 839 821 935 expugnabat.
853 842 915 928 Qui
933 841 1119 932 Sigehr'dus
1137 863 1263 913 couse-

132 941 239 1010 crarit
264 939 438 1011 ecclesiam
463 938 690 1029 Mogontinam
715 937 775 1010 sub
800 959 886 1009 anno
910 938 1030 1009 domini
1051 943 1262 1012 mccxxxix.

132 1037 238 1126 (Obiit
254 1041 286 1108 in
304 1039 432 1130 Piguia,
451 1037 598 1131 sepultus
617 1036 825 1129 illoguncie.)

183 1135 372 1206 dlecxlix.
411 1133 591 1207 Cristianus
620 1135 786 1208 secundus
811 1133 896 1206 sedit
918 1137 1014 1206 anuis
1038 1137 1069 1206 ii.
1106 1132 1205 1223 (Fide
1231 1147 1265 1207 et

131 1255 235 1329 opere
248 1231 450 1304 Christianus
461 1233 531 1322 fura
550 1235 602 1326 qui
621 1233 742 1304 studuit
759 1233 901 1304 ecclesie
919 1255 1072 1327 preesse,
1090 1253 1163 1303 curn
1181 1256 1264 1326 pace

132 1331 184 1402 dei
205 1334 428 1425 episcopatum
445 1334 659 1425 resignavit.)

182 1427 324 1500 lll.cc.l.i.
351 1427 540 1500 Gerhardus
559 1428 803 1500 seditannisix.
832 1426 1036 1517 (Guthardus
1054 1429 1155 1500 irater
1171 1431 1263 1520 regis

133 1529 260 1620 Anglie
277 1537 350 1598 octo
368 1525 496 1599 milibus
514 1550 698 1600 marcarum
709 1550 727 1595 a
740 1528 879 1599 vinculis
898 1548 974 1596 eum
991 1525 1118 1614 liberat.
1136 1537 1171 1598 ut
1188 1549 1264 1597 eum

132 1629 165 1696 in
181 1645 301 1716 regem
318 1625 541 1697 Romanorum
560 1626 709 1716 eligeret.
742 1626 842 1697 Anno
861 1622 957 1696 1259
974 1622 1164 1696 Gerhardus
1181 1623 1265 1695 Eri-

132 1721 239 1794 lordic
257 1721 345 1810 obiit,
364 1731 398 1792 et
414 1733 491 1815 aput
507 1721 655 1794 Minores
672 1725 876 1813 tumulatur.)

181 1818 347 1891 lilcclix.
381 1817 591 1892 Wcmherus
615 1822 817 1915 (prepositus
842 1821 973 1891 maioris
996 1821 1158 1910 ecclesie)
1182 1818 1267 1890 sedit

133 1920 230 1990 annis
253 1939 337 1988 xxv.
374 1915 463 1986 Sede
487 1920 584 2008 igitur
609 1917 803 2008 Mogontiua
827 1929 1062 2012 postmortem
1086 1915 1266 1986 Wemheri

134 2025 290 2101 vacante.
318 2037 359 2084 eo
386 2013 471 2108 quod
494 2017 526 2085 iu
555 2014 715 2086 discordia
744 2015 808 2086 duo
832 2025 947 2088 essent
974 2017 1083 2104 electi.
1111 2013 1267 2085 videlicet

132 2115 251 2185 Petrus
268 2111 462 2184 Basiliensis
481 2116 671 2202 canonicus,
695 2117 881 2207 prepositus
903 2116 1034 2184 maioris
1053 2112 1208 2198 ecclesie.
1233 2119 1267 2182 et

133 2209 326 2280 Gerhardus
344 2209 386 2279 de
403 2207 619 2305 Eppensteyn
638 2209 884 2282 archidiaconus
895 2211 1129 2298 Treverensia
1149 2219 1182 2278 et
1197 2231 1266 2279 ne-

133 2311 232 2401 gocio
250 2305 304 2377 diu
321 2308 479 2378 ventilato
496 2312 528 2378 in
547 2313 635 2380 cirria
653 2309 816 2397 Romana.
834 2308 998 2379 Honorius
1016 2330 1100 2401 papa
1119 2315 1265 2400 quartus,

133 2415 272 2498 auoque
291 2427 405 2476 eorum
420 2407 547 2495 relicto„
565 2407 743 2477 Hernicum
760 2406 802 2477 de
820 2405 933 2476 ordine
947 2403 1111 2476 Minorum
1129 2407 1266 2497 episco-

132 2525 212 2598 pum
234 2501 453 2574 Basilieusem
476 2507 510 2574 in
536 2503 816 2598 archiepiscopum
837 2503 1066 2594 Mogrrutiuum
1090 2500 1265 2590 ordinavit,

133 2611 167 2671 ct
177 2601 309 2671 Petrum
323 2599 501 2694 predictum
521 2607 733 2696 prepositum.
752 2605 940 2696 episcopum
952 2600 1171 2672 Basiliensem
1183 2621 1265 2692 pre-

133 2699 224 2786 fecit.
241 2701 334 2788 regis
346 2697 476 2769 Rudolfi
494 2699 657 2794 quondam
669 2698 840 2771 medicum.
867 2699 959 2787 (cum
975 2721 1092 2792 papam
1105 2695 1267 2768 Clemen-

135 2807 201 2866 tem
219 2807 397 2866 curaverat
413 2819 432 2865 a
450 2797 541 2868 fluxu
559 2801 685 2870 ventris
704 2807 738 2867 et
755 2801 939 2889 sanguinis.
958 2795 1042 2890 quod
1061 2794 1169 2866 nullus
1187 2817 1266 2864 me-

133 2893 280 2964 dicorum
299 2891 411 2963 lacere
428 2905 573 2988 poterat;
591 2898 765 2965 eratenim
782 2898 999 2989 peritissimus
1013 2897 1091 2965 artis
1109 2891 1267 2984 medice.)

183 2990 413 3063 decimu.
452 2991 616 3064 Heuricus
644 2992 686 3063 de
713 2993 862 3084 Ysingen
890 2991 932 3062 de
960 2990 1074 3062 ordine
1102 2989 1266 3061 lilinorum

134 3087 222 3159 sedit
238 3091 332 3159 anuis
351 3085 465 3178 nibus,
487 3093 540 3184 qui
556 3094 647 3184 prius
665 3091 724 3162 luit
740 3094 914 3184 episcopus
931 3089 1135 3160 Basiliensis.
1153 3087 1267 3181 Sepe-

133 3188 212 3257 litur
236 3189 271 3256 in
299 3186 440 3258 ecclesia
467 3187 648 3259 kathedrali
677 3185 785 3259 tumba
813 3187 961 3280 simplici.
998 3183 1105 3255 Sedes
1134 3187 1268 3256 vacavit

133 3307 258 3354 aunum
280 3307 391 3356 uuum.
428 3285 565 3372 (Pacem
591 3285 667 3356 iecit
690 3289 722 3356 in
739 3283 930 3375 Thuringia.
958 3282 1017 3354 sed
1041 3285 1153 3376 paucis
1171 3283 1266 3352 annis

132 3381 295 3474 dirrarit.)

184 3479 335 3551 illocxc.
374 3479 565 3554 Gerhardus
590 3481 631 3552 de
653 3481 870 3576 Eppeusteyn
894 3483 1070 3551 canonicus
1096 3489 1129 3550 et
1153 3476 1267 3550 archi·

134 3577 293 3649 diaconus
311 3579 531 3651 Treverensis
549 3578 716 3650 ordinatur
732 3579 997 3672 arcldepiscopus
1014 3577 1227 3668 Mogontinus
1246 3598 1265 3644 a

134 3675 273 3746 Nicolao
290 3699 373 3770 papa
401 3689 513 3772 quarto
532 3680 620 3772 prius
639 3675 723 3747 dicto
740 3676 935 3748 lhemnimo.
974 3675 1066 3745 Sedit
1090 3678 1183 3745 annis
1207 3693 1265 3743 xv,

183 3773 346 3845 Mccnvr.
379 3775 495 3847 Petrus
518 3786 614 3846 natus
633 3775 675 3845 de
692 3775 831 3845 Treveri
855 3773 940 3844 sedit
963 3777 1057 3842 annis
1074 3773 1142 3842 xiii
1166 3791 1267 3840 men-

136 3870 227 3942 sibus
245 3892 279 3942 v.
316 3871 416 3944 Rexit
440 3874 615 3944 ecclesiam
633 3870 820 3943 honorilice.
857 3868 890 3940 ls
909 3869 1024 3942 sedem
1051 3887 1186 3939 auream
1203 3889 1267 3937 ec-

136 3969 239 4038 clesie
267 3991 328 4040 sue
357 3969 456 4058 dedit,
484 3993 581 4065 quam
610 3969 669 4042 sihi
698 3970 863 4041 lohannes
888 3991 952 4040 rex
978 3966 1149 4055 Bohemie.
1182 3963 1267 4035 tilius

136 4065 299 4158 quondam
317 4067 448 4139 Hemici
469 4071 687 4162 imperatoris.
710 4071 740 4138 iu
763 4070 973 4138 coronatione
993 4089 1052 4136 sua
1073 4065 1265 4157 pmpiuavit.

137 4165 319 4250 Quicum
340 4166 490 4238 undam
516 4178 612 4261 atque
640 4165 764 4238 dotavit
784 4165 961 4235 claustrum
986 4161 1267 4233 Carthasiensium

137 4281 240 4355 prope
269 4261 490 4356 Mogunciam.
540 4262 621 4336 ltem
652 4262 801 4335 fundavit
831 4262 1007 4352 collegium
1037 4262 1267 4332 canonicorum
