3010 4822
448 275 621 334 llElll'lllGllS
640 269 893 334 pannoniensis.
1162 277 1233 356 545

102 461 137 523 et
153 451 236 524 alios
254 471 350 546 pram
368 451 480 546 plures
498 453 529 523 in
547 449 758 546 Litplroniam.
802 449 863 522 Hic
887 473 949 524 rex
969 453 1109 550 spondet
1124 449 1233 546 bapti·
1249 467 1320 526 tsss

101 553 172 622 nari
189 559 223 620 et
238 551 356 621 venire
372 552 404 620 in
422 549 656 622 Vratislaviam
675 551 707 619 in
724 548 811 620 festo
834 553 1010 624 nativitatis
1027 549 1157 623 domim.
1190 550 1233 622 Et

102 669 178 720 oum
204 650 380 742 imperator
402 647 574 741 sollempni
599 657 756 740 apparatu
789 649 937 720 venisset
954 647 995 720 ad
1022 648 1149 738 locum,
1173 671 1235 720 rex

102 767 171 816 non
187 749 292 835 venit,
310 755 344 816 et
359 745 524 820 rescribit:
541 765 577 816 se
592 748 679 814 nolle
689 745 863 834 baptizari,
881 749 946 816 orm
963 756 1053 817 terra
1070 751 1174 818 evicto
1191 747 1234 816 od

102 863 143 914 eo
160 851 194 913 et
205 846 273 914 aad
289 845 545 914 antecastrale
557 861 620 932 per
635 841 758 926 fratres
774 845 888 912 domm
902 843 1071 916 Teutonico
1087 849 1122 916 ta
1134 845 1236 916 uac-

103 945 157 1108 pp‘a
168 945 363 1108 pmttmatur
380 945 492 1012 odem.
530 939 573 1013 Et
589 943 638 1012 sic
654 939 775 1012 inlecto
791 943 924 1032 negotio
942 945 1117 1036 imperator
1133 964 1236 1014 rece-

127 1041 151 1109 it
191 1039 310 1110 eloco.

153 1134 282 1208 Eodem
303 1159 389 1210 anno
407 1150 441 1209 et
458 1158 573 1210 mense
592 1137 662 1226 [iul.
677 1135 741 1226 20]
754 1134 1076 1212 obiitAlbertusdox
1087 1139 1236 1226 Austrisq

105 1235 200 1306 euius
218 1233 274 1306 filii
291 1233 402 1306 liliam¹
425 1238 586 1307 iuniorem
602 1233 700 1328 paulo
718 1245 796 1308 ante
812 1233 904 1308 duxit
920 1232 1134 1310 Meinhardus
1153 1235 1237 1308 lulius

105 1329 240 1406 ducisse
255 1331 424 1405 llarinthie
441 1345 475 1404 et
490 1330 659 1404 Ludewioi
683 1332 882 1407 marchionis
905 1332 1237 1426 Brandenburgensis

105 1439 139 1500 et
155 1427 247 1502 ducis
265 1429 446 1522 Kerinthie,
463 1441 595 1526 neptem
612 1431 646 1500 in
664 1441 779 1524 quarto
796 1430 914 1522 gradm
935 1453 981 1504 ex
995 1432 1238 1526 dispensatione

105 1526 198 1600 sedis
216 1529 407 1622 amentiae,
435 1539 468 1601 et
498 1529 699 1623 sollempnes
722 1531 834 1622 nuptie
856 1531 889 1600 in
917 1530 1051 1602 Patavia
1073 1527 1239 1602 celebrate

105 1625 248 1696 fuerumt.
282 1623 349 1697 Sed
367 1626 435 1699 dux
451 1625 613 1703 Rudollus
631 1624 759 1698 Alberti
777 1629 890 1700 senior
916 1626 1024 1718 lilius,
1047 1629 1101 1723 quui
1128 1625 1240 1698 Karoll

104 1726 312 1817 imperatoris
337 1723 435 1796 filiam
457 1723 615 1814 duxerat,
638 1734 674 1795 ut
696 1745 808 1819 supra,
829 1727 986 1816 regnavit
1007 1747 1067 1818 pro
1089 1735 1182 1821 patre
1208 1725 1239 1794 in

105 1821 257 1911 Austris,
273 1831 307 1892 et
323 1826 526 1896 consuuntur
543 1820 724 1896 advocatus
740 1833 828 1894 terre
845 1821 1013 1895 inSuevia
1031 1820 1072 1893 ab
1089 1825 1239 1916 impera-

109 1929 184 1990 tore
201 1940 320 1992 socero
337 1942 399 1992 suo
416 1923 647 2017 suprascripto.

156 2039 259 2112 Anno
278 2049 311 2110 ut
328 2059 428 2132 supra
439 2037 621 2110 mccclix.
633 2036 793 2108 dominica
805 2040 837 2108 in
849 2037 956 2110 medio
973 2040 1240 2133 quadmgestme,
1257 2035 1327 2095 ¹3⁵9

105 2159 173 2232 que
191 2137 249 2207 luit
265 2139 326 2206 ni.2
343 2135 408 2209 kal.
435 2135 567 2230 aprilis,
591 2135 682 2208 iures
706 2135 748 2206 de
770 2145 866 2206 nocte
891 2140 1095 2209 intraverunt
1121 2159 1242 2210 mona-

108 2236 247 2308 sterium
265 2244 379 2306 sancte
398 2233 591 2327 Walpurgis
608 2231 814 2305 Eistetensis.
865 2231 908 2303 m
923 2255 996 2305 cum
1014 2237 1241 2330 campanarius

107 2331 262 2426 eiusdem
279 2330 371 2402 tarde
388 2334 522 2402 intraret
540 2330 580 2401 ad
591 2326 822 2423 deponendum
840 2351 878 2403 se
896 2333 928 2402 in
938 2331 1024 2420 loeoq
1043 2336 1168 2404 imount
1184 2333 1242 2405 lo-

109 2452 169 2500 res
187 2431 220 2499 in
237 2427 343 2524 ipsum
361 2429 471 2501 velata
488 2429 584 2516 faeieq
606 2426 759 2500 volentes
777 2449 850 2497 com
861 2427 1030 2516 occidere3
1047 2433 1100 2524 qui
1118 2453 1157 2502 se
1175 2429 1242 2500 da·-

108 2525 233 2612 iendit3
249 2525 307 2598 luit
323 2529 355 2598 in
374 2529 572 2598 monasterio
592 2528 740 2616 graviter
757 2524 960 2599 vnlneratus.
999 2527 1138 2620 Propter
1157 2525 1243 2622 quod

108 2623 307 2698 stillicidium
324 2623 367 2695 de
383 2625 528 2718 reliquiis
548 2621 643 2692 beate
660 2620 855 2715 Walpurgis
873 2634 1066 2695 consuetum
1084 2624 1242 2696 hactenus

106 2744 249 2794 manare
266 2725 414 2794 cessavit
429 2741 490 2816 per
516 2729 654 2814 quatuor
677 2721 877 2812 septimanas
902 2721 959 2792 vel
983 2723 1087 2810 eirea3
1110 2732 1144 2793 et
1169 2731 1244 2816 post

106 2830 249 2892 octavas
268 2819 390 2915 pasche
408 2821 685 2914 appropinquante
703 2815 789 2888 lesto
801 2815 949 2890 eiusdem
969 2821 1107 2910 virginis
1122 2840 1243 2891 mana-

105 2919 160 2990 vit
177 2927 212 2988 ut
229 2926 314 2988 ante.
734 2959 738 2966 -

160 3031 244 3103 ltem
276 3053 362 3104 anno
396 3043 430 3104 at
457 3055 554 3128 supra
581 3032 665 3103 l.ix.³
692 3034 725 3102 in
759 3041 877 3102 octava
902 3041 1113 3129 pentecostes
1140 3037 1243 3106 sancti

105 3127 302 3204 Wunibaldi
320 3131 521 3204 confessoris
539 3133 572 3200 in
590 3128 818 3224 Haydenhaim
842 3127 926 3200 iacta
952 3141 1004 3203 est
1025 3131 1193 3204 translatio
1210 3135 1242 3202 in

104 3249 236 3301 novum
255 3224 399 3298 chorum.
450 3225 553 3300 Cuius
570 3226 715 3320 reliquiis
739 3248 813 3297 curn
839 3237 954 3319 postea
979 3226 1187 3298 deferrentur
1210 3231 1241 3298 in

104 3323 308 3398 stillicidium
327 3324 434 3414 huius
451 3329 483 3396 in
502 3345 622 3416 magna
641 3322 836 3395 abundantia
854 3333 1018 3394 manatum
1047 3334 1099 3397 est
1122 3323 1164 3395 ad
1181 3323 1243 3396 hoc

104 3445 156 3494 ex
173 3443 258 3493 urna
275 3433 389 3494 sancte
405 3421 610 3516 walpurgis,
652 3419 691 3491 ln
708 3418 794 3492 festo
811 3417 980 3491 beatorum
997 3421 1083 3492 Petri
1101 3431 1134 3492 et
1150 3419 1241 3493 Pauli

102 3519 346 3614 apostotorum,
363 3523 396 3590 in
413 3540 534 3592 occasu
553 3517 632 3590 solis
650 3521 682 3588 in
700 3518 831 3588 civitate
848 3515 1027 3590 Eistetensi
1051 3523 1243 3614 supervenit

102 3627 292 3712 tempestas
304 3638 424 3708 magna
442 3627 474 3687 et
491 3613 596 3687 nubes
607 3615 771 3710 pluviosa,
789 3635 906 3708 exque
917 3638 978 3709 per
995 3615 1117 3687 vallem
1129 3616 1241 3687 Pach-

102 3715 150 3787 tal
171 3735 295 3785 versus
313 3715 569 3808 septentrionem
593 3721 680 3782 taum
706 3709 872 3783 inundatio
895 3733 979 3806 aque
1003 3712 1087 3783 lacta
1111 3723 1181 3802 est,
1206 3721 1239 3783 ut

100 3822 238 3908 partem
256 3813 394 3882 civitatis
418 3809 622 3898 destrueret7
646 3807 829 3880 hominibus
852 3806 1068 3882 habitantibus
1092 3812 1125 3880 in
1148 3808 1237 3880 valle

100 3907 256 4006 predicta
283 3929 438 4000 magnum
463 3906 638 4001 dampnum
661 3906 818 3994 inferret7
848 3905 974 3999 lapides
1003 3909 1163 3978 maximos
1194 3903 1237 3975 de

163 4073 195 4142 l)
216 4073 292 4130 cuius
311 4073 388 4130 liliam
407 4073 486 4130 sollte
505 4089 535 4130 es
554 4073 651 4142 riclrtig
670 4073 786 4128 lreissen.
822 4071 854 4140 2)
873 4072 940 4144 prid.
961 4071 1011 4127 kal.
1031 4071 1120 4144 aprilis
1140 4077 1241 4128 mdeste

100 4160 134 4204 es
156 4145 285 4214 heleseu,
308 4160 385 4202 wenn
410 4162 440 4200 es
465 4145 513 4200 aul
534 4143 626 4200 latam
652 4143 721 4200 l359
746 4143 873 4198 zumellen
893 4143 953 4198 soll.
990 4142 1102 4198 Gewold
1121 4144 1165 4198 lat
1183 4143 1240 4200 lrier

99 4217 182 4275 wohl
203 4233 255 4271 nur
273 4217 354 4272 durelr
375 4216 545 4272 drueklelder
563 4217 610 4271 das
630 4215 687 4270 lahr
706 4213 784 4282 lass,
809 4215 836 4269 in
860 4214 987 4270 welchem
1012 4213 1104 4270 littere
1123 4215 1171 4270 aul
1188 4215 1238 4274 dett

101 4289 149 4347 ll.
171 4289 243 4344 stan
263 4287 312 4342 liel.
350 4289 380 4356 3)
399 4288 472 4342 lxiii.
492 4287 537 4344 lrat
555 4286 677 4358 Gewold
695 4303 752 4342 was
772 4285 941 4344 druoltlehler
958 4287 1016 4342 sein
1036 4287 1133 4343 dttrite.

162 4403 303 4444 aounusn
316 4405 425 4446 somnes
439 4406 459 4446 s.
996 4401 1030 4464 35
