3014 4822
521 217 864 280 tommnsmronos.
1185 219 1258 296 427

128 399 276 472 vleensie
299 393 340 468 ad
366 398 575 487 lantgroiium
603 415 825 489 eognoseens„
853 396 938 490 quod
962 415 1028 468 uon
1054 407 1168 490 posset
1194 393 1259 470 su·'-

127 515 247 592 perere
265 493 400 566 Gubam.
437 493 538 566 Venit
554 499 651 567 etiam
676 517 789 566 eomes
806 492 1018 566 Bernhardus
1037 492 1080 563 de
1096 495 1197 588 Lippa
1213 495 1258 567 illi

127 595 160 664 in
178 594 337 664 auxilium
354 613 428 664 eum
440 592 512 664 150
523 591 682 686 equitibus
700 595 823 665 omnis
841 591 881 662 ad
899 589 1030 664 bellum.
1057 587 1124 663 Illis
1142 591 1258 665 diebus

127 696 214 762 oiroa
237 690 357 761 festum
375 689 542 762 Francisoi
568 691 646 780 [oet.
664 689 704 778 4]
723 688 1021 762 Brunsobvioensis
1045 699 1079 760 et
1102 688 1259 762 Meobel-

126 787 305 877 burgensis
332 785 433 857 doees
458 785 650 860 dimiserunt
671 787 880 878 lantgralium
905 786 1076 858 redeundo
1102 785 1143 856 ad
1167 807 1256 860 suos.

125 884 336 975 Lantgroiius
354 894 464 956 autem
481 889 600 957 mansit
616 888 650 956 in
665 883 896 956 Russelsheim
913 905 986 954 eum
1011 887 1080 956 suis
1097 882 1257 957 nobilibus

127 993 160 1053 et
184 980 356 1074 equitibus.
392 977 468 1148 Ipso
492 980 544 1052 dia
569 986 672 1054 saneti
698 981 861 1054 Gereonis
888 982 965 1070 [oot.
984 981 1048 1070 10]
1073 978 1190 1053 nobilis
1217 981 1258 1052 de

125 1079 229 1173 lippe
246 1081 398 1152 transivit
434 1077 675 1150 ronooiordiam
688 1101 761 1150 eum
779 1082 848 1152 sais
867 1101 907 1149 ao
923 1087 1037 1172 postea
1050 1081 1142 1150 venit
1158 1078 1258 1167 foma„

126 1197 213 1270 quae
230 1174 424 1265 affirmabat,
441 1176 527 1270 qood
545 1186 684 1266 treugae
700 1177 807 1248 feotae
825 1186 938 1250 essent
954 1179 1039 1248 inter
1055 1175 1258 1246 Maximilie-

125 1295 205 1346 num
231 1281 264 1344 et
286 1283 437 1346 caeteros
460 1276 624 1367 prinoipes
648 1295 693 1346 ex
717 1295 794 1364 una,
819 1284 852 1344 et
874 1273 1054 1368 Philippum
1078 1273 1257 1346 Palatinum

126 1393 201 1443 eum
219 1374 290 1444 suis
307 1370 382 1444 liliis
400 1393 445 1442 ex
462 1372 565 1444 altera
583 1381 675 1466 parte
693 1393 798 1465 usqae
811 1370 852 1442 ad
870 1370 990 1442 festum
1008 1369 1258 1464 sanetiGeorgii

125 1471 277 1563 proxime
294 1478 470 1540 venturum
493 1490 580 1540 anno
599 1469 695 1540 1505
715 1471 800 1562 [apr.
818 1467 894 1558 23].
931 1469 1041 1555 Quare
1064 1469 1258 1560 lantgreiius

125 1570 244 1636 iterum
270 1565 366 1636 rediit
390 1569 424 1636 in
448 1564 615 1654 naastan„
643 1564 704 1638 sed
730 1577 840 1636 mmen
868 1563 970 1636 noluit
996 1569 1126 1658 aperire
1151 1565 1259 1638 Rheni

125 1663 263 1736 durium
282 1661 323 1732 ad
341 1673 489 1734 sanetum
507 1663 663 1734 Goerium
681 1673 714 1734 et
731 1685 829 1757 supra
850 1666 882 1733 in
900 1661 1111 1752 Gernsbeim,
1135 1685 1197 1757 qua
1216 1662 1258 1733 do

125 1781 163 1831 re
192 1767 394 1833 mercatores
422 1761 556 1832 mttlmm
591 1758 893 1853 oonquerebantum
928 1781 1033 1854 usque
1071 1760 1112 1830 ad
1138 1760 1258 1832 laetum

125 1868 263 1930 sanotae
281 1855 477 1928 catherinae
508 1863 601 1950 [nov.
625 1858 707 1948 2513
735 1869 811 1930 tuno
836 1860 954 1928 iterum
981 1856 1070 1928 dedit
1095 1856 1257 1928 licentiam

124 1953 315 2046 navigandi.

174 2053 277 2124 Auno
296 2052 391 2126 1505
408 2057 442 2125 in
460 2053 512 2124 die
531 2057 634 2124 saneti
650 2051 823 2126 Barnabae
846 2053 998 2144 [iunii]
1013 2049 1256 2126 Maximilienus

124 2153 219 2221 venit
236 2149 406 2222 Coloniam
424 2173 497 2223 eum
518 2149 668 2223 omnibus
692 2149 902 2240 aleatoribus,
926 2150 1061 2222 duobos
1080 2161 1115 2222 et
1130 2152 1256 2244 prinoi-

124 2243 222 2340 pibus
239 2247 398 2340 plurimis„
417 2261 450 2320 et
466 2249 551 2319 laota
569 2258 621 2320 est
637 2247 756 2318 ibidem
774 2247 957 2322 oonoordio.
1375 2285 1381 2296 ·

175 2343 277 2416 nnno
290 2344 398 2418 1506ι
412 2345 654 2418 maximilianus
665 2345 753 2416 dedit
762 2343 1123 2438 lautgraiioWillrelmo
1134 2365 1258 2437 supra-

123 2441 211 2512 dioto
234 2461 360 2514 novum
383 2443 560 2514 thelonium
583 2463 644 2535 pro
664 2447 733 2514 sois
758 2447 916 2536 expensis
934 2453 968 2512 et
984 2441 1197 2514 incommodis
1215 2441 1257 2513 de

127 2559 194 2610 uno
211 2538 358 2632 plaustro
378 2543 444 2611 vini
461 2561 562 2609 unum
579 2539 741 2612 llorenum
757 2540 899 2612 dandum
918 2562 936 2609 o
953 2538 1256 2632 pertranseuntibus

123 2639 338 2729 principatum
356 2635 509 2710 Hassiae.
545 2635 635 2708 blale
658 2635 735 2709 feeit
751 2637 994 2708 lilanimilianus
1019 2636 1191 2728 gravando
1210 2640 1258 2710 sie

121 2741 242 2806 terras.
280 2734 382 2805 Paulo
408 2745 483 2828 post
509 2731 702 2826 lantgrafius
730 2734 839 2806 inoidit
864 2739 897 2806 in
926 2732 1074 2804 morbum
1103 2734 1256 2825 gallicum

122 2828 245 2902 dotum
261 2831 349 2903 male
366 2831 556 2920 bannosem
581 2831 656 2925 quid
675 2831 730 2904 liet
747 2829 942 2906 videbimus.
979 2831 1099 2902 Sinon
1122 2829 1257 2903 obiisset

121 2948 190 2999 non
208 2931 371 3001 tenuisset
393 2951 508 3022 paoem
532 2952 606 3000 ourn
622 2927 816 3000 Eberhardo
839 2934 956 3001 comite
981 2929 1022 3000 de
1040 2928 1254 3018 lloenigstein

122 3023 286 3096 atlaeobo
297 3024 338 3095 de
350 3023 575 3117 Ltibenstein²‚
590 3026 835 3121 archiepiscopo
843 3026 1037 3118 Mogontino
1050 3033 1111 3094 eto.
1123 3035 1255 3118 propter

121 3121 237 3192 villam
255 3120 422 3194 Gostbeim
440 3135 473 3194 et
490 3125 561 3194 alia.
602 3121 686 3194 Obiit
702 3127 734 3193 in
753 3122 806 3193 die
824 3125 1043 3195 translationis
1061 3124 1165 3193 senati
1181 3119 1256 3190 Be·-

120 3217 242 3290 nedioti
263 3221 333 3309 [iul.
355 3220 417 3310 11]
436 3241 522 3292 enno
541 3219 646 3292 1509.

170 3315 274 3386 Anno
292 3316 386 3389 1505
405 3318 486 3388 laria
505 3328 618 3411 quarta
636 3329 712 3390 ente
737 3319 863 3413 palmas
884 3322 990 3409 [mire
1009 3317 1072 3407 12]
1091 3313 1168 3388 obiit
1185 3338 1255 3387 ve-

119 3411 279 3484 nerabilis
297 3425 330 3484 et
346 3417 507 3506 egregius
525 3414 675 3488 dominus
688 3415 858 3488 Conradus
872 3416 998 3488 Hensel
1015 3415 1203 3507 theologiae
1222 3425 1256 3485 et

120 3529 286 3580 sanonum
303 3510 428 3600 doctor,
446 3515 624 3585 canonieus
636 3524 669 3584 et
681 3512 843 3607 paroebus
858 3523 984 3601 noster,
1003 3511 1063 3586 sub
1076 3533 1254 3606 vesperam

119 3611 207 3678 inter
229 3607 359 3700 pulsum
381 3612 524 3680 omnium
548 3631 792 3703 eampanarum,
818 3633 914 3706 quem
938 3614 980 3682 ita
1005 3609 1076 3704 lieri
1101 3613 1252 3682 iusserat.

119 3702 183 3774 llio
206 3707 320 3798 spiritu
343 3704 534 3800 prophetiae
551 3707 712 3781 claruisse
733 3719 873 3802 putatum
897 3729 974 3779 nam
998 3709 1097 3778 murita
1121 3710 1253 3776 inoom-

119 3799 231 3892 moda‚
249 3821 334 3896 quae
346 3806 467 3874 eivitati
478 3816 511 3876 et
521 3806 611 3876 olera
628 3815 743 3899 postea
755 3815 953 3894 evenerunt,
970 3802 1133 3897 praedixit
1148 3823 1253 3896 prae-

119 3901 234 3970 sertim
246 3897 464 3990 deheretieis,
482 3923 564 3997 quos
575 3905 608 3973 in
619 3907 691 3996 ipso
709 3913 886 3994 suggestm
904 3921 950 3973 ex
960 3921 1024 3994 quo
1041 3904 1252 3972 oonoionetus

120 4005 184 4084 est,
203 4000 301 4068 etiam
312 4001 562 4073 ooneionatums
580 3999 792 4092 signifieavit:
811 3999 1252 4070 Hiebietoerdenaieatebeo

120 4143 504 4268 ςκὴρ515111511551πί5555
524 4149 567 4204 ltir
587 4149 663 4206 1505.
701 4147 732 4218 2)
751 4149 849 4218 riohtlg
861 4145 1043 4216 liabenslein3
1063 4147 1089 4202 S.
1109 4147 1154 4201 hai
1166 4145 1252 4203 Eber-
