3014 4822
441 213 595 275 sunam
613 213 915 274 anrrnnruuours.
1169 207 1244 284 487

157 386 201 464 ln
219 389 381 462 electione
396 387 495 464 huius
512 391 604 480 regis
620 388 742 462 trahes
757 387 918 476 Minores,
942 391 995 481 qui
1013 410 1033 456 a
1051 407 1135 482 popa
1152 388 1244 460 missi
1260 391 1328 452 1217

113 485 245 558 inerant
261 486 302 556 ad
322 486 495 576 larome,
519 486 686 558 redierunt
701 497 907 581 reportantes
928 483 1120 578 epistolam„
1147 507 1244 579 quarn

112 605 176 657 rou
193 585 404 658 duareno
420 607 507 678 papo
522 587 617 658 adsit
644 583 745 658 Ouius
763 584 901 678 epistola
919 594 1068 658 tenorem
1091 591 1125 652 et
1147 583 1244 654 totius

112 703 309 774 prooessrm
324 684 467 769 lunens„
486 705 613 756 summo
630 679 744 754 labore
761 692 795 754 et
811 683 964 775 pericolis
982 675 1140 767 confero,
1158 701 1243 755 uuus

113 777 298 852 demadem
312 779 450 852 fratrum
459 779 635 868 Mineruio,
652 779 850 854 Benedictus
867 783 1000 855 nomine
1010 776 1156 850 Polonus
1173 799 1243 868 ge·

111 897 208 965 aare,
226 880 310 950 siout
326 875 407 950 vidit
422 887 456 952 et
473 877 615 965 audivit‚
640 875 769 953 auidam
787 877 913 971 prelato
930 887 964 947 et
980 871 1143 969 quondam
1161 896 1243 946 soo-

111 973 231 1048 lamro
256 974 446 1048 Coloniensi
471 974 692 1069 hystoriarum
716 997 783 1046 non
806 977 943 1066 ignaro,
972 995 1046 1046 curn
1072 973 1242 1045 transitum

111 1093 173 1164 per
196 1071 369 1146 ecloum
391 1071 534 1161 iaceret,
560 1079 640 1148 viva
664 1094 749 1146 voce
776 1071 915 1144 dducido
939 1071 1150 1167 explanavit„
1180 1093 1244 1164 quo

110 1165 223 1242 libello
239 1169 395 1262 specui„
416 1191 514 1263 quem
530 1171 627 1244 iidem
643 1171 762 1246 iratres
780 1169 823 1240 de
839 1179 912 1242 ortu
930 1180 963 1242 et
978 1172 1041 1241 ritu
1058 1169 1244 1262 ceterisque

111 1269 362 1342 drmmstanb'is
389 1267 598 1342 Teutonorum
634 1268 834 1357 retroierunt,
859 1269 932 1363 ipso
955 1266 1056 1340 haue
1085 1275 1243 1338 oretenus

112 1365 246 1454 singula
262 1363 465 1452 declarante,
483 1378 559 1439 suut
577 1364 728 1440 adiecta.¹

161 1460 258 1534 Circa
286 1459 496 1536 deoombroru
524 1464 739 1541 Marcellinus
761 1463 940 1536 Honoribus
966 1465 1242 1559 episcopussub

111 1562 264 1635 ouerciht
274 1560 381 1652 papali
391 1562 782 1651 aggressusdonrimum²
794 1562 959 1633 civitatem
970 1562 1059 1630 iuxta
1067 1559 1243 1634 Anconam

111 1657 316 1733 amaheae
335 1655 497 1749 quoddam
515 1671 658 1734 matrum
677 1662 832 1749 vicinumq
849 1655 890 1728 ab
907 1658 1055 1728 exercitu
1072 1655 1100 1728 F
1100 1656 1242 1748 ulderici,

113 1757 146 1824 in
165 1776 230 1847 quo
246 1755 358 1848 plures
372 1765 467 1826 erant
478 1756 681 1846 Teibouroi,
699 1756 831 1848 lagatus
847 1766 901 1828 est
917 1764 950 1826 et
965 1757 998 1826 in
1015 1752 1095 1846 iuga
1111 1766 1243 1850 caprum

112 1849 334 1927 obidiountur
350 1849 512 1928 ceddisse
535 1865 673 1949 mutuor
695 1854 782 1926 milia
805 1851 981 1926 hominum.
1062 1849 1162 1948 Apud
1179 1849 1241 1925 ln-

111 1952 295 2026 toromnes³
312 1949 412 2040 Hogo
431 1949 607 2040 Novellns,
625 1955 678 2046 qui
698 1949 838 2024 ducebat
857 1951 1000 2022 militiam
1016 1971 1115 2046 pape‚
1132 1948 1173 2020 ab
1184 1951 1242 2022 ite

112 2047 178 2118 idio
195 2049 333 2120 naturali
351 2049 570 2140 imperatoris,
593 2051 727 2140 fugatus
745 2060 797 2122 est
813 2050 915 2142 captis
934 2058 1088 2141 exparte
1106 2071 1167 2122 sua
1184 2047 1242 2120 ie-

91 2165 149 2216 .ro
174 2143 334 2220 dueenlie.
406 2143 607 2220 &umarus
632 2145 805 2220 oardioahs
829 2169 904 2222 orm
926 2141 1242 2236 Mediolanensibus,

112 2239 612 2318 hlautualibusetBrixiensibus
625 2240 1005 2321 veniensadsubsidium
1015 2242 1241 2316 Parmensium

112 2337 262 2414 subsistit
275 2344 308 2413 in
324 2344 393 2431 ripa
403 2339 580 2415 ,cuiusdam
591 2343 747 2430 fluminis„
764 2337 817 2413 ubi
834 2337 1021 2433 prohibetur
1037 2342 1176 2411 unnsire
1199 2335 1240 2410 ab

110 2436 258 2512 llecrioo
273 2459 358 2530 rege
370 2435 533 2527 Sardinia„
551 2439 617 2512 hlio
629 2439 768 2512 naturali
782 2438 1003 2532 imperatoris3
1020 2445 1094 2530 post
1105 2436 1241 2528 longam

111 2535 299 2608 moramod
316 2538 445 2630 propria
465 2536 569 2611 rediit

160 2633 240 2706 Rex
255 2653 365 2706 novos
383 2645 525 2708 mcum
539 2632 683 2706 Werde⁵
700 2637 734 2706 in
751 2633 804 2706 dio
821 2632 941 2706 huoiae
961 2632 1049 2723 [dec.
1063 2629 1125 2722 13]
1145 2629 1241 2706 obsi-

111 2729 197 2805 dere
218 2732 348 2823 incepit.
397 2729 487 2805 Ante
511 2729 575 2804 hoo
602 2742 730 2828 tempus
754 2742 897 2806 castrum
914 2727 1157 2822 Noviomagom
1181 2751 1242 2826 per

111 2829 265 2900 comitem
283 2826 491 2900 Goloiensern
507 2828 594 2900 idem
611 2851 675 2902 rex
691 2831 786 2921 oepit.

160 2924 264 3000 Aduo
291 2926 498 2998 rn.oo.xl.viii.
535 2927 698 3003 Henricus
731 2925 799 2998 dux
831 2924 1006 3000 Brabantie
1020 2929 1175 3010 ,moritur
1208 2929 1242 2997 in
1256 2923 1326 2980 iata

109 3025 268 3095 ianuario.
294 3019 333 3092 ln
349 3021 468 3096 eodem
488 3045 604 3098 meuse
623 3047 731 3098 novus
749 3045 811 3096 rex
823 3027 1020 3116 oumleguto
1031 3021 1241 3096 descendens

110 3123 144 3192 in
171 3119 346 3194 inferiores
374 3131 485 3214 partes
510 3120 619 3194 Rheni
646 3131 811 3194 venerunt
837 3125 869 3194 in
893 3122 1096 3210 Traiectum
1127 3120 1241 3212 legato

111 3215 309 3290 exhortante
339 3229 372 3289 ct
396 3216 572 3292 inducente
600 3219 771 3308 homines,
800 3239 861 3314 per
876 3239 959 3313 quos
982 3221 1169 3306 transierat
1198 3215 1241 3291 ad

111 3317 220 3389 mods
238 3318 495 3408 assumptionem
510 3327 621 3388 ronha
633 3320 799 3396 ciuitatem
811 3317 1015 3410 Aqueusem.
1041 3314 1241 3388 lnTraiecto

111 3422 316 3485 autemeam
336 3415 420 3486 iuter
436 3411 644 3488 honorabiles
661 3417 807 3507 ipsorum
830 3424 865 3484 et
887 3417 980 3486 cives
1006 3412 1145 3508 quedam
1163 3435 1241 3484 mo-

112 3507 185 3580 dion
206 3509 323 3582 bussei
339 3509 472 3585 suborta
489 3509 605 3584 seditio
622 3522 657 3587 et
668 3509 709 3582 ob
723 3510 786 3583 hoc
799 3514 922 3603 passim
933 3512 1135 3584 tumultuatio
1148 3508 1243 3582 heret

112 3631 132 3678 a
150 3605 414 3700 populumne
432 3609 563 3698 legatus
581 3631 647 3680 non
665 3612 738 3682 sine
754 3607 876 3680 rubore
887 3619 921 3680 et
936 3608 1159 3702 indignatione
1177 3631 1241 3680 oe-

109 3703 226 3779 lerller
243 3715 467 3780 recesserunt
496 3706 643 3778 Veniens
662 3716 769 3776 auteur
790 3707 920 3798 legatus
940 3705 1108 3779 Coloniam
1125 3703 1241 3798 predi-

112 3804 203 3874 cavit
224 3800 345 3878 ibidem
369 3825 502 3876 erucem
526 3814 637 3876 oontra
662 3806 856 3898 Aquenses,
884 3800 989 3876 verbo
1011 3803 1241 3896 predicationis

110 3899 215 3970 loieos
233 3899 443 3990 attrahendo,
466 3901 611 3996 prelatos
637 3911 747 3973 autern
771 3911 803 3972 et
829 3902 940 3994 plures
964 3901 1102 3974 clericos
1126 3901 1241 3993 partim

166 4011 197 4080 l)
216 4012 265 4074 der
282 4013 458 4072 reiseherioht
474 4014 521 4071 des
540 4014 700 4070 benedictus
718 4013 836 4070 Polcnus
859 4015 886 4070 iu
905 4015 1051 4081 d'hreaao,
1068 4013 1175 4068 Reoueil
1193 4013 1242 4068 des

112 4083 243 4154 voyages
268 4086 294 4140 4.
314 4084 342 4139 B.
378 4085 409 4152 2)
428 4085 562 4141 horinurn
590 4087 630 4140 bs.
668 4085 698 4154 3)
717 4085 790 4140 wohl
817 4084 893 4141 Tarni
919 4085 1021 4140 siidlioh
1047 4101 1100 4140 von
1120 4083 1242 4156 Spolelo.

111 4153 142 4220 4)
162 4171 195 4208 so
216 4155 259 4210 die
278 4155 335 4212 hs:
354 4156 484 4211 vielleicbt
501 4155 536 4210 ist
554 4155 686 4211 Friedrirh
705 4171 757 4210 vcn
777 4156 953 4226 Antiocbien⁷
973 4155 1019 4210 des
1033 4155 1136 4210 haisers
1156 4153 1243 4224 ankei,

113 4225 241 4298 gemeiut,
259 4227 308 4284 der
325 4227 534 4286 iollittelitaliec
548 4227 672 4302 operirto
692 4227 1067 4296 htltaiaerswerlhunterhalb
1074 4225 1241 4286 Disseldori.
