3012 4820
316 191 492 259 bilnommss
511 191 701 260 tuouunum
721 189 828 258 GESTA
848 199 1088 261 IMPERATORUM.
1193 208 1265 282 615

136 378 283 452 dedecus
311 381 524 470 ingesserant
550 389 661 450 contra
690 401 751 452 sue
779 378 951 453 nobilitatis
980 379 1149 452 bonorem.
1194 379 1267 456 lieo

136 477 326 574 Constantia
344 477 402 548 luit
419 486 523 576 mater
540 477 706 548 Frederici
724 477 871 569 secundi,
891 481 943 573 qui
966 482 1087 550 nostris
1105 483 1265 572 tempori-

133 575 197 648 bus
216 576 399 647 Romanum
418 577 587 669 imperium
605 596 670 647 non
688 575 793 647 dicam
810 579 915 666 τοκῆι,
933 575 993 648 sed
1010 581 1117 670 potius
1135 576 1207 647 lere
1224 577 1265 650 ad

134 673 392 746 destructionem
408 672 572 768 perduxit,
591 677 673 746 sicut
692 677 845 766 ingestis
864 679 936 747 eius
947 674 1075 768 plenius
1087 673 1263 769 apparebit.

133 771 266 843 Mortuo
284 781 393 844 autem
409 769 580 844 Tanmedo
598 793 738 862 regnum
756 777 913 844 remansit
930 771 995 844 filio
1013 795 1074 845 suo
1092 772 1265 845 Gallielmo

133 873 248 944 iuveni
266 879 352 940 etate
370 893 409 941 ac
426 891 539 941 sensu.
558 870 720 942 Henricus
739 893 822 942 vero
838 875 1014 962 ingressus
1032 893 1172 962 regnum
1190 893 1264 944 oum

135 971 297 1057 exercitu,
315 989 431 1062 paoem
448 989 515 1040 non
536 991 650 1040 veram
669 991 742 1040 cum
760 989 843 1060 rege
868 973 993 1042 iuvene
1016 967 1139 1042 babere
1166 971 1264 1064 cepit,

132 1071 307 1162 ipsumque
326 1064 552 1138 fraudulenter
574 1069 708 1161 capiens
727 1067 809 1140 olam
835 1077 869 1137 et
892 1069 1005 1160 paucis
1030 1065 1207 1141 scientibus
1231 1070 1265 1140 in

132 1165 291 1236 Sueviam
312 1185 387 1235 cum
405 1153 572 1236 sororibus
589 1167 620 1234 ln
640 1163 774 1238 exilium
783 1167 880 1254 misit,
892 1168 1063 1261 ipsumque
1074 1165 1177 1238 oculis
1191 1168 1263 1259 pri-

133 1271 247 1336 vatum
264 1260 307 1332 ibi
328 1282 433 1355 usque
460 1260 502 1332 ad
526 1272 663 1334 mortem
688 1261 841 1334 custodiri
864 1267 1019 1357 precepit.
1071 1263 1155 1336 Huic
1178 1261 1265 1334 Gul-

131 1361 256 1449 bielno,
274 1359 340 1431 filio
357 1359 531 1450 Timorem,
549 1371 615 1433 tres
634 1361 765 1432 luerunt
788 1382 938 1434 sorores:
966 1361 1090 1433 scilieet
1114 1359 1264 1450 Alberia,

132 1459 323 1530 Constantia
343 1467 376 1527 et
392 1455 555 1528 Madnnia.
589 1453 719 1530 Mortuo
736 1458 879 1529 Henrico
897 1463 1094 1553 imperatore
1111 1469 1144 1529 et
1155 1457 1264 1531 Galli·

131 1559 220 1630 elmo
237 1558 354 1626 iuniori
372 1565 513 1628 castrato
540 1566 574 1626 et
600 1557 772 1628 exoculalo
796 1555 962 1645 defuncto,
990 1556 1168 1651 Phylippus
1196 1555 1264 1628 dux

132 1655 261 1726 Suavie
279 1663 347 1725 tres
365 1655 445 1727 istas
463 1652 546 1726 lilios
564 1653 723 1726 Tuneredi
749 1652 790 1724 ad
813 1677 932 1748 preces
959 1657 1071 1726 umoris
1097 1677 1176 1742 sue,
1199 1675 1263 1748 que

129 1753 190 1824 init
207 1751 272 1823 lilia
288 1754 493 1844 imperatoris
526 1747 708 1840 Manuelis,
732 1755 935 1845 imperatoris
961 1751 1263 1849 Constantinopoli·

130 1853 217 1938 ani,
241 1859 275 1946 et
300 1848 411 1920 relicta
441 1849 579 1940 Rogerii
606 1850 660 1920 lilii
687 1850 867 1940 Tancredb
894 1850 935 1921 de
961 1871 1097 1922 carcere
1114 1861 1148 1921 et
1164 1850 1264 1923 exilio

128 1946 290 2034 liberam,
304 1944 394 2018 abire
411 1950 566 2041 permisit.
601 1943 643 2019 Et
659 1947 795 2020 Alberia
814 1948 943 2044 quidem
968 1949 1024 2020 vel
1042 1949 1176 2020 Alcena
1195 1958 1262 2019 tres

130 2049 224 2117 viros
242 2043 360 2116 babuit.
395 2045 522 2116 Primus
539 2045 598 2116 luit
614 2068 727 2118 comes
739 2045 925 2118 Gualterius
944 2045 986 2116 de
999 2046 1144 2136 Brenno,
1162 2045 1263 2116 frater

128 2145 223 2234 regis
240 2141 407 2232 lobannis,
425 2143 467 2213 de
485 2165 548 2236 quo
566 2155 661 2214 nctus
680 2155 731 2214 est
744 2141 963 2215 Gualterunus
976 2138 1088 2215 comes
1099 2142 1261 2236 lupensis,

129 2245 183 2314 cui
201 2263 264 2314 rex
281 2239 382 2334 Cypri
411 2239 507 2312 filiam
537 2263 630 2312 suam
654 2244 685 2311 in
712 2264 849 2313 uxorem
877 2240 973 2311 dedit.
1009 2233 1138 2312 Mortuo
1163 2243 1263 2310 immo

128 2338 303 2411 interfecto
327 2342 444 2410 comite
471 2337 638 2410 Gualterlo
664 2363 682 2408 a
708 2343 825 2410 comite
855 2337 1024 2433 Thybaldo
1049 2336 1262 2425 Tbeotonleo,

128 2433 267 2510 Athena
286 2439 394 2530 nupsit
410 2433 529 2508 Iacobo
547 2439 653 2509 comiti
671 2436 712 2506 de
729 2439 884 2527 l'rlcario,
903 2461 948 2512 ex
961 2433 1144 2531 quobabuit
1155 2437 1262 2514 comi-

127 2547 196 2607 tem
208 2533 389 2629 Symonem
401 2544 434 2605 et
445 2533 606 2607 dominam
618 2533 813 2606 Addalitam.
840 2535 1121 2627 Eumortuopapa
1141 2532 1262 2602 Hono-

128 2636 201 2704 rius
226 2635 388 2704 maritavit
415 2630 584 2704 Alberiam
614 2636 718 2704 comiti
752 2633 898 2724 Tigrimo
947 2633 1065 2703 alatino
1095 2633 1201 2702 comiti
1228 2632 1262 2700 in

127 2729 284 2819 Tbusoia,
303 2740 336 2801 et
350 2753 409 2825 pro
427 2729 502 2800 dote
520 2729 646 2802 tradidit
664 2733 693 2800 ei
712 2735 895 2802 comitatum
914 2657 994 2801 bue
1019 2737 1052 2800 et
1070 2731 1186 2799 montis
1203 2725 1262 2798 ls-

128 2829 244 2900 caliosi
262 2830 295 2898 in
311 2850 418 2920 regno
436 2828 567 2921 Apulia.
590 2826 778 2901 Constantia
797 2850 879 2900 vero
896 2829 955 2900 luit
973 2849 1057 2899 umor
1073 2824 1261 2898 Marcisiani

128 2925 224 2996 ducis
242 2925 455 3022 Venetorum.
483 2926 599 2998 Tereia
612 2949 718 3018 soror,
730 2925 958 3024 quelledanla
977 2924 1059 2997 dicta
1078 2927 1261 3012 estvirum

127 3045 197 3096 non
214 3022 333 3095 babuit.
367 3024 440 3095 Hac
457 3022 499 3093 dc
517 3025 764 3098 successoribus
778 3023 913 3097 Roberti
924 3021 1094 3094 Guiscardi
1105 3025 1138 3092 in
1155 3042 1262 3112 regno

127 3121 241 3192 Sicilie
267 3125 340 3194 sive
364 3121 485 3214 Apulia
510 3143 614 3217 usque
640 3122 681 3193 ad
699 3123 920 3194 Constantiam
946 3129 1083 3190 matrem
1106 3115 1262 3188 Friderioi

127 3222 348 3312 imperatoris
366 3218 421 3292 filii
438 3219 692 3310 regis'Henrici
711 3219 806 3290 dubia
824 3219 899 3290 mibi
917 3238 983 3291 non
995 3225 1082 3306 sunt
1093 3214 1261 3286 referente

128 3339 170 3388 ea
190 3315 265 3388 mibi
283 3316 423 3411 quodam
440 3319 566 3411 prelato
587 3319 728 3390 ecclesie
746 3317 847 3414 dig'no
868 3315 1032 3416 bdeip'qui
1051 3310 1180 3406 quidem
1198 3316 1260 3385 ista

127 3437 196 3487 non
223 3412 321 3504 uidit„
346 3413 405 3489 sed
427 3439 445 3485 a
471 3422 563 3509 patre
590 3439 670 3502 suo„
688 3419 740 3509 qui
762 3413 820 3486 luit
837 3414 879 3485 de
897 3433 1023 3507 genere
1042 3422 1075 3482 et
1091 3411 1260 3505 parentela

126 3515 222 3604 regis
238 3511 414 3681 Tapcredi
432 3512 577 3591 veridico
596 3524 629 3584 et
645 3514 746 3608 legali
763 3513 907 3602 nomine„
924 3510 987 3586 hec
999 3507 1045 3582 'ita
1074 3531 1153 3582 esse
1171 3507 1259 3580 didi·

127 3614 372 3683 mmmffit

178 3707 258 3781 Post
275 3707 389 3780 becde
403 3712 567 3783 comitissa
579 3705 712 3780 blatilda
724 3697 983 3802 dicendumque
992 3706 1050 3778 luit
1063 3715 1259 3800 contempo-

127 3823 231 3878 ranea
249 3804 383 3878 Roberti
403 3805 584 3879 Guiscardi.

178 3902 286 3975 Mater
304 3903 398 3977 buius
417 3908 582 3980 comitisse
603 3905 666 3978 filla
682 3904 787 3980 fuisse
810 3906 925 3978 dicitnr
942 3902 1128 3990 cuiusdamq
1148 3904 1200 3996 qui
1226 3904 1258 3972 in

129 4002 411 4096 Constantinopoli
429 4008 592 4096 regnavit.
626 4003 663 4076 ln
682 4009 772 4075 cuius
791 4005 878 4074 curia
904 3997 962 4072 luit
987 3997 1115 4094 quidam
1134 3999 1259 4092 Ytalus„

128 4097 247 4172 nobilis
273 4099 417 4180 moribus
442 4105 548 4193 magis
572 4123 668 4196 quiam
722 4125 843 4192 enere7
877 4099 1042 4184 liberalis„
1070 4097 1258 4184 industrium

128 4203 163 4270 in
180 4201 280 4272 armis
300 4208 453 4272 strenuus
472 4211 505 4271 ct
522 4199 671 4272 omnibns
766 4209 819 4275 tus
846 4198 963 4292 ocrim
981 4195 1097 4295 quibus
1122 4195 1259 4270 militare
