2960 4832
256 195 305 266 96
564 193 739 252 immutans
759 193 803 250 DE
818 193 1084 252 amssnmtovnu.

261 397 408 488 Qualiter
430 401 592 471 lebannes
615 406 785 491 episcopus
807 403 1060 471 constantiensis
1082 403 1293 471 interemerit
1312 405 1402 472 clm·

343 507 453 568 ·latern
481 500 753 569 Carulandnuern
778 507 915 588 propter
937 499 1152 568 Dielielraam
1174 502 1216 570 de
1240 499 1402 589 Slainepp

352 599 553 686 precantem
576 601 709 667 ecclesie
729 599 988 682 cnnrnnrremts,
1012 600 1091 684 quia
1113 599 1220 666 noluit
1233 616 1403 667 annom

355 703 455 765 oesles
471 697 641 765 clericales
657 703 689 764 cl
703 703 877 764 tonsuram.

173 825 240 882 ¹³⁵5
306 826 389 900 Imm
405 848 491 898 anno
516 826 561 899 lv.
580 826 644 897 kal.
663 823 818 896 februarii
840 823 1005 901 iohannes
1030 827 1205 920 episcopus
1224 825 1401 898 Constan-

258 927 371 997 tiensis
383 924 546 996 interdixit
564 927 727 995 civitatem
736 921 1399 1016 ConstantiensempropterDietbelmum

258 1021 488 1114 chtainegga
504 1023 705 1115 prepositum
723 1018 1010 1092 constantiensem
1028 1019 1180 1113 (pramdiu
1195 1043 1343 1116 presens
1356 1020 1399 1091 ibi

256 1129 360 1208 esset.
379 1121 451 1212 quia
463 1121 632 1190 recusavit
645 1113 703 1189 sibi
721 1127 950 1210 recomputare
960 1139 1001 1186 en
1013 1137 1076 1209 que
1086 1122 1232 1212 percepit
1245 1129 1399 1213 tempore

256 1219 436 1289 vacationis
447 1214 684 1309 pmximedum
696 1225 766 1285 erat
784 1217 939 1302 vicarius,
958 1223 992 1284 et
1008 1215 1081 1308 quia
1099 1216 1201 1286 noluit
1219 1237 1398 1288 assumere

255 1323 370 1386 vestes
382 1311 551 1384 clericales
566 1324 599 1382 et
615 1335 764 1384 rasuram
776 1335 816 1382 ac
832 1321 1001 1384 tonsuram
1010 1310 1099 1381 ierre
1113 1311 1316 1400 clericalem
1333 1335 1400 1383 nec

254 1412 403 1502 recipere
427 1408 685 1502 presbiteratum.
710 1409 818 1502 Super
834 1411 1004 1502 premissis
1022 1406 1171 1480 omnibus
1195 1413 1397 1480 ammonitus

254 1507 432 1601 appellarit
449 1506 490 1577 ad
509 1506 624 1578 sedem
641 1507 852 1599 apostolicam
869 1509 954 1576 inter
971 1505 1033 1575 alin
1051 1504 1181 1576 dicens:
1205 1511 1397 1596 episeoparn

254 1607 566 1675 communicatam
582 1615 615 1675 ct
628 1624 721 1674 saum
738 1607 911 1673 inimicitas.
932 1600 975 1672 Et
991 1605 1040 1673 sio
1055 1607 1236 1694 permansit
1250 1607 1287 1674 in
1304 1607 1398 1674 eivi-

254 1711 319 1772 tate
336 1723 442 1794 usque
459 1700 500 1771 ad
516 1705 582 1772 xiii.
596 1701 659 1771 kal.
672 1700 792 1795 aprilis.
813 1698 856 1770 Et
871 1709 1004 1793 propter
1021 1702 1091 1770 eius
1108 1704 1320 1792 presenciam
1339 1704 1397 1771 in-

254 1802 405 1870 termissa
422 1797 480 1868 icit
503 1796 679 1870 celebratio
697 1819 865 1869 sacrorum
883 1795 1126 1890 ordinumque
1144 1795 1216 1867 fieri
1233 1793 1349 1868 debuit
1365 1801 1396 1868 ii.

253 1894 317 1965 kal.
330 1898 433 1966 marti
445 1917 519 1966 cnm
530 1905 622 1969 esset
633 1892 802 1968 sabbatum
814 1903 951 1987 quanm
966 1903 1150 1987 tempomm
1160 1905 1236 1989 post
1246 1893 1396 1965 domini-

253 2014 325 2064 cam
341 1990 523 2065 lnvocavit
550 1993 705 2064 Similiter
726 1993 912 2064 intermissa
935 1989 995 2060 brit
1021 1988 1196 2062 celebratio
1220 2013 1397 2064 sacrorum

253 2088 402 2160 ordinum
424 2093 458 2160 in
482 2087 616 2163 sabbato
633 2091 810 2183 passionis,
832 2087 892 2160 sed
910 2084 1064 2158 celebrati
1080 2087 1212 2160 bierunt
1228 2091 1262 2160 in
1279 2087 1396 2160 Petri-

254 2184 350 2256 domo
369 2189 426 2258 xii.
444 2185 508 2257 kal.
527 2188 647 2281 aprilis.
665 2185 708 2257 Et
723 2196 800 2257 tunc
816 2194 984 2277 resumpta
995 2182 1126 2256 fuerunt
1142 2185 1254 2258 divina
1272 2184 1396 2256 eadem

251 2281 391 2354 diebora
401 2285 613 2378 completorii.
625 2307 699 2355 cum
710 2285 894 2378 prepositus
905 2283 1105 2353 recessisset
1114 2287 1180 2354 xiii.
1192 2282 1257 2354 kal.
1267 2283 1392 2377 aprilis.

252 2379 294 2451 Et
309 2383 365 2452 xii.
377 2380 441 2452 kal.
453 2379 548 2452 Felix
564 2383 748 2475 prepositus
768 2381 870 2450 sancti
887 2375 1040 2450 Iohannis
1053 2375 1317 2453 constantiensis
1334 2383 1394 2450 in-

253 2481 395 2570 ceptavit
404 2483 641 2571 preposituram
653 2476 787 2571 predicti
797 2477 965 2570 prepositi,
982 2484 1216 2574 tamquamper
1226 2479 1394 2548 constitu-

251 2576 372 2645 tionem
380 2585 556 2646 vacantem
562 2571 779 2663 Execrabilis,
791 2582 1042 2666 quamtempore
1050 2571 1229 2646 Clementis
1244 2596 1332 2668 pape
1347 2577 1393 2646 vi.

252 2667 313 2837 bibi
330 2671 471 2742 conferri
487 2675 683 2766 impetravit.
707 2669 775 2740 Sed
795 2668 964 2764 publicans
989 2668 1113 2745 litteras
1131 2675 1262 2744 occisus
1280 2669 1342 2742 luit
1359 2693 1392 2742 x.
1475 2675 1476 2746 1

275 2767 316 2838 nl.
336 2769 457 2861 aprilis.

256 2935 402 3024 Qualiter
412 2937 554 3007 Karalus
564 2957 624 3007 rec
631 2937 848 3008 Ronmnorarn
861 2939 986 3009 obsedit
1000 2943 1161 3010 civilatem
1172 2939 1394 3024 Florenciarn

352 3043 384 3104 cl
399 3038 558 3105 dederant
570 3037 634 3105 sibl
651 3045 773 3106 certam
789 3055 945 3105 summam
958 3041 1106 3126 pecuale.

301 3167 401 3240 Anno
425 3167 570 3261 predicto
593 3169 640 3241 lv.
664 3190 781 3240 mense
805 3172 909 3239 martii
927 3168 1068 3242 Karalus
1085 3192 1149 3244 rex
1164 3169 1394 3242 Romanorum

253 3277 324 3336 erat
346 3269 378 3335 in
395 3263 515 3338 Tuscia
537 3277 571 3338 et
593 3263 721 3338 obsedit
744 3268 909 3337 eimtatem
926 3265 1144 3356 Florenciam
1168 3277 1202 3338 et
1219 3271 1395 3360 composi-

253 3367 374 3433 tionem
391 3383 466 3432 cum
482 3365 562 3454 ipsis
579 3366 704 3456 recepit
722 3361 763 3432 de
781 3373 871 3433 certa
889 3385 1016 3434 summa
1040 3367 1180 3458 peeurde
1204 3361 1265 3436 sibi
1284 3363 1395 3436 danda

254 3459 406 3549 singulis¹
427 3461 495 3531 vito
513 3481 584 3532 sue.

257 3627 404 3716 Qualiter
420 3629 473 3697 sol
489 3626 591 3711 faerit
601 3632 737 3718 polidus
755 3637 787 3698 el
800 3633 902 3718 niper,
915 3637 1032 3717 postca
1049 3630 1174 3700 rainer.

302 3757 345 3828 Et
361 3756 479 3828 eodem
490 3781 606 3831 mense
617 3783 675 3832 xv.
688 3759 753 3831 kal.
765 3760 875 3853 aprilis
887 3761 938 3831 sol
949 3761 1125 3855 eclipsatus
1144 3773 1196 3834 est
1211 3773 1300 3836 tona
1312 3764 1394 3839 bora

253 3859 369 3951 prima,
397 3866 431 3926 et
447 3859 551 3949 primo
575 3857 701 3950 palidus
726 3856 843 3928 deinde
867 3860 965 3948 niger
986 3869 1101 3952 postea
1119 3857 1241 3933 rubeus
1258 3862 1395 3934 tandem
1475 3877 1476 3912 ³

254 3953 460 4026 reformatus.
478 3951 547 4024 Sed
565 3959 723 4046 magister
738 3953 903 4026 Iohannes
919 3953 1133 4047 daFriburgo
1150 3956 1244 4031 dixit:
1262 3960 1352 4054 quod
1363 3965 1393 4031 ii.

255 4070 331 4120 non.
350 4053 461 4121 marcii
484 4049 569 4123 iacta
586 4051 719 4144 fuisset.
744 4063 776 4122 et
794 4051 974 4124 secundam
997 4056 1147 4146 negavit.
1175 4059 1228 4150 qui
1251 4057 1394 4151 aliquam
1475 4113 1476 4116 ,

293 4175 322 4246 1)
337 4178 431 4235 diebus
446 4181 549 4237 scbeint
564 4199 596 4238 nu
612 4181 699 4238 leblen
715 4181 818 4252 (lidfler
831 4187 942 4253 erginzt
955 4182 1053 4252 abab).
