<?xml version="1.0" encoding="UTF-8"?>
<!DOCTYPE html PUBLIC "-//W3C//DTD XHTML 1.0 Transitional//EN"
    "http://www.w3.org/TR/xhtml1/DTD/xhtml1-transitional.dtd">
<html xmlns="http://www.w3.org/1999/xhtml" xml:lang="en" lang="en">
 <head>
  <title>
</title>
<meta http-equiv="Content-Type" content="text/html;charset=utf-8" />
  <meta name='ocr-system' content='tesseract 3.04.00' />
  <meta name='ocr-capabilities' content='ocr_page ocr_carea ocr_par ocr_line ocrx_word'/>
</head>
<body>
  <div class='ocr_page' id='page_1' title='image "./fontesrerumgerm01hubegoog_0178.png"; bbox 0 0 2960 4832; ppageno 0'>
   <div class='ocr_carea' id='block_1_1' title="bbox 68 259 1458 1502">
    <p class='ocr_par' dir='ltr' id='par_1_1' title="bbox 68 259 1458 1502">
     <span class='ocr_line' id='line_1_1' title="bbox 360 259 1458 376; baseline -0.001 -56"><span class='ocrx_word' id='word_1_1' title='bbox 360 261 538 322; x_wconf 81' lang='lat' dir='ltr'><strong>nemarcos</strong></span> <span class='ocrx_word' id='word_1_2' title='bbox 553 261 597 320; x_wconf 85' lang='lat' dir='ltr'><strong>oo</strong></span> <span class='ocrx_word' id='word_1_3' title='bbox 611 259 873 320; x_wconf 80' lang='lat' dir='ltr'><strong>oisssmnovuu.</strong></span> <span class='ocrx_word' id='word_1_4' title='bbox 1124 261 1192 338; x_wconf 80' lang='lat'><strong>101</strong></span> <span class='ocrx_word' id='word_1_5' title='bbox 1278 267 1280 272; x_wconf 94' lang='lat'>·</span> <span class='ocrx_word' id='word_1_6' title='bbox 1456 289 1458 376; x_wconf 25' lang='lat' dir='ltr'><strong>p</strong></span> 
     </span>
     <span class='ocr_line' id='line_1_2' title="bbox 1457 379 1458 414; baseline 0 0"><span class='ocrx_word' id='word_1_7' title='bbox 1457 379 1458 414; x_wconf 87' lang='lat' dir='ltr'><strong>i</strong></span> 
     </span>
     <span class='ocr_line' id='line_1_3' title="bbox 71 431 1458 524; baseline -0.002 -17"><span class='ocrx_word' id='word_1_8' title='bbox 71 435 197 507; x_wconf 70' lang='lat' dir='ltr'><strong>nostrie</strong></span> <span class='ocrx_word' id='word_1_9' title='bbox 213 433 277 505; x_wconf 83' lang='lat' dir='ltr'><strong>init</strong></span> <span class='ocrx_word' id='word_1_10' title='bbox 294 433 437 524; x_wconf 62' lang='lat' dir='ltr'><strong>eiectum</strong></span> <span class='ocrx_word' id='word_1_11' title='bbox 460 438 602 507; x_wconf 88' lang='lat' dir='ltr'><strong>recessit</strong></span> <span class='ocrx_word' id='word_1_12' title='bbox 618 434 660 504; x_wconf 87' lang='lat' dir='ltr'><strong>de</strong></span> <span class='ocrx_word' id='word_1_13' title='bbox 683 445 791 506; x_wconf 91' lang='lat' dir='ltr'><strong>castro</strong></span> <span class='ocrx_word' id='word_1_14' title='bbox 808 431 998 524; x_wconf 68' lang='lat' dir='ltr'><strong>Gottieben,</strong></span> <span class='ocrx_word' id='word_1_15' title='bbox 1021 435 1140 506; x_wconf 88' lang='lat' dir='ltr'><strong>timens</strong></span> <span class='ocrx_word' id='word_1_16' title='bbox 1159 456 1198 506; x_wconf 90' lang='lat' dir='ltr'><strong>se</strong></span> <span class='ocrx_word' id='word_1_17' title='bbox 1218 436 1286 492; x_wconf 81' lang='lat'>¹35⁵</span> <span class='ocrx_word' id='word_1_18' title='bbox 1457 441 1458 452; x_wconf 59' lang='lat'>¹</span> 
     </span>
     <span class='ocr_line' id='line_1_4' title="bbox 70 531 1198 627; baseline 0 -23"><span class='ocrx_word' id='word_1_19' title='bbox 70 535 218 626; x_wconf 82' lang='lat' dir='ltr'><strong>captivari</strong></span> <span class='ocrx_word' id='word_1_20' title='bbox 237 554 301 627; x_wconf 89' lang='lat' dir='ltr'><strong>per</strong></span> <span class='ocrx_word' id='word_1_21' title='bbox 318 533 512 604; x_wconf 90' lang='lat' dir='ltr'><strong>advocatum</strong></span> <span class='ocrx_word' id='word_1_22' title='bbox 530 532 621 603; x_wconf 89' lang='lat' dir='ltr'><strong>ducis</strong></span> <span class='ocrx_word' id='word_1_23' title='bbox 639 531 786 625; x_wconf 61' lang='lat' dir='ltr'><strong>predicti„</strong></span> <span class='ocrx_word' id='word_1_24' title='bbox 804 553 849 602; x_wconf 84' lang='lat' dir='ltr'><strong>ex</strong></span> <span class='ocrx_word' id='word_1_25' title='bbox 860 554 901 603; x_wconf 94' lang='lat' dir='ltr'><strong>eo</strong></span> <span class='ocrx_word' id='word_1_26' title='bbox 912 531 997 626; x_wconf 89' lang='lat' dir='ltr'><strong>quod</strong></span> <span class='ocrx_word' id='word_1_27' title='bbox 1015 535 1086 625; x_wconf 88' lang='lat' dir='ltr'><strong>ipse</strong></span> <span class='ocrx_word' id='word_1_28' title='bbox 1104 535 1198 624; x_wconf 85' lang='lat' dir='ltr'><strong>epis-</strong></span> 
     </span>
     <span class='ocr_line' id='line_1_5' title="bbox 69 628 1199 724; baseline -0.002 -22"><span class='ocrx_word' id='word_1_29' title='bbox 69 652 162 724; x_wconf 87' lang='lat' dir='ltr'><strong>copus</strong></span> <span class='ocrx_word' id='word_1_30' title='bbox 180 654 199 700; x_wconf 91' lang='lat' dir='ltr'><strong>a</strong></span> <span class='ocrx_word' id='word_1_31' title='bbox 217 629 367 723; x_wconf 89' lang='lat' dir='ltr'><strong>predicto</strong></span> <span class='ocrx_word' id='word_1_32' title='bbox 385 629 468 702; x_wconf 91' lang='lat' dir='ltr'><strong>duce</strong></span> <span class='ocrx_word' id='word_1_33' title='bbox 485 641 674 702; x_wconf 89' lang='lat' dir='ltr'><strong>recesserat</strong></span> <span class='ocrx_word' id='word_1_34' title='bbox 696 628 820 723; x_wconf 83' lang='lat' dir='ltr'>absque</span> <span class='ocrx_word' id='word_1_35' title='bbox 841 632 913 702; x_wconf 89' lang='lat' dir='ltr'><strong>eius</strong></span> <span class='ocrx_word' id='word_1_36' title='bbox 930 630 1107 722; x_wconf 78' lang='lat' dir='ltr'><strong>voluntate¹</strong></span> <span class='ocrx_word' id='word_1_37' title='bbox 1123 628 1199 700; x_wconf 89' lang='lat' dir='ltr'><strong>dum</strong></span> 
     </span>
     <span class='ocr_line' id='line_1_6' title="bbox 68 724 1202 822; baseline -0.003 -23"><span class='ocrx_word' id='word_1_38' title='bbox 68 731 133 822; x_wconf 93' lang='lat' dir='ltr'><strong>ipse</strong></span> <span class='ocrx_word' id='word_1_39' title='bbox 150 725 306 799; x_wconf 88' lang='lat' dir='ltr'><strong>daminus</strong></span> <span class='ocrx_word' id='word_1_40' title='bbox 323 726 391 798; x_wconf 88' lang='lat' dir='ltr'><strong>dux</strong></span> <span class='ocrx_word' id='word_1_41' title='bbox 407 727 525 799; x_wconf 81' lang='lat' dir='ltr'><strong>fuisset</strong></span> <span class='ocrx_word' id='word_1_42' title='bbox 546 729 578 798; x_wconf 94' lang='lat' dir='ltr'><strong>in</strong></span> <span class='ocrx_word' id='word_1_43' title='bbox 596 725 766 812; x_wconf 84' lang='lat' dir='ltr'><strong>obsidione</strong></span> <span class='ocrx_word' id='word_1_44' title='bbox 782 726 1040 798; x_wconf 86' lang='lat' dir='ltr'><strong>Thuricensium.</strong></span> <span class='ocrx_word' id='word_1_45' title='bbox 1065 724 1202 798; x_wconf 74' lang='lat' dir='ltr'><strong>Intravit</strong></span> 
     </span>
     <span class='ocr_line' id='line_1_7' title="bbox 69 823 1200 919; baseline -0.002 -23"><span class='ocrx_word' id='word_1_46' title='bbox 69 835 170 896; x_wconf 87' lang='lat' dir='ltr'><strong>autem</strong></span> <span class='ocrx_word' id='word_1_47' title='bbox 188 823 416 896; x_wconf 86' lang='lat' dir='ltr'><strong>Constantiam</strong></span> <span class='ocrx_word' id='word_1_48' title='bbox 440 823 493 896; x_wconf 88' lang='lat' dir='ltr'><strong>die</strong></span> <span class='ocrx_word' id='word_1_49' title='bbox 516 824 659 919; x_wconf 87' lang='lat' dir='ltr'><strong>predicta</strong></span> <span class='ocrx_word' id='word_1_50' title='bbox 684 847 756 896; x_wconf 90' lang='lat' dir='ltr'><strong>cum</strong></span> <span class='ocrx_word' id='word_1_51' title='bbox 774 827 887 918; x_wconf 80' lang='lat' dir='ltr'><strong>paucis</strong></span> <span class='ocrx_word' id='word_1_52' title='bbox 911 833 945 894; x_wconf 91' lang='lat' dir='ltr'><strong>et</strong></span> <span class='ocrx_word' id='word_1_53' title='bbox 967 847 1041 895; x_wconf 92' lang='lat' dir='ltr'><strong>cum</strong></span> <span class='ocrx_word' id='word_1_54' title='bbox 1059 823 1200 911; x_wconf 72' lang='lat' dir='ltr'><strong>silentia,</strong></span> 
     </span>
     <span class='ocr_line' id='line_1_8' title="bbox 69 920 1200 1015; baseline -0.004 -21"><span class='ocrx_word' id='word_1_55' title='bbox 69 923 136 994; x_wconf 86' lang='lat' dir='ltr'><strong>iicet</strong></span> <span class='ocrx_word' id='word_1_56' title='bbox 157 945 219 1015; x_wconf 90' lang='lat' dir='ltr'><strong>per</strong></span> <span class='ocrx_word' id='word_1_57' title='bbox 243 944 310 993; x_wconf 87' lang='lat' dir='ltr'><strong>sex</strong></span> <span class='ocrx_word' id='word_1_58' title='bbox 333 945 468 994; x_wconf 90' lang='lat' dir='ltr'><strong>menses</strong></span> <span class='ocrx_word' id='word_1_59' title='bbox 492 933 526 992; x_wconf 92' lang='lat' dir='ltr'><strong>et</strong></span> <span class='ocrx_word' id='word_1_60' title='bbox 548 944 600 993; x_wconf 88' lang='lat' dir='ltr'><strong>am</strong></span> <span class='ocrx_word' id='word_1_61' title='bbox 623 923 686 994; x_wconf 91' lang='lat' dir='ltr'><strong>iius</strong></span> <span class='ocrx_word' id='word_1_62' title='bbox 710 924 742 991; x_wconf 92' lang='lat' dir='ltr'><strong>in</strong></span> <span class='ocrx_word' id='word_1_63' title='bbox 758 943 800 991; x_wconf 88' lang='lat' dir='ltr'><strong>ea</strong></span> <span class='ocrx_word' id='word_1_64' title='bbox 819 943 883 992; x_wconf 93' lang='lat' dir='ltr'><strong>nan</strong></span> <span class='ocrx_word' id='word_1_65' title='bbox 901 920 1018 994; x_wconf 79' lang='lat' dir='ltr'><strong>finisset</strong></span> <span class='ocrx_word' id='word_1_66' title='bbox 1034 923 1108 1015; x_wconf 85' lang='lat' dir='ltr'><strong>quia</strong></span> <span class='ocrx_word' id='word_1_67' title='bbox 1126 941 1200 991; x_wconf 93' lang='lat' dir='ltr'><strong>cum</strong></span> 
     </span>
     <span class='ocr_line' id='line_1_9' title="bbox 69 945 1200 1114; baseline -0.004 -24"><span class='ocrx_word' id='word_1_68' title='bbox 69 1017 187 1090; x_wconf 86' lang='lat' dir='ltr'><strong>civibus</strong></span> <span class='ocrx_word' id='word_1_69' title='bbox 206 1029 241 1089; x_wconf 92' lang='lat' dir='ltr'><strong>et</strong></span> <span class='ocrx_word' id='word_1_70' title='bbox 258 1022 397 1113; x_wconf 79' lang='lat' dir='ltr'>insuper</span> <span class='ocrx_word' id='word_1_71' title='bbox 413 1041 487 1090; x_wconf 90' lang='lat' dir='ltr'><strong>cum</strong></span> <span class='ocrx_word' id='word_1_72' title='bbox 505 945 643 1114; x_wconf 50' lang='lat' dir='ltr'><strong>capitobo</strong></span> <span class='ocrx_word' id='word_1_73' title='bbox 661 1041 726 1091; x_wconf 92' lang='lat' dir='ltr'><strong>non</strong></span> <span class='ocrx_word' id='word_1_74' title='bbox 749 1017 836 1091; x_wconf 90' lang='lat' dir='ltr'><strong>bene</strong></span> <span class='ocrx_word' id='word_1_75' title='bbox 859 1015 1088 1106; x_wconf 66' lang='lat' dir='ltr'><strong>concordabat,</strong></span> <span class='ocrx_word' id='word_1_76' title='bbox 1113 1015 1200 1087; x_wconf 91' lang='lat' dir='ltr'><strong>unde</strong></span> 
     </span>
     <span class='ocr_line' id='line_1_10' title="bbox 71 1117 1200 1211; baseline -0.003 -24"><span class='ocrx_word' id='word_1_77' title='bbox 71 1117 160 1188; x_wconf 87' lang='lat' dir='ltr'><strong>multa</strong></span> <span class='ocrx_word' id='word_1_78' title='bbox 182 1138 309 1211; x_wconf 87' lang='lat' dir='ltr'><strong>passus</strong></span> <span class='ocrx_word' id='word_1_79' title='bbox 337 1126 389 1188; x_wconf 90' lang='lat' dir='ltr'><strong>est</strong></span> <span class='ocrx_word' id='word_1_80' title='bbox 415 1139 479 1211; x_wconf 87' lang='lat' dir='ltr'><strong>que</strong></span> <span class='ocrx_word' id='word_1_81' title='bbox 508 1138 584 1187; x_wconf 91' lang='lat' dir='ltr'><strong>eum</strong></span> <span class='ocrx_word' id='word_1_82' title='bbox 611 1120 838 1211; x_wconf 63' lang='lat' dir='ltr'><strong>preterissent,</strong></span> <span class='ocrx_word' id='word_1_83' title='bbox 866 1118 894 1188; x_wconf 91' lang='lat' dir='ltr'><strong>si</strong></span> <span class='ocrx_word' id='word_1_84' title='bbox 918 1139 936 1186; x_wconf 89' lang='lat' dir='ltr'><strong>a</strong></span> <span class='ocrx_word' id='word_1_85' title='bbox 960 1117 1116 1209; x_wconf 89' lang='lat' dir='ltr'><strong>principio</strong></span> <span class='ocrx_word' id='word_1_86' title='bbox 1139 1135 1200 1186; x_wconf 91' lang='lat' dir='ltr'><strong>sue</strong></span> 
     </span>
     <span class='ocr_line' id='line_1_11' title="bbox 71 1210 1199 1308; baseline -0.002 -24"><span class='ocrx_word' id='word_1_87' title='bbox 71 1216 235 1285; x_wconf 75' lang='lat' dir='ltr'><strong>creationis</strong></span> <span class='ocrx_word' id='word_1_88' title='bbox 256 1237 332 1286; x_wconf 88' lang='lat' dir='ltr'><strong>cum</strong></span> <span class='ocrx_word' id='word_1_89' title='bbox 349 1217 429 1308; x_wconf 86' lang='lat' dir='ltr'><strong>ipsis</strong></span> <span class='ocrx_word' id='word_1_90' title='bbox 447 1210 533 1286; x_wconf 91' lang='lat' dir='ltr'><strong>bene</strong></span> <span class='ocrx_word' id='word_1_91' title='bbox 551 1213 794 1286; x_wconf 88' lang='lat' dir='ltr'><strong>concordasset.</strong></span> <span class='ocrx_word' id='word_1_92' title='bbox 813 1213 897 1284; x_wconf 85' lang='lat' dir='ltr'><strong>Nam</strong></span> <span class='ocrx_word' id='word_1_93' title='bbox 915 1223 948 1284; x_wconf 90' lang='lat' dir='ltr'><strong>et</strong></span> <span class='ocrx_word' id='word_1_94' title='bbox 964 1215 1109 1286; x_wconf 88' lang='lat' dir='ltr'><strong>sororius</strong></span> <span class='ocrx_word' id='word_1_95' title='bbox 1127 1213 1199 1282; x_wconf 82' lang='lat' dir='ltr'><strong>eius</strong></span> 
     </span>
     <span class='ocr_line' id='line_1_12' title="bbox 72 1307 1200 1405; baseline -0.003 -24"><span class='ocrx_word' id='word_1_96' title='bbox 72 1309 107 1381; x_wconf 88' lang='lat' dir='ltr'><strong>de</strong></span> <span class='ocrx_word' id='word_1_97' title='bbox 123 1309 303 1383; x_wconf 87' lang='lat' dir='ltr'><strong>Hornstain</strong></span> <span class='ocrx_word' id='word_1_98' title='bbox 328 1321 441 1405; x_wconf 90' lang='lat' dir='ltr'><strong>ceptus</strong></span> <span class='ocrx_word' id='word_1_99' title='bbox 464 1309 524 1381; x_wconf 86' lang='lat' dir='ltr'><strong>iirit</strong></span> <span class='ocrx_word' id='word_1_100' title='bbox 546 1313 587 1381; x_wconf 91' lang='lat' dir='ltr'><strong>iii.</strong></span> <span class='ocrx_word' id='word_1_101' title='bbox 611 1310 676 1382; x_wconf 87' lang='lat' dir='ltr'><strong>kal.</strong></span> <span class='ocrx_word' id='word_1_102' title='bbox 700 1307 891 1383; x_wconf 75' lang='lat' dir='ltr'><strong>novembris</strong></span> <span class='ocrx_word' id='word_1_103' title='bbox 915 1331 1031 1382; x_wconf 87' lang='lat' dir='ltr'><strong>mense</strong></span> <span class='ocrx_word' id='word_1_104' title='bbox 1055 1319 1087 1380; x_wconf 89' lang='lat' dir='ltr'><strong>et</strong></span> <span class='ocrx_word' id='word_1_105' title='bbox 1114 1329 1200 1380; x_wconf 86' lang='lat' dir='ltr'><strong>anno</strong></span> 
     </span>
     <span class='ocr_line' id='line_1_13' title="bbox 72 1405 1203 1502; baseline 0 -24"><span class='ocrx_word' id='word_1_106' title='bbox 72 1407 227 1500; x_wconf 64' lang='lat' dir='ltr'><strong>pretiatis,</strong></span> <span class='ocrx_word' id='word_1_107' title='bbox 247 1405 539 1480; x_wconf 86' lang='lat' dir='ltr'><strong>ctMonsSanatus</strong></span> <span class='ocrx_word' id='word_1_108' title='bbox 557 1411 673 1502; x_wconf 90' lang='lat' dir='ltr'><strong>partim</strong></span> <span class='ocrx_word' id='word_1_109' title='bbox 684 1418 797 1502; x_wconf 88' lang='lat' dir='ltr'><strong>captos</strong></span> <span class='ocrx_word' id='word_1_110' title='bbox 810 1418 842 1478; x_wconf 91' lang='lat' dir='ltr'><strong>et</strong></span> <span class='ocrx_word' id='word_1_111' title='bbox 852 1411 967 1502; x_wconf 89' lang='lat' dir='ltr'><strong>partim</strong></span> <span class='ocrx_word' id='word_1_112' title='bbox 978 1405 1138 1480; x_wconf 86' lang='lat' dir='ltr'><strong>obsessus</strong></span> <span class='ocrx_word' id='word_1_113' title='bbox 1149 1407 1203 1478; x_wconf 87' lang='lat' dir='ltr'><strong>est</strong></span> 
     </span>
    </p>
   </div>
   <div class='ocr_carea' id='block_1_2' title="bbox 73 1504 1051 1602">
    <p class='ocr_par' dir='ltr' id='par_1_2' title="bbox 73 1504 1051 1602">
     <span class='ocr_line' id='line_1_14' title="bbox 73 1504 1051 1602; baseline 0.002 -26"><span class='ocrx_word' id='word_1_114' title='bbox 73 1527 178 1576; x_wconf 90' lang='lat' dir='ltr'><strong>mense</strong></span> <span class='ocrx_word' id='word_1_115' title='bbox 195 1504 347 1600; x_wconf 89' lang='lat' dir='ltr'><strong>predicto</strong></span> <span class='ocrx_word' id='word_1_116' title='bbox 364 1527 424 1600; x_wconf 91' lang='lat' dir='ltr'><strong>per</strong></span> <span class='ocrx_word' id='word_1_117' title='bbox 440 1504 635 1578; x_wconf 89' lang='lat' dir='ltr'><strong>advocatum</strong></span> <span class='ocrx_word' id='word_1_118' title='bbox 652 1505 786 1602; x_wconf 77' lang='lat' dir='ltr'><strong>predicti</strong></span> <span class='ocrx_word' id='word_1_119' title='bbox 804 1505 895 1578; x_wconf 91' lang='lat' dir='ltr'><strong>ducis</strong></span> <span class='ocrx_word' id='word_1_120' title='bbox 906 1504 1051 1578; x_wconf 83' lang='lat' dir='ltr'><strong>Austrie.</strong></span> 
     </span>
    </p>
   </div>
   <div class='ocr_carea' id='block_1_3' title="bbox 77 1673 1201 1862">
    <p class='ocr_par' dir='ltr' id='par_1_3' title="bbox 77 1673 1201 1862">
     <span class='ocr_line' id='line_1_15' title="bbox 77 1673 1201 1764; baseline 0 -18"><span class='ocrx_word' id='word_1_121' title='bbox 77 1673 163 1762; x_wconf 76' lang='lat' dir='ltr'><strong>Quot</strong></span> <span class='ocrx_word' id='word_1_122' title='bbox 176 1675 326 1746; x_wconf 78' lang='lat' dir='ltr'><strong>tiaratos</strong></span> <span class='ocrx_word' id='word_1_123' title='bbox 342 1678 520 1764; x_wconf 82' lang='lat' dir='ltr'><strong>imperator</strong></span> <span class='ocrx_word' id='word_1_124' title='bbox 536 1677 729 1748; x_wconf 83' lang='lat' dir='ltr'><strong>mmoeaatt</strong></span> <span class='ocrx_word' id='word_1_125' title='bbox 748 1677 796 1746; x_wconf 84' lang='lat' dir='ltr'><strong>od</strong></span> <span class='ocrx_word' id='word_1_126' title='bbox 809 1693 844 1746; x_wconf 81' lang='lat' dir='ltr'><strong>aa</strong></span> <span class='ocrx_word' id='word_1_127' title='bbox 864 1677 1032 1764; x_wconf 78' lang='lat' dir='ltr'><strong>principes</strong></span> <span class='ocrx_word' id='word_1_128' title='bbox 1055 1681 1201 1748; x_wconf 75' lang='lat' dir='ltr'><strong>tactam</strong></span> 
     </span>
     <span class='ocr_line' id='line_1_16' title="bbox 161 1775 767 1862; baseline 0 -20"><span class='ocrx_word' id='word_1_129' title='bbox 161 1776 375 1844; x_wconf 75' lang='lat' dir='ltr'><strong>otmundum</strong></span> <span class='ocrx_word' id='word_1_130' title='bbox 391 1775 433 1844; x_wconf 81' lang='lat' dir='ltr'><strong>de</strong></span> <span class='ocrx_word' id='word_1_131' title='bbox 444 1793 532 1862; x_wconf 87' lang='lat' dir='ltr'><strong>pace</strong></span> <span class='ocrx_word' id='word_1_132' title='bbox 546 1792 607 1862; x_wconf 84' lang='lat' dir='ltr'><strong>per</strong></span> <span class='ocrx_word' id='word_1_133' title='bbox 623 1792 767 1862; x_wconf 83' lang='lat' dir='ltr'><strong>repaam.</strong></span> 
     </span>
    </p>
   </div>
   <div class='ocr_carea' id='block_1_4' title="bbox 75 1902 1206 3259">
    <p class='ocr_par' dir='ltr' id='par_1_4' title="bbox 75 1902 1206 3259">
     <span class='ocr_line' id='line_1_17' title="bbox 115 1902 1202 2000; baseline 0.003 -26"><span class='ocrx_word' id='word_1_134' title='bbox 115 1903 356 1998; x_wconf 87' lang='lat' dir='ltr'><strong>itempredicta</strong></span> <span class='ocrx_word' id='word_1_135' title='bbox 374 1927 464 1976; x_wconf 86' lang='lat' dir='ltr'><strong>anno</strong></span> <span class='ocrx_word' id='word_1_136' title='bbox 476 1903 522 1976; x_wconf 91' lang='lat' dir='ltr'><strong>lv.</strong></span> <span class='ocrx_word' id='word_1_137' title='bbox 540 1926 657 1977; x_wconf 89' lang='lat' dir='ltr'><strong>mense</strong></span> <span class='ocrx_word' id='word_1_138' title='bbox 669 1902 859 1976; x_wconf 88' lang='lat' dir='ltr'><strong>novembris</strong></span> <span class='ocrx_word' id='word_1_139' title='bbox 867 1903 1007 1977; x_wconf 82' lang='lat' dir='ltr'><strong>Karalus</strong></span> <span class='ocrx_word' id='word_1_140' title='bbox 1024 1907 1202 2000; x_wconf 86' lang='lat' dir='ltr'><strong>imperator</strong></span> 
     </span>
     <span class='ocr_line' id='line_1_18' title="bbox 75 2002 1202 2093; baseline 0.001 -21"><span class='ocrx_word' id='word_1_141' title='bbox 75 2003 225 2074; x_wconf 82' lang='lat' dir='ltr'><strong>electores</strong></span> <span class='ocrx_word' id='word_1_142' title='bbox 251 2013 287 2073; x_wconf 89' lang='lat' dir='ltr'><strong>et</strong></span> <span class='ocrx_word' id='word_1_143' title='bbox 309 2004 531 2074; x_wconf 88' lang='lat' dir='ltr'><strong>civitatenses·</strong></span> <span class='ocrx_word' id='word_1_144' title='bbox 545 2005 579 2073; x_wconf 94' lang='lat' dir='ltr'><strong>in</strong></span> <span class='ocrx_word' id='word_1_145' title='bbox 602 2023 709 2093; x_wconf 85' lang='lat' dir='ltr'><strong>regno</strong></span> <span class='ocrx_word' id='word_1_146' title='bbox 726 2003 923 2073; x_wconf 84' lang='lat' dir='ltr'><strong>Alamannie</strong></span> <span class='ocrx_word' id='word_1_147' title='bbox 941 2005 1138 2074; x_wconf 88' lang='lat' dir='ltr'><strong>convocavit</strong></span> <span class='ocrx_word' id='word_1_148' title='bbox 1160 2002 1202 2074; x_wconf 89' lang='lat' dir='ltr'><strong>ad</strong></span> 
     </span>
     <span class='ocr_line' id='line_1_19' title="bbox 78 2097 1201 2194; baseline 0.004 -26"><span class='ocrx_word' id='word_1_149' title='bbox 78 2121 110 2168; x_wconf 89' lang='lat' dir='ltr'><strong>se</strong></span> <span class='ocrx_word' id='word_1_150' title='bbox 120 2103 150 2169; x_wconf 94' lang='lat' dir='ltr'><strong>in</strong></span> <span class='ocrx_word' id='word_1_151' title='bbox 159 2097 364 2190; x_wconf 84' lang='lat' dir='ltr'><strong>Norenberg</strong></span> <span class='ocrx_word' id='word_1_152' title='bbox 373 2107 516 2172; x_wconf 85' lang='lat' dir='ltr'><strong>tractans</strong></span> <span class='ocrx_word' id='word_1_153' title='bbox 527 2121 568 2170; x_wconf 89' lang='lat' dir='ltr'><strong>aa</strong></span> <span class='ocrx_word' id='word_1_154' title='bbox 579 2121 643 2193; x_wconf 87' lang='lat' dir='ltr'><strong>que</strong></span> <span class='ocrx_word' id='word_1_155' title='bbox 654 2111 729 2172; x_wconf 88' lang='lat' dir='ltr'><strong>sunt</strong></span> <span class='ocrx_word' id='word_1_156' title='bbox 745 2104 849 2194; x_wconf 62' lang='lat' dir='ltr'><strong>pacis,</strong></span> <span class='ocrx_word' id='word_1_157' title='bbox 866 2099 985 2172; x_wconf 89' lang='lat' dir='ltr'><strong>volens</strong></span> <span class='ocrx_word' id='word_1_158' title='bbox 998 2099 1201 2172; x_wconf 83' lang='lat' dir='ltr'><strong>etmendans</strong></span> 
     </span>
     <span class='ocr_line' id='line_1_20' title="bbox 77 2196 1200 2298; baseline 0.001 -33"><span class='ocrx_word' id='word_1_159' title='bbox 77 2207 105 2266; x_wconf 90' lang='lat' dir='ltr'><strong>ut</strong></span> <span class='ocrx_word' id='word_1_160' title='bbox 118 2219 230 2290; x_wconf 85' lang='lat' dir='ltr'><strong>pacem</strong></span> <span class='ocrx_word' id='word_1_161' title='bbox 248 2219 313 2291; x_wconf 92' lang='lat' dir='ltr'><strong>per</strong></span> <span class='ocrx_word' id='word_1_162' title='bbox 328 2217 470 2287; x_wconf 83' lang='lat' dir='ltr'><strong>regnum</strong></span> <span class='ocrx_word' id='word_1_163' title='bbox 487 2206 663 2268; x_wconf 89' lang='lat' dir='ltr'><strong>servarent</strong></span> <span class='ocrx_word' id='word_1_164' title='bbox 685 2207 719 2267; x_wconf 91' lang='lat' dir='ltr'><strong>et</strong></span> <span class='ocrx_word' id='word_1_165' title='bbox 735 2207 847 2269; x_wconf 87' lang='lat' dir='ltr'><strong>contra</strong></span> <span class='ocrx_word' id='word_1_166' title='bbox 864 2196 1023 2268; x_wconf 87' lang='lat' dir='ltr'><strong>facientes</strong></span> <span class='ocrx_word' id='word_1_167' title='bbox 1038 2198 1200 2298; x_wconf 66' lang='lat' dir='ltr'><strong>punirent</strong></span> 
     </span>
     <span class='ocr_line' id='line_1_21' title="bbox 77 2292 1202 2388; baseline 0.003 -25"><span class='ocrx_word' id='word_1_168' title='bbox 77 2293 159 2378; x_wconf 80' lang='lat' dir='ltr'><strong>Quod</strong></span> <span class='ocrx_word' id='word_1_169' title='bbox 165 2297 400 2386; x_wconf 73' lang='lat' dir='ltr'><strong>promserunt</strong></span> <span class='ocrx_word' id='word_1_170' title='bbox 412 2293 613 2387; x_wconf 87' lang='lat' dir='ltr'><strong>postulantes</strong></span> <span class='ocrx_word' id='word_1_171' title='bbox 621 2297 653 2376; x_wconf 88' lang='lat' dir='ltr'><strong>in</strong></span> <span class='ocrx_word' id='word_1_172' title='bbox 661 2295 799 2386; x_wconf 79' lang='lat' dir='ltr'><strong>singuiis</strong></span> <span class='ocrx_word' id='word_1_173' title='bbox 807 2292 1005 2388; x_wconf 81' lang='lat' dir='ltr'><strong>dyocesibus</strong></span> <span class='ocrx_word' id='word_1_174' title='bbox 1013 2297 1202 2387; x_wconf 88' lang='lat' dir='ltr'><strong>capitaneos</strong></span> 
     </span>
     <span class='ocr_line' id='line_1_22' title="bbox 79 2391 1204 2485; baseline 0.002 -25"><span class='ocrx_word' id='word_1_175' title='bbox 79 2393 402 2482; x_wconf 85' lang='lat' dir='ltr'><strong>qoieosassisterent.</strong></span> <span class='ocrx_word' id='word_1_176' title='bbox 420 2391 510 2477; x_wconf 82' lang='lat' dir='ltr'><strong>Quos</strong></span> <span class='ocrx_word' id='word_1_177' title='bbox 519 2393 567 2462; x_wconf 89' lang='lat' dir='ltr'><strong>eis</strong></span> <span class='ocrx_word' id='word_1_178' title='bbox 575 2393 950 2484; x_wconf 81' lang='lat' dir='ltr'><strong>imperatorassignavit.</strong></span> <span class='ocrx_word' id='word_1_179' title='bbox 962 2391 1204 2485; x_wconf 90' lang='lat' dir='ltr'><strong>Peciitinsuper</strong></span> 
     </span>
     <span class='ocr_line' id='line_1_23' title="bbox 79 2485 1203 2582; baseline 0.004 -28"><span class='ocrx_word' id='word_1_180' title='bbox 79 2485 112 2555; x_wconf 87' lang='lat' dir='ltr'><strong>ab</strong></span> <span class='ocrx_word' id='word_1_181' title='bbox 128 2487 381 2582; x_wconf 85' lang='lat' dir='ltr'><strong>archiepiscopis</strong></span> <span class='ocrx_word' id='word_1_182' title='bbox 399 2498 432 2558; x_wconf 92' lang='lat' dir='ltr'><strong>et</strong></span> <span class='ocrx_word' id='word_1_183' title='bbox 449 2491 611 2581; x_wconf 88' lang='lat' dir='ltr'><strong>episcopis</strong></span> <span class='ocrx_word' id='word_1_184' title='bbox 629 2511 668 2558; x_wconf 90' lang='lat' dir='ltr'><strong>aa</strong></span> <span class='ocrx_word' id='word_1_185' title='bbox 685 2487 755 2559; x_wconf 88' lang='lat' dir='ltr'><strong>aiiis</strong></span> <span class='ocrx_word' id='word_1_186' title='bbox 774 2487 833 2560; x_wconf 86' lang='lat' dir='ltr'><strong>sibi</strong></span> <span class='ocrx_word' id='word_1_187' title='bbox 851 2486 1056 2559; x_wconf 67' lang='lat' dir='ltr'><strong>saflsiieride</strong></span> <span class='ocrx_word' id='word_1_188' title='bbox 1068 2491 1203 2559; x_wconf 87' lang='lat' dir='ltr'><strong>servitio</strong></span> 
     </span>
     <span class='ocr_line' id='line_1_24' title="bbox 79 2583 1205 2679; baseline 0.002 -26"><span class='ocrx_word' id='word_1_189' title='bbox 79 2585 307 2676; x_wconf 85' lang='lat' dir='ltr'><strong>neglectodum</strong></span> <span class='ocrx_word' id='word_1_190' title='bbox 314 2585 519 2679; x_wconf 86' lang='lat' dir='ltr'><strong>Ramampro</strong></span> <span class='ocrx_word' id='word_1_191' title='bbox 527 2583 863 2679; x_wconf 84' lang='lat' dir='ltr'><strong>comnasuseipienda</strong></span> <span class='ocrx_word' id='word_1_192' title='bbox 875 2587 1084 2658; x_wconf 86' lang='lat' dir='ltr'><strong>accessisset</strong></span> <span class='ocrx_word' id='word_1_193' title='bbox 1103 2585 1205 2656; x_wconf 88' lang='lat' dir='ltr'><strong>Peoiit</strong></span> 
     </span>
     <span class='ocr_line' id='line_1_25' title="bbox 80 2679 1202 2776; baseline 0.004 -28"><span class='ocrx_word' id='word_1_194' title='bbox 80 2691 132 2752; x_wconf 88' lang='lat' dir='ltr'><strong>eta</strong></span> <span class='ocrx_word' id='word_1_195' title='bbox 143 2683 281 2773; x_wconf 83' lang='lat' dir='ltr'><strong>singuiis</strong></span> <span class='ocrx_word' id='word_1_196' title='bbox 292 2681 428 2776; x_wconf 84' lang='lat' dir='ltr'><strong>prelatis</strong></span> <span class='ocrx_word' id='word_1_197' title='bbox 440 2691 473 2754; x_wconf 86' lang='lat' dir='ltr'><strong>et</strong></span> <span class='ocrx_word' id='word_1_198' title='bbox 484 2682 630 2776; x_wconf 80' lang='lat' dir='ltr'><strong>capitulis</strong></span> <span class='ocrx_word' id='word_1_199' title='bbox 642 2680 789 2754; x_wconf 89' lang='lat' dir='ltr'><strong>secundo</strong></span> <span class='ocrx_word' id='word_1_200' title='bbox 801 2679 860 2756; x_wconf 91' lang='lat' dir='ltr'><strong>sibi</strong></span> <span class='ocrx_word' id='word_1_201' title='bbox 870 2680 1038 2775; x_wconf 88' lang='lat' dir='ltr'><strong>prebenda</strong></span> <span class='ocrx_word' id='word_1_202' title='bbox 1050 2681 1202 2754; x_wconf 88' lang='lat' dir='ltr'><strong>etbene·</strong></span> 
     </span>
     <span class='ocr_line' id='line_1_26' title="bbox 80 2776 1202 2872; baseline 0.004 -25"><span class='ocrx_word' id='word_1_203' title='bbox 80 2776 141 2848; x_wconf 88' lang='lat' dir='ltr'><strong>iicia</strong></span> <span class='ocrx_word' id='word_1_204' title='bbox 162 2781 331 2872; x_wconf 86' lang='lat' dir='ltr'><strong>assignari</strong></span> <span class='ocrx_word' id='word_1_205' title='bbox 348 2780 422 2872; x_wconf 86' lang='lat' dir='ltr'><strong>quia</strong></span> <span class='ocrx_word' id='word_1_206' title='bbox 444 2781 478 2850; x_wconf 91' lang='lat' dir='ltr'><strong>in</strong></span> <span class='ocrx_word' id='word_1_207' title='bbox 494 2781 726 2872; x_wconf 87' lang='lat' dir='ltr'><strong>imperatorem</strong></span> <span class='ocrx_word' id='word_1_208' title='bbox 742 2789 925 2852; x_wconf 87' lang='lat' dir='ltr'><strong>coronatas.</strong></span> <span class='ocrx_word' id='word_1_209' title='bbox 959 2778 1002 2850; x_wconf 89' lang='lat' dir='ltr'><strong>Et</strong></span> <span class='ocrx_word' id='word_1_210' title='bbox 1018 2801 1139 2851; x_wconf 91' lang='lat' dir='ltr'><strong>annum</strong></span> <span class='ocrx_word' id='word_1_211' title='bbox 1155 2780 1202 2851; x_wconf 91' lang='lat' dir='ltr'><strong>lv.</strong></span> 
     </span>
     <span class='ocr_line' id='line_1_27' title="bbox 81 2875 1204 2971; baseline 0.002 -27"><span class='ocrx_word' id='word_1_212' title='bbox 81 2878 121 2946; x_wconf 89' lang='lat' dir='ltr'><strong>sic</strong></span> <span class='ocrx_word' id='word_1_213' title='bbox 132 2875 302 2968; x_wconf 71' lang='lat' dir='ltr'><strong>concludo,</strong></span> <span class='ocrx_word' id='word_1_214' title='bbox 320 2875 606 2970; x_wconf 82' lang='lat' dir='ltr'><strong>quodrexAngiie</strong></span> <span class='ocrx_word' id='word_1_215' title='bbox 624 2887 657 2948; x_wconf 92' lang='lat' dir='ltr'><strong>et</strong></span> <span class='ocrx_word' id='word_1_216' title='bbox 674 2875 758 2948; x_wconf 88' lang='lat' dir='ltr'><strong>iilius</strong></span> <span class='ocrx_word' id='word_1_217' title='bbox 776 2899 857 2964; x_wconf 86' lang='lat' dir='ltr'><strong>suus</strong></span> <span class='ocrx_word' id='word_1_218' title='bbox 874 2875 1019 2971; x_wconf 90' lang='lat' dir='ltr'><strong>predicto</strong></span> <span class='ocrx_word' id='word_1_219' title='bbox 1036 2898 1153 2950; x_wconf 89' lang='lat' dir='ltr'><strong>mensa</strong></span> <span class='ocrx_word' id='word_1_220' title='bbox 1170 2878 1204 2947; x_wconf 89' lang='lat' dir='ltr'><strong>in</strong></span> 
     </span>
     <span class='ocr_line' id='line_1_28' title="bbox 81 2971 1204 3065; baseline 0.005 -27"><span class='ocrx_word' id='word_1_221' title='bbox 81 2993 174 3062; x_wconf 80' lang='lat' dir='ltr'><strong>regno</strong></span> <span class='ocrx_word' id='word_1_222' title='bbox 196 2972 340 3044; x_wconf 80' lang='lat' dir='ltr'><strong>Francia</strong></span> <span class='ocrx_word' id='word_1_223' title='bbox 358 2994 432 3044; x_wconf 91' lang='lat' dir='ltr'><strong>cum</strong></span> <span class='ocrx_word' id='word_1_224' title='bbox 456 2975 524 3046; x_wconf 89' lang='lat' dir='ltr'><strong>sais</strong></span> <span class='ocrx_word' id='word_1_225' title='bbox 543 2971 740 3045; x_wconf 82' lang='lat' dir='ltr'><strong>exercitibus</strong></span> <span class='ocrx_word' id='word_1_226' title='bbox 758 2973 968 3045; x_wconf 89' lang='lat' dir='ltr'><strong>morabantur</strong></span> <span class='ocrx_word' id='word_1_227' title='bbox 984 2983 1096 3044; x_wconf 86' lang='lat' dir='ltr'><strong>contra</strong></span> <span class='ocrx_word' id='word_1_228' title='bbox 1112 2976 1204 3065; x_wconf 79' lang='lat' dir='ltr'><strong>regis</strong></span> 
     </span>
     <span class='ocr_line' id='line_1_29' title="bbox 83 3066 1206 3166; baseline 0.006 -32"><span class='ocrx_word' id='word_1_229' title='bbox 83 3066 205 3140; x_wconf 84' lang='lat' dir='ltr'><strong>Francia</strong></span> <span class='ocrx_word' id='word_1_230' title='bbox 215 3071 431 3143; x_wconf 87' lang='lat' dir='ltr'><strong>voluntatem.</strong></span> <span class='ocrx_word' id='word_1_231' title='bbox 449 3068 573 3161; x_wconf 85' lang='lat' dir='ltr'><strong>Magna</strong></span> <span class='ocrx_word' id='word_1_232' title='bbox 584 3069 744 3143; x_wconf 86' lang='lat' dir='ltr'><strong>tribulatio</strong></span> <span class='ocrx_word' id='word_1_233' title='bbox 755 3071 813 3143; x_wconf 86' lang='lat' dir='ltr'><strong>fuit</strong></span> <span class='ocrx_word' id='word_1_234' title='bbox 822 3070 941 3142; x_wconf 85' lang='lat' dir='ltr'><strong>ibidem</strong></span> <span class='ocrx_word' id='word_1_235' title='bbox 951 3073 985 3141; x_wconf 96' lang='lat' dir='ltr'><strong>in</strong></span> <span class='ocrx_word' id='word_1_236' title='bbox 995 3091 1102 3162; x_wconf 78' lang='lat' dir='ltr'><strong>regno</strong></span> <span class='ocrx_word' id='word_1_237' title='bbox 1119 3069 1206 3166; x_wconf 84' lang='lat' dir='ltr'><strong>quod</strong></span> 
     </span>
     <span class='ocr_line' id='line_1_30' title="bbox 83 3165 874 3259; baseline 0.005 -24"><span class='ocrx_word' id='word_1_238' title='bbox 83 3186 135 3238; x_wconf 86' lang='lat' dir='ltr'><strong>rex</strong></span> <span class='ocrx_word' id='word_1_239' title='bbox 148 3168 273 3259; x_wconf 80' lang='lat' dir='ltr'><strong>Anglie</strong></span> <span class='ocrx_word' id='word_1_240' title='bbox 291 3165 352 3240; x_wconf 92' lang='lat' dir='ltr'><strong>sibi</strong></span> <span class='ocrx_word' id='word_1_241' title='bbox 368 3169 440 3238; x_wconf 90' lang='lat' dir='ltr'><strong>iure</strong></span> <span class='ocrx_word' id='word_1_242' title='bbox 456 3166 653 3240; x_wconf 87' lang='lat' dir='ltr'><strong>hereditario</strong></span> <span class='ocrx_word' id='word_1_243' title='bbox 669 3165 874 3240; x_wconf 85' lang='lat' dir='ltr'><strong>vendicabat</strong></span> 
     </span>
    </p>
   </div>
   <div class='ocr_carea' id='block_1_5' title="bbox 87 3285 1211 3507">
    <p class='ocr_par' dir='ltr' id='par_1_5' title="bbox 87 3285 1211 3507">
     <span class='ocr_line' id='line_1_31' title="bbox 87 3285 1211 3410; baseline 0.006 -26"><span class='ocrx_word' id='word_1_244' title='bbox 87 3285 170 3386; x_wconf 80' lang='lat' dir='ltr'><strong>team</strong></span> <span class='ocrx_word' id='word_1_245' title='bbox 185 3323 267 3390; x_wconf 84' lang='lat' dir='ltr'><strong>onai</strong></span> <span class='ocrx_word' id='word_1_246' title='bbox 285 3285 509 3407; x_wconf 44' lang='lat' dir='ltr'><strong>latsQaaltter</strong></span> <span class='ocrx_word' id='word_1_247' title='bbox 526 3321 705 3405; x_wconf 70' lang='lat' dir='ltr'><strong>imperator</strong></span> <span class='ocrx_word' id='word_1_248' title='bbox 716 3319 856 3388; x_wconf 83' lang='lat' dir='ltr'><strong>Karalus</strong></span> <span class='ocrx_word' id='word_1_249' title='bbox 866 3303 1067 3389; x_wconf 69' lang='lat' dir='ltr'><strong>posteritatem</strong></span> <span class='ocrx_word' id='word_1_250' title='bbox 1079 3323 1211 3410; x_wconf 74' lang='lat' dir='ltr'><strong>percpi!</strong></span> 
     </span>
     <span class='ocr_line' id='line_1_32' title="bbox 163 3417 1207 3507; baseline 0.002 -23"><span class='ocrx_word' id='word_1_251' title='bbox 163 3419 197 3484; x_wconf 83' lang='lat' dir='ltr'><strong>to</strong></span> <span class='ocrx_word' id='word_1_252' title='bbox 207 3417 407 3506; x_wconf 78' lang='lat' dir='ltr'><strong>Nttreoberp,</strong></span> <span class='ocrx_word' id='word_1_253' title='bbox 419 3419 527 3505; x_wconf 78' lang='lat' dir='ltr'><strong>tepens</strong></span> <span class='ocrx_word' id='word_1_254' title='bbox 536 3420 707 3504; x_wconf 80' lang='lat' dir='ltr'><strong>septimam</strong></span> <span class='ocrx_word' id='word_1_255' title='bbox 720 3419 889 3486; x_wconf 83' lang='lat' dir='ltr'><strong>tectionem</strong></span> <span class='ocrx_word' id='word_1_256' title='bbox 900 3421 1074 3507; x_wconf 78' lang='lat' dir='ltr'><strong>eouptaota</strong></span> <span class='ocrx_word' id='word_1_257' title='bbox 1083 3420 1207 3507; x_wconf 75' lang='lat' dir='ltr'><strong>plodio.</strong></span> 
     </span>
    </p>
   </div>
   <div class='ocr_carea' id='block_1_6' title="bbox 86 3545 1349 4227">
    <p class='ocr_par' dir='ltr' id='par_1_6' title="bbox 86 3545 1349 4227">
     <span class='ocr_line' id='line_1_33' title="bbox 127 3545 1207 3642; baseline 0.002 -24"><span class='ocrx_word' id='word_1_258' title='bbox 127 3547 219 3620; x_wconf 78' lang='lat' dir='ltr'><strong>Anno</strong></span> <span class='ocrx_word' id='word_1_259' title='bbox 236 3545 360 3620; x_wconf 88' lang='lat' dir='ltr'><strong>domini</strong></span> <span class='ocrx_word' id='word_1_260' title='bbox 376 3548 558 3620; x_wconf 88' lang='lat' dir='ltr'><strong>m.cca.i.vi.</strong></span> <span class='ocrx_word' id='word_1_261' title='bbox 576 3546 717 3620; x_wconf 88' lang='lat' dir='ltr'><strong>Karalus</strong></span> <span class='ocrx_word' id='word_1_262' title='bbox 736 3558 869 3642; x_wconf 82' lang='lat' dir='ltr'><strong>quarms</strong></span> <span class='ocrx_word' id='word_1_263' title='bbox 880 3549 976 3622; x_wconf 89' lang='lat' dir='ltr'><strong>buius</strong></span> <span class='ocrx_word' id='word_1_264' title='bbox 987 3551 1126 3621; x_wconf 92' lang='lat' dir='ltr'><strong>nominis</strong></span> <span class='ocrx_word' id='word_1_265' title='bbox 1140 3551 1207 3620; x_wconf 92' lang='lat' dir='ltr'><strong>im-</strong></span> 
     </span>
     <span class='ocr_line' id='line_1_34' title="bbox 86 3643 1204 3738; baseline 0.005 -26"><span class='ocrx_word' id='word_1_266' title='bbox 86 3654 201 3734; x_wconf 88' lang='lat' dir='ltr'><strong>perator</strong></span> <span class='ocrx_word' id='word_1_267' title='bbox 217 3655 252 3716; x_wconf 86' lang='lat' dir='ltr'><strong>et</strong></span> <span class='ocrx_word' id='word_1_268' title='bbox 266 3643 488 3717; x_wconf 89' lang='lat' dir='ltr'><strong>Bohemorum</strong></span> <span class='ocrx_word' id='word_1_269' title='bbox 505 3667 570 3719; x_wconf 84' lang='lat' dir='ltr'><strong>rex</strong></span> <span class='ocrx_word' id='word_1_270' title='bbox 585 3647 788 3718; x_wconf 83' lang='lat' dir='ltr'><strong>nativitatem</strong></span> <span class='ocrx_word' id='word_1_271' title='bbox 799 3645 919 3719; x_wconf 91' lang='lat' dir='ltr'><strong>domini</strong></span> <span class='ocrx_word' id='word_1_272' title='bbox 932 3645 1045 3738; x_wconf 80' lang='lat'><strong>[1355</strong></span> <span class='ocrx_word' id='word_1_273' title='bbox 1057 3645 1127 3717; x_wconf 88' lang='lat' dir='ltr'><strong>dec.</strong></span> <span class='ocrx_word' id='word_1_274' title='bbox 1140 3646 1204 3734; x_wconf 85' lang='lat'><strong>25]</strong></span> 
     </span>
     <span class='ocr_line' id='line_1_35' title="bbox 87 3739 1207 3838; baseline 0.004 -28"><span class='ocrx_word' id='word_1_275' title='bbox 87 3743 199 3832; x_wconf 83' lang='lat' dir='ltr'><strong>peregit</strong></span> <span class='ocrx_word' id='word_1_276' title='bbox 213 3745 248 3813; x_wconf 92' lang='lat' dir='ltr'><strong>in</strong></span> <span class='ocrx_word' id='word_1_277' title='bbox 263 3739 492 3832; x_wconf 62' lang='lat' dir='ltr'><strong>Nrinemerg,</strong></span> <span class='ocrx_word' id='word_1_278' title='bbox 509 3739 717 3836; x_wconf 86' lang='lat' dir='ltr'><strong>presentibus</strong></span> <span class='ocrx_word' id='word_1_279' title='bbox 735 3741 988 3838; x_wconf 88' lang='lat' dir='ltr'><strong>archiepiscopis</strong></span> <span class='ocrx_word' id='word_1_280' title='bbox 1006 3743 1207 3815; x_wconf 89' lang='lat' dir='ltr'><strong>Treverensi</strong></span> 
     </span>
     <span class='ocr_line' id='line_1_36' title="bbox 88 3835 1207 3934; baseline 0.003 -29"><span class='ocrx_word' id='word_1_281' title='bbox 88 3835 259 3910; x_wconf 82' lang='lat' dir='ltr'><strong>Coloniensi</strong></span> <span class='ocrx_word' id='word_1_282' title='bbox 277 3849 311 3910; x_wconf 90' lang='lat' dir='ltr'><strong>et</strong></span> <span class='ocrx_word' id='word_1_283' title='bbox 326 3838 585 3930; x_wconf 64' lang='lat' dir='ltr'><strong>Moguniinensi„</strong></span> <span class='ocrx_word' id='word_1_284' title='bbox 609 3849 706 3934; x_wconf 84' lang='lat' dir='ltr'><strong>etque</strong></span> <span class='ocrx_word' id='word_1_285' title='bbox 731 3839 814 3911; x_wconf 89' lang='lat' dir='ltr'><strong>duce</strong></span> <span class='ocrx_word' id='word_1_286' title='bbox 831 3841 984 3930; x_wconf 83' lang='lat' dir='ltr'><strong>Swevie¹</strong></span> <span class='ocrx_word' id='word_1_287' title='bbox 1005 3849 1037 3910; x_wconf 92' lang='lat' dir='ltr'><strong>et</strong></span> <span class='ocrx_word' id='word_1_288' title='bbox 1053 3839 1207 3910; x_wconf 89' lang='lat' dir='ltr'><strong>Bavvarie</strong></span> 
     </span>
     <span class='ocr_line' id='line_1_37' title="bbox 88 3935 1208 4032; baseline 0.004 -30"><span class='ocrx_word' id='word_1_289' title='bbox 88 3937 130 4024; x_wconf 84' lang='lat' dir='ltr'><strong>qui</strong></span> <span class='ocrx_word' id='word_1_290' title='bbox 145 3935 306 4008; x_wconf 88' lang='lat' dir='ltr'><strong>Palatinus</strong></span> <span class='ocrx_word' id='word_1_291' title='bbox 323 3936 421 4026; x_wconf 66' lang='lat' dir='ltr'><strong>Rani,</strong></span> <span class='ocrx_word' id='word_1_292' title='bbox 445 3945 541 4030; x_wconf 88' lang='lat' dir='ltr'><strong>atque</strong></span> <span class='ocrx_word' id='word_1_293' title='bbox 559 3936 747 4008; x_wconf 85' lang='lat' dir='ltr'><strong>marchione</strong></span> <span class='ocrx_word' id='word_1_294' title='bbox 771 3941 824 4032; x_wconf 87' lang='lat' dir='ltr'><strong>qui</strong></span> <span class='ocrx_word' id='word_1_295' title='bbox 848 3947 985 4010; x_wconf 87' lang='lat' dir='ltr'><strong>vocatus</strong></span> <span class='ocrx_word' id='word_1_296' title='bbox 1003 3947 1056 4008; x_wconf 90' lang='lat' dir='ltr'><strong>est</strong></span> <span class='ocrx_word' id='word_1_297' title='bbox 1071 3935 1208 4024; x_wconf 67' lang='lat' dir='ltr'><strong>nomer„</strong></span> 
     </span>
     <span class='ocr_line' id='line_1_38' title="bbox 90 4031 1208 4128; baseline 0.006 -31"><span class='ocrx_word' id='word_1_298' title='bbox 90 4033 130 4098; x_wconf 90' lang='lat' dir='ltr'><strong>mi</strong></span> <span class='ocrx_word' id='word_1_299' title='bbox 145 4031 241 4103; x_wconf 87' lang='lat' dir='ltr'><strong>irater</strong></span> <span class='ocrx_word' id='word_1_300' title='bbox 258 4055 340 4105; x_wconf 90' lang='lat' dir='ltr'><strong>suos</strong></span> <span class='ocrx_word' id='word_1_301' title='bbox 356 4031 555 4104; x_wconf 87' lang='lat' dir='ltr'><strong>Ludewicus</strong></span> <span class='ocrx_word' id='word_1_302' title='bbox 573 4034 641 4105; x_wconf 89' lang='lat' dir='ltr'><strong>dux</strong></span> <span class='ocrx_word' id='word_1_303' title='bbox 657 4033 813 4106; x_wconf 85' lang='lat' dir='ltr'><strong>Bawaria</strong></span> <span class='ocrx_word' id='word_1_304' title='bbox 834 4037 1012 4128; x_wconf 88' lang='lat' dir='ltr'><strong>superioris</strong></span> <span class='ocrx_word' id='word_1_305' title='bbox 1030 4044 1064 4104; x_wconf 92' lang='lat' dir='ltr'><strong>et</strong></span> <span class='ocrx_word' id='word_1_306' title='bbox 1080 4035 1208 4127; x_wconf 89' lang='lat' dir='ltr'><strong>primo-</strong></span> 
     </span>
     <span class='ocr_line' id='line_1_39' title="bbox 91 4129 1349 4227; baseline 0.007 -33"><span class='ocrx_word' id='word_1_307' title='bbox 91 4129 204 4214; x_wconf 83' lang='lat' dir='ltr'><strong>genitas</strong></span> <span class='ocrx_word' id='word_1_308' title='bbox 221 4129 340 4202; x_wconf 89' lang='lat' dir='ltr'><strong>ibidem</strong></span> <span class='ocrx_word' id='word_1_309' title='bbox 351 4133 452 4204; x_wconf 85' lang='lat' dir='ltr'><strong>cessit</strong></span> <span class='ocrx_word' id='word_1_310' title='bbox 468 4129 700 4203; x_wconf 88' lang='lat' dir='ltr'><strong>marchionatui</strong></span> <span class='ocrx_word' id='word_1_311' title='bbox 712 4131 753 4202; x_wconf 89' lang='lat' dir='ltr'><strong>de</strong></span> <span class='ocrx_word' id='word_1_312' title='bbox 764 4130 1208 4227; x_wconf 82' lang='lat' dir='ltr'><strong>consensuKaroliimpera·</strong></span> <span class='ocrx_word' id='word_1_313' title='bbox 1345 4163 1349 4173; x_wconf 96' lang='lat'>·</span> 
     </span>
    </p>
   </div>
   <div class='ocr_carea' id='block_1_7' title="bbox 121 4253 1021 4334">
    <p class='ocr_par' dir='ltr' id='par_1_7' title="bbox 121 4253 1021 4334">
     <span class='ocr_line' id='line_1_40' title="bbox 121 4253 1021 4334; baseline 0.009 -22"><span class='ocrx_word' id='word_1_314' title='bbox 121 4253 145 4323; x_wconf 89' lang='lat' dir='ltr'><strong>t)</strong></span> <span class='ocrx_word' id='word_1_315' title='bbox 157 4255 281 4334; x_wconf 67' lang='lat' dir='ltr'><strong>notger</strong></span> <span class='ocrx_word' id='word_1_316' title='bbox 295 4259 422 4330; x_wconf 76' lang='lat' dir='ltr'><strong>saxonia,</strong></span> <span class='ocrx_word' id='word_1_317' title='bbox 445 4259 477 4316; x_wconf 82' lang='lat' dir='ltr'><strong>da</strong></span> <span class='ocrx_word' id='word_1_318' title='bbox 492 4259 516 4315; x_wconf 83' lang='lat' dir='ltr'><strong>ia</strong></span> <span class='ocrx_word' id='word_1_319' title='bbox 531 4261 581 4316; x_wconf 84' lang='lat' dir='ltr'><strong>alle</strong></span> <span class='ocrx_word' id='word_1_320' title='bbox 594 4261 749 4320; x_wconf 80' lang='lat' dir='ltr'><strong>bamitrstea</strong></span> <span class='ocrx_word' id='word_1_321' title='bbox 763 4261 909 4320; x_wconf 82' lang='lat' dir='ltr'><strong>anwesead</strong></span> <span class='ocrx_word' id='word_1_322' title='bbox 921 4277 1021 4326; x_wconf 74' lang='lat' dir='ltr'><strong>waren</strong></span> 
     </span>
    </p>
   </div>
   <div class='ocr_carea' id='block_1_8' title="bbox 0 0 1503 4832">
    <p class='ocr_par' dir='ltr' id='par_1_8' title="bbox 0 0 1503 4832">
     <span class='ocr_line' id='line_1_41' title="bbox 0 0 1503 4832; baseline 0 0"><span class='ocrx_word' id='word_1_323' title='bbox 0 0 1503 4832; x_wconf 95' lang='lat' dir='ltr'><strong> </strong></span> 
     </span>
    </p>
   </div>
  </div>
 </body>
</html>
