2862 4820
263 235 335 308 644
433 229 611 290 MlllOlll'lAll
629 229 820 288 mensurati
839 230 947 288 GESTA
965 229 1207 289 montaudun.

265 417 299 482 et
313 407 438 500 Brixia,
456 405 590 481 Mantua
608 407 816 498 etFerraria,
832 405 981 480 Maenia
996 416 1030 478 et
1042 403 1359 494 Favential'iaoeuir

265 516 299 576 et
320 507 484 595 'lortonar
508 506 665 579 Vereelle
698 517 732 578 et
753 504 971 597 Alexandria,
996 502 1108 576 Gumis
1133 524 1208 575 oum
1228 499 1363 573 baadoet

263 601 419 677 Novaria.
472 600 554 676 Cum
572 607 768 699 imperatore
786 626 824 676 se
842 613 1018 676 tenuerunt
1033 602 1151 696 Papia,
1169 599 1318 672 Cremona
1338 609 1363 670 et
1411 605 1412 686 t

263 701 393 793 Parma
411 701 554 795 Regium
572 713 605 774 et
622 701 759 792 Matina,
778 701 984 776 marebiones
1008 700 1050 773 de
1073 697 1315 786 Monteferrato,
1333 693 1364 766 de
1411 727 1412 780 3

262 797 400 890 saluom
421 798 463 870 de
480 800 622 896 Garepto
645 811 679 873 et
702 799 867 874 Corradus
892 798 1036 872 marobio
1063 796 1264 892 Malaspina,
1285 794 1365 889 dmm

262 895 428 988 llstensis,
447 909 480 970 et
504 921 618 972 eomes
644 903 748 972 sanati
773 897 925 970 Bonifatii
949 896 990 968 de
1016 897 1163 968 Verona.
1197 892 1263 966 Sed
1286 891 1366 987 Otito
1411 927 1412 944 i

263 994 448 1092 Malaspina
466 1019 540 1069 oum
558 999 716 1070 sooiatate
734 1019 773 1071 se
792 999 894 1069 tenuit
910 993 1178 1068 lombardorum.
1212 990 1367 1085 Compita

263 1097 351 1166 aare
368 1092 431 1166 bao
447 1097 545 1186 igitur
568 1094 652 1168 faeta
671 1095 775 1170 semol
798 1098 964 1166 etiterum
981 1091 1144 1166 disoordia
1161 1112 1236 1164 orm
1253 1089 1367 1163 emata

239 1199 242 1204 “
264 1202 454 1265 renovatur.
482 1195 592 1281 Quare
609 1195 642 1265 in
660 1191 805 1266 secunda
816 1191 978 1266 disoordia
989 1189 1175 1283 Gregorius
1187 1189 1369 1283 papasoeie-

235 1303 238 1310 '
263 1299 329 1361 tate
357 1293 564 1384 ooniungitur
592 1313 665 1362 oum
695 1289 885 1364 lombardis
918 1300 952 1362 et
978 1299 1090 1362 oonba
1117 1285 1322 1360 Frederioum
1338 1303 1369 1354 ex

263 1387 371 1461 multis
397 1393 506 1462 causis
532 1399 676 1462 armatus
705 1410 782 1460 eum
806 1387 1021 1461 anathematis
1048 1407 1209 1460 mucrone
1236 1384 1370 1480 percussit

265 1483 378 1575 [1239
398 1497 489 1558 marn
507 1485 582 1578 20]
602 1497 635 1559 et
661 1485 859 1579 Gregorium
886 1485 927 1558 de
952 1484 1171 1577 Montelongo
1199 1481 1371 1576 legatumtu

262 1579 511 1676 Lombardiam,
538 1583 789 1677 Romagniolam
818 1596 852 1657 et
887 1583 1066 1656 marobiam
1092 1582 1289 1656 Trivisinam
1313 1599 1372 1649 mou

262 1683 360 1771 misit,
378 1693 413 1754 ut
428 1681 619 1756 lombardis
637 1685 811 1758 assisteret
828 1693 861 1754 et
876 1681 1035 1754 Friderioi
1052 1678 1228 1754 conatibus
1238 1675 1372 1750 obviaret.

311 1779 440 1852 Verum
457 1791 630 1876 antequam
648 1779 862 1853 anathematis
882 1779 1000 1854 luisset
1021 1799 1182 1852 mucrone
1206 1794 1372 1872 pereussos

261 1875 425 1952 Haurieus
448 1877 686 1973 primogenitus
713 1882 805 1970 eius,
830 1899 927 1973 quem
951 1886 1115 1970 genuerat
1143 1897 1193 1948 ax
1210 1873 1372 1948 Constama

261 1973 327 2047 lilia
347 1978 439 2068 regis
451 1974 662 2069 Aragonam
680 1999 755 2048 oum
771 1973 962 2050 lombardis
981 1975 1187 2069 oonspimvit
1209 1978 1244 2045 iu
1260 1983 1372 2066 patrem
1412 1985 1413 1994 ’

262 2069 325 2145 bao
341 2078 450 2168 utique
466 2078 611 2165 rationeq
636 2085 672 2146 ut
688 2073 815 2166 diuina,
833 2078 907 2170 quia
923 2095 997 2146 oum
1018 2071 1269 2146 liberalissimus
1292 2077 1374 2142 esset.

232 2252 236 2260 ¹
261 2176 403 2264 patarei
422 2175 579 2267 pecunias
598 2171 823 2245 habundanter
840 2193 907 2244 non
925 2169 1042 2261 datan
1063 2172 1148 2244 siout
1165 2172 1240 2244 eius
1262 2168 1372 2258 largitas

232 2353 236 2358 ¹
262 2268 458 2364 requirebat.
494 2270 591 2342 Pater
615 2293 699 2364 ergo
723 2273 963 2367 oonspiratione
991 2270 1187 2364 preooguita
1212 2267 1255 2340 de
1276 2261 1373 2360 Apulia

263 2389 323 2462 per
339 2368 498 2442 Venetas
515 2371 549 2440 in
566 2368 775 2442 Alamaniam
791 2372 864 2460 ivit,
881 2372 1028 2444 exercitu
1052 2367 1141 2438 nullo
1162 2364 1325 2452 saumas,
1344 2381 1375 2430 nt

262 2465 347 2540 forte
365 2465 485 2562 abquid
502 2470 725 2562 suspicaretur
742 2469 867 2556 aversi,
885 2491 925 2539 ae
941 2465 1117 2562 proditorie
1134 2463 1239 2536 lilium
1260 2457 1315 2536 sibi
1328 2481 1375 2532 re-

229 2569 235 2580 '
263 2564 449 2639 conciliavit
464 2568 498 2636 in
515 2569 653 2657 gratiam
671 2567 844 2660 ipsumque
862 2588 936 2638 oum
953 2561 1080 2637 duobus
1106 2566 1177 2636 suis
1195 2560 1290 2649 ulus,
1312 2575 1374 2652 quus

230 2671 235 2678 ’
263 2683 309 2734 ex
335 2661 399 2735 iilia
428 2662 520 2736 ducis
549 2663 685 2738 Austrie
702 2666 835 2736 nombre
853 2662 1032 2755 Margarita
1050 2670 1229 2753 genuerat,
1248 2661 1282 2730 iu
1295 2659 1374 2750 Apu·

262 2759 340 2831 liam
367 2782 481 2834 seeum
509 2760 601 2834 duxit
626 2771 660 2833 et
689 2758 844 2836 custodiri
870 2763 1036 2856 captivum
1062 2761 1096 2831 iu
1121 2755 1265 2854 quodam
1287 2751 1374 2828 siste

263 2867 372 2929 castro
398 2857 483 2930 lecit.
527 2859 588 2945 Qui
611 2857 785 2955 deeeptum
808 2869 842 2931 et
864 2857 1026 2954 prodimur
1052 2879 1072 2928 a
1117 2865 1192 2929 atre
1215 2876 1255 2929 se
1278 2849 1373 2926 videns
1413 2897 1414 2946 3

262 2957 465 3050 precipitem
483 2966 517 3028 ut
534 2956 631 3051 aliqui
647 2957 768 3047 terrant„
785 2955 828 3028 de
846 2968 954 3032 eastra
979 2977 1018 3030 se
1040 2877 1129 3027 deda
1151 2975 1194 3026 ao
1217 2953 1373 3048 precipita-
1413 2953 1414 2976 ²

262 3055 351 3125 tione
368 3074 407 3127 se
424 3052 553 3143 occidit,
570 3054 627 3127 vel
644 3066 679 3128 ut-
696 3057 749 3129 alii
762 3053 892 3150 quidam
906 3055 1028 3144 lerunt,
1039 3062 1132 3147 pater
1143 3072 1224 3123 eum
1236 3061 1373 3138 suange-

261 3149 322 3224 lari
340 3150 524 3241 mandavit3
549 3151 633 3226 lilios
650 3175 735 3250 vero
753 3156 838 3245 eius,
856 3157 909 3248 qud
926 3153 1019 3247 paeri
1037 3159 1148 3241 erant,
1180 3149 1292 3221 nutriri
1313 3143 1372 3215 ddi-

233 3253 457 3340 wgentissime
492 3248 632 3324 iaciebat
663 3273 767 3348 seque
793 3253 938 3324 domitari
963 3247 1161 3338 infantulos2
1201 3258 1372 3342 quoeunque

262 3349 336 3437 iret
355 3346 513 3421 edixerat.

311 3444 390 3518 Post
406 3443 469 3518 beo
485 3449 518 3518 in
535 3446 761 3520 lombardiam
779 3469 853 3521 eum
872 3447 1020 3521 exereitu
1036 3467 1159 3538 magno
1171 3445 1372 3516 uenbetouu

261 3539 564 3620 Mediolanensibus
584 3567 624 3620 se
643 3567 710 3618 non
726 3541 979 3620 observantibus
1004 3546 1096 3616 iuxta
1119 3552 1287 3632 castrum,
1307 3527 1371 3634 quud

261 3640 377 3714 dieitur
397 3639 598 3734 Cortonam,
616 3641 845 3720 assistentibus
864 3642 925 3718 sibi
946 3643 992 3714 Pa
1016 3641 1163 3717 iensibus
1193 3649 1228 3714 et
1254 3637 1370 3712 crem

260 3737 433 3831 mensibus,
451 3762 511 3814 eos
537 3741 697 3816 fallaciter
723 3740 902 3814 debellavit
928 3741 963 3832 [1
1018 3738 1143 3814 7nov.
1171 3737 1252 3828 271,
1277 3757 1316 3808 eu
1335 3731 1370 3800 eit

259 3835 1369 4032 tt'tttttttttttttttttttbtlttttttltt

261 4053 348 4105 mam
361 4037 489 4125 missa,¹
502 4035 889 4131 inoapitolioaRomanis
899 4035 941 4107 ad
952 4037 1367 4125 memanamestsuspeua

261 4127 314 4203 ubi
331 4131 410 4202 fecit
424 4135 601 4228 imperator
615 4133 703 4208 buno
718 4156 857 4210 versum
873 4136 966 4228 poni:

316 4247 345 4322 l)
364 4248 470 4310 arissam
489 4253 530 4312 bs.
