3036 4822
388 263 554 322 011110111οΑ
575 259 768 320 roansutou
787 259 985 318 sununstttti.
1182 257 1254 332 333

127 437 197 508 lieri
215 437 303 528 iecit
328 445 362 508 ut
379 439 482 510 claret
498 461 543 511 ex
560 437 673 510 metris
690 439 722 506 in
741 434 1000 508 circumferentia
1024 427 1172 500 eiusdem
1191 449 1254 500 oo-

125 555 208 606 rone
242 538 395 629 scriptis.¹
440 535 525 609 Obiit
557 555 644 606 anno
673 532 899 621 m.xxx.viiii.‚
933 532 975 601 iii.
1010 527 1083 600 idus
1113 523 1254 598 octobris

128 629 303 722 [oot.13].
341 634 653 707 Menaenorum:

226 751 376 824 Cernitur
395 741 432 822 in
458 749 566 821 medio
591 747 762 843 Seraphim
788 749 965 822 altissimus
991 745 1072 818 ordo

225 851 375 924 Eximius
402 852 529 937 meritoq
555 852 607 943 qui
633 846 779 940 presidet
803 846 887 918 altus
913 843 1063 940 Olympo.

226 949 287 1020 Est
313 943 488 1018 Cherubim
514 945 617 1018 dictus
647 945 848 1017 clarissimus
874 940 954 1015 ordo
981 938 1146 1016 secundus

227 1047 311 1118 llinc
336 1043 465 1136 angelis
492 1044 604 1116 similis
632 1045 813 1115 consistere
839 1039 953 1113 laude²
979 1039 1129 1112 tonantis.

226 1144 327 1216 Cetus
354 1152 387 1213 et
412 1141 595 1234 angelicus
622 1141 754 1236 reliquis
782 1143 902 1213 sanctis
930 1133 1143 1212 venerandus

228 1237 399 1314 Collaudat
424 1237 589 1310 dominum
615 1241 743 1334 propria
771 1235 891 1308 deitate
917 1245 1114 1332 respectum.

225 1337 420 1409 Formantur
446 1359 529 1408 vere
553 1347 628 1430 post
653 1337 728 1408 almi
753 1337 893 1430 quinque
919 1331 1090 1429 propheteq

226 1435 328 1532 Spem
355 1457 508 1526 magnam
534 1432 628 1507 nobis
654 1436 706 1529 qui
734 1433 908 1527 predixere
934 1433 1057 1505 salutis.

228 1533 313 1604 llinc
337 1535 417 1603 atn'o
443 1554 552 1602 coram
579 1531 750 1604 devotuml
777 1553 876 1603 cerne
902 1537 1064 1616 senatum,

228 1631 375 1726 Hospitio
401 1627 566 1700 dominum
592 1633 644 1726 qui
671 1651 752 1724 sepe
778 1632 902 1723 recepit
927 1623 1090 1698 alendum.

216 1724 313 1801 'Hinc
339 1725 509 1800 duodenus
536 1751 554 1797 n
579 1751 624 1798 ex
649 1749 734 1823 equo
760 1725 945 1799 discrimine
972 1721 1073 1796 iudex
1130 1730 1132 1738 ⁴

227 1823 379 1898 Secomit
405 1827 506 1900 iustos
533 1749 577 1894 ad
601 1829 715 1920 iniquis
743 1828 821 1918 igne
847 1819 1041 1896 cremandis.

228 1923 334 2016 Virgo
361 1921 412 1991 dei
439 1925 594 2014 genitrix„
621 1945 699 2016 spes
726 1920 849 2012 mundip
874 1921 993 2012 gloria„
1018 1920 1140 2006 nutrixq

227 2019 365 2092 Gemma
390 2017 554 2114 pudicitie5
580 2021 685 2112 regali
711 2027 786 2091 nuta
811 2017 942 2090 radicet

226 2119 298 2208 Que
323 2139 439 2212 regem
465 2141 583 2210 regum
609 2139 777 2210 generans
805 2114 865 2188 sub
891 2125 1039 2211 tempore
1064 2117 1176 2210 legum

229 2215 391 2308 Virgineo
417 2212 557 2287 verbum
581 2218 716 2311 portasti
741 2235 879 2308 corpore
905 2212 1048 2302 sacrumq

226 2310 317 2386 Istud
343 2336 409 2385 non
435 2335 591 2406 magnum
616 2310 791 2405 dignanter
817 2317 948 2406 suscipe
974 2309 1107 2402 donum,

229 2410 324 2503 Quod
350 2409 577 2504 Reginbaldus
604 2409 657 2482 tibi
682 2409 794 2505 presul
821 2409 923 2480 reddo
950 2407 1096 2484 misellus

148 2597 151 2606 Ι
229 2507 292 2581 Ριο
318 2519 527 2604 peecatorum
553 2507 739 2580 miseranda
767 2508 853 2579 mole
879 2527 1036 2580 meorum.

229 2605 302 2681 Non
329 2616 452 2679 tantum
478 2617 602 2701 presta
628 2615 782 2702 quiantum
808 2601 862 2678 tibi
888 2603 1015 2679 debitus
1042 2610 1167 2696 eusto⁴q

230 2703 370 2777 Munere
398 2701 456 2778 sed
483 2726 588 2798 parvo
615 2702 730 2776 videas
758 2726 811 2775 me
836 2701 943 2778 cordis
968 2707 1002 2774 in
1029 2729 1124 2796 arvo,

174 2897 175 2902 Ἰ
229 2801 290 2875 Est
314 2799 400 2897 quod
427 2800 515 2874 velle
542 2825 650 2874 meum
677 2800 731 2873 tibi
756 2802 829 2896 plus
856 2803 980 2875 donare
1007 2813 1163 2897 paratum.

229 2901 277 2972 Sit
302 2910 396 2995 pater
422 2909 574 2971 etratus
601 2922 688 2972 nuno
714 2897 797 2970 deus
824 2903 954 2996 spiritus
981 2901 1086 2974 almus

201 3005 204 3012 ’
228 2999 338 3094 Atque
356 2995 450 3086 ,dabit
476 3009 618 3070 ruentem
643 2999 739 3070 simrd
764 3006 797 3067 et
822 2997 996 3094 prolonget
1021 2999 1203 3092 agentem.⁵
1248 2995 1261 3033 ·’

177 3110 347 3208 Sigebodo
364 3111 608 3194 xnueoclesie
626 3112 801 3186 Nemetine
826 3117 999 3207 episeopus
1023 3113 1148 3188 resedit
1169 3117 1261 3189 inea

128 3215 224 3286 anuis
240 3215 290 3304 ui,
314 3212 386 3282 aliis
410 3231 546 3286 meuses
564 3214 607 3282 ui.
644 3209 799 3303 Sepultus
816 3209 913 3306 Spire
929 3213 962 3282 in
980 3210 1122 3304 ecclesia
1141 3221 1261 3284 sancte

128 3309 302 3386 Trinitatis
331 3307 494 3382 Henrious
511 3311 624 3380 tertius
635 3307 859 3392 Romanorum
876 3329 939 3379 rex
956 3317 989 3378 et
1007 3306 1174 3380 secundus
1184 3308 1261 3382 iia-

130 3429 301 3480 manorum
330 3409 525 3499 imperatore
552 3407 801 3499 cognominatus
829 3408 901 3500 pius
928 3405 1001 3492 aliis
1030 3408 1128 3481 etiam
1156 3404 1261 3481 dictus

129 3507 240 3596 niger,
265 3503 351 3578 iilius
376 3501 530 3592 Conradi„
552 3491 718 3596 predium6
735 3501 907 3576 Retenfcls
934 3525 1007 3576 orun
1034 3506 1103 3576 suis
1130 3525 1262 3598 appen-

130 3600 765 3696 diciisecolesieSpirensiiuproprium
784 3596 912 3672 tradidit
922 3622 1008 3674 anno
1019 3599 1140 3674 domini
1148 3599 1261 3678 mxli.

133 3697 241 3788 [1041
264 3701 328 3770 ἰιιιι.
348 3697 402 3793 6),
431 3707 465 3773 et
480 3707 595 3793 postea
621 3719 710 3784 apuu
725 3699 859 3772 inuri.
881 3697 994 3788 [1046
1012 3709 1094 3791 sept.
1114 3697 1156 3788 9]
1173 3719 1262 3770 conv

150 3851 165 3892 ·!
186 3846 215 3912 1)
235 3847 295 3902 lico.
312 3845 430 3928 ‘scriptis7
449 3832 494 3916 uin
510 3833 768 3926 scilicet:'Cornitur
787 3852 853 3900 ete*
870 3845 904 3910 2)
925 3845 1052 3925 llemling'
1064 3826 1223 3902 sesumm'e
1237 3843 1261 3897 d.

132 3918 256 3973 Biaclrdl’e
274 3933 299 3972 v.
313 3919 409 3989 Sperer
427 3917 456 3988 lp
469 3915 525 3989 213
541 3915 840 3990 apsetianensium
875 3916 906 3973 3l
925 3931 960 3978 so
973 3915 1188 3984 Rootluadiffl‘i·
1199 3913 1263 3975 :und

132 3989 189 4044 W.:
210 3989 280 4063 atriu
309 3989 406 4050 horum
426 3985 559 4063 devotus„
583 3983 614 4056 4)
626 3987 757 4050 ¹soavold
777 3985 874 4057 mehtig
892 3987 965 4057 lico,
982 3993 1042 4042 esto
1057 3984 1102 4051 W«
1116 3985 1170 4051 und
1185 3977 1264 4040 ilem-

130 4056 195 4129 llng.
214 4047 266 4130 3)
317 4045 483 4130 d'dlldnting
496 4059 555 4114 ‘der
572 4071 664 4126 verse,
684 4054 792 4114 wdlolre
808 4057 860 4112 roll
878 4059 939 4112 rsit
966 4051 1264 4126 angeiaogeridn'llce.

132 4130 314 4200 andwrigan
347 4130 469 4186 omri
487 4129 531 4198 ist,
547 4128 797 4189 ureadduauasa
836 4128 841 4138 “
900 4129 1147 4196 tuentiumnan
1183 4128 1264 4197 dJso

130 4201 218 4257 diurne
238 4139 372 4257 naoh'der
390 4201 448 4257 urlr.
467 4219 490 4254 ιι.
512 4200 577 4257 1041
600 4200 653 4256 iun.
673 4199 691 4253 6
710 4201 845 4269 (liemling
886 4237 887 4240 =
909 4243 914 4254 .
935 4199 1027 4280 1,,30)
1047 4215 1079 4256 zu
1102 4197 1265 4275 leseulseim

130 4273 177 4329 W.
197 4272 244 4328 hut
262 4273 362 4329 sedem.
1056 4290 1058 4296 ¹
1103 4281 1114 4286 ·’
