2960 4832
262 213 311 286 90
569 211 744 271 Romuleos
756 213 807 274 DE
821 212 1084 272 omssshuovutt.

177 393 247 451 9959
262 386 435 478 elegerant
451 390 624 482 antequam
634 409 697 466 rex
713 386 755 460 ad
770 389 861 482 ipsos
873 389 1012 460 veniret
1030 386 1116 460 Nam
1133 398 1402 482 prememoratum

261 495 467 579 premortuus
490 490 665 580 episcopus
687 485 794 556 luerat
815 485 916 557 frater
938 489 1143 580 imperatoris
1160 485 1319 574 Heinrioi,
1346 489 1403 579 qui

262 603 349 750 avuhs·
364 592 520 698 paternus
537 605 641 752 Ἓξ]
646 582 781 698 predicti
797 581 867 672 1999,
884 582 1050 751 uuderpipii
1073 584 1146 677 plus
1164 581 1319 751 dpimbonis
1339 606 1404 698 per⁸

171 831 174 836 .
262 681 1403 872 ἓ1989333ιῖοῶἛί9993951899,ιὲ9333339391393919393991119399991119931939

262 885 436 968 acceperat
458 899 477 946 a
500 885 594 970 putre
616 878 718 966 regis.
741 885 745 890 '
817 873 947 946 Deinde
970 878 1063 946 venit
1084 873 1217 964 lllethis7
1240 873 1404 968 aquibus

261 968 439 1045 honorilice
463 981 616 1067 receptus
633 971 700 1044 luit
726 971 887 1044 Ascendit
903 981 936 1043 99
959 971 1035 1043 inde
1052 972 1235 1061 hisacium
1252 982 1288 1044 et
1304 971 1351 1042 ibi
1369 975 1403 1042 in

260 1067 1402 1180 opidoKaiserspergsanctumpascha[apr.l3]peregitcumregina

263 1312 432 1401 (99999999
455 1273 596 1380 Karalus
616 1310 790 1400 hicpaucic
808 1314 894 1381 999999
908 1331 972 1400 per
994 1314 1194 1380 nativitatem
1213 1273 1345 1380 domiti
1374 1319 1406 1380 ct

360 1411 522 1495 99999999
539 1411 580 1478 dc
596 1407 700 1478 morta
714 1408 864 1479 liciorici
881 1409 1028 1498 episcopi
1041 1410 1226 1498 lllcpuntini
1238 1411 1402 1498 percepit.

186 1593 189 1598 ·
308 1559 391 1630 ltem
409 1579 495 1629 anno
508 1556 628 1629 domini
644 1559 822 1630 mcccliiii.
837 1558 978 1630 Karalus
989 1559 1212 1630 Romanorum
1223 1579 1291 1628 rex
1301 1555 1402 1630 huius

261 1660 400 1730 nominis
411 1665 544 1749 quamue
556 1653 633 1726 dum
643 1654 763 1726 domini
775 1660 977 1728 nativitatem
991 1652 1103 1747 [1353
1115 1655 1185 1726 dec.
1197 1654 1262 1742 25]
1275 1652 1403 1726 ibidem

258 1754 437 1846 hlaguncie
455 1751 678 1846 sollempniter
694 1756 895 1846 peregisseh
921 1751 1129 1847 presentibus
1146 1751 1403 1844 blaguntinensi

260 1852 461 1922 treverensi
480 1847 668 1921 Coloniensi
685 1849 938 1945 archiepiscopis
956 1861 990 1921 99
1004 1849 1147 1922 Rudolio
1164 1847 1249 1930 duce
1259 1848 1404 1920 Austris

259 1948 394 2020 filiastro
419 1967 480 2018 suo
504 1957 538 2018 99
560 1948 630 2018 91999
655 1947 763 2020 multis
787 1946 983 2042 principibus
1007 1945 1210 2019 secularibus
1229 1955 1264 2017 et
1281 1945 1403 2018 eccle-

146 2121 164 2128 „
231 2125 234 2132 ,
261 2048 413 2132 siasticis,
436 2047 583 2139 percepit
608 2067 697 2115 nova
722 2045 806 2138 quod
820 2045 1012 2136 ,1199999999
1028 2045 1104 2138 olim
1128 2042 1402 2138 archiepiscopus

260 2142 543 2233 11999999999999ἦ
566 2163 627 2236 per
648 2140 828 2212 Iohannem
850 2165 969 2236 papam
985 2144 1065 2214 xxii.
1090 2141 1166 2212 olim
1188 2143 1350 2234 provisus
1369 2149 1404 2210 99

259 2261 321 2335 per
329 2261 448 2333 papam
456 2237 660 2310 Clementem
673 2241 717 2309 vi.
732 2237 912 2332 depositus,
924 2242 1031 2311 carnis
1039 2242 1196 2312 universe
1204 2242 1295 2308 viam
1308 2248 1404 2310 99999

257 2340 432 2428 ingressus
461 2334 502 2426 [†
519 2335 615 2408 1353
633 2335 704 2406 dec.
723 2335 798 2426 tlt.
821 2336 875 2406 De
894 2358 962 2430 quo
984 2359 1048 2408 rex
1071 2345 1103 2407 99
1128 2339 1181 2410 sui
1204 2335 1402 2426 gaudebant

258 2437 332 2528 quia
350 2432 392 2504 ad
408 2435 601 2504 instanciam
615 2436 665 2505 999
682 2433 741 2503 luit
762 2433 942 2528 depositum
967 2442 1001 2504 99
1023 2443 1133 2504 tamen
1157 2443 1299 2526 excepta
1318 2432 1401 2505 1119-

259 2534 378 2621 gnmcia
389 2533 581 2602 9999999999
593 2531 736 2602 ecclesie
746 2529 944 2624 possidebat.
962 2530 1128 2624 Deinceps
1140 2529 1292 2601 (19999999
1303 2528 1400 2601 Ger·

257 2625 426 2698 lacbusde
437 2623 585 2698 Nassow
600 2631 754 2720 provisus
773 2650 834 2721 per
844 2626 1047 2699 Clementem
1061 2627 1198 2721 pacifice
1217 2627 1399 2698 ecclesiam

259 2721 485 2814 blaguntinam
508 2721 709 2816 possidebat,
733 2729 785 2818 qui
809 2735 885 2796 ante
908 2729 1040 2796 nominc
1053 2747 1123 2796 999
1139 2746 1177 2795 re
1195 2723 1399 2818 possidebat

261 2953 667 3044 Demortccrchieptcccpi
677 2957 883 3046 1999999999,
896 2960 1159 3044 decoronatione
1169 2959 1269 3026 tercie
1281 2959 1402 3026 999999

267 3083 302 3146 g
358 3055 501 3148 19999999Ι
514 3053 868 3150 1199999199999999999
883 3059 979 3144 repis.
1057 3145 1086 3154 ..
1199 3139 1204 3148 Ι

303 3202 390 3274 iun
406 3224 493 3274 anno
510 3203 574 3274 liiii.
594 3225 710 3275 mense
727 3206 873 3274 ianuario
894 3207 972 3294 [ian.
991 3203 1054 3293 21]
1074 3213 1222 3276 mortuus
1233 3215 1293 3276 cat
1303 3205 1400 3279 91191-

261 3299 417 3370 dewinus'
438 3295 705 3393 archiepiscopus
729 3301 948 3374 ll'revcronsis
972 3300 1073 3371 irater
1096 3304 1151 3372 avi
1173 3304 1266 3392 regis
1283 3301 1400 3376 1199919

261 3399 365 3489 quarti
374 3406 545 3489 postquam
557 3394 770 3488 quadraginta
782 3400 876 3470 99999
895 3409 928 3469 99
944 3398 1082 3491 amplius
1093 3396 1239 3491 predicte
1250 3400 1403 3490 presedit

255 3489 414 3565 ecclesie.
427 3490 500 3562 Sed
510 3513 573 3565 rex
582 3491 747 3586 predictus
759 3518 791 3565 v.
803 3493 876 3566 idus
888 3495 998 3588 aprilis
1008 3493 1135 3584 [19199]
1148 3517 1400 3574 suamuxorem

255 3587 531 3660 mechniafccu
539 3591 742 3683 Aquisgrani
760 3594 793 3661 in
810 3591 1191 3681 reginamllomanorum
1207 3593 1400 3685 999999199-

178 3701 181 3708 ’
259 3689 450 3781 episcopum
468 3680 699 3760 Colomensem
718 3691 876 3759 coronari.
900 3685 1074 3760 Attamen
1090 3710 1153 3760 rex
1169 3686 1312 3760 llarolus
1325 3713 1398 3763 uon

257 3783 413 3872 intenuit,
431 3786 505 3878 quia
523 3793 618 3856 antea
637 3788 740 3856 extitit
757 3796 931 3858 coronatum
942 3808 1017 3856 oum
1029 3786 1091 3856 alia
1109 3806 1214 3855 uxore
1233 3808 1294 3858 999
1307 3809 1400 3880 -pre-

257 3891 394 3956 mortua.
420 3878 463 3952 Et
477 3884 528 3955 sie
543 3884 605 3958 9999·
622 3881 681 3952 brit
699 3885 797 3954 tercia
814 3883 972 3974 legittinm
983 3904 1069 3954 uxor
1080 3885 1229 3976 9999999
1249 3883 1399 3976 quadra-

257 3982 425 4070 gesimum
435 4001 557 4050 annum
571 3989 652 4050 tuuc
664 3991 790 4072 ageret.
808 3978 861 4050 De
871 3979 1018 4074 predicto
1028 3989 1139 4050 autem
1149 3977 1399 4075 archiepiscopo

261 4075 453 4148 Trevirensi
472 4071 737 4170 suprascriptum
755 4085 807 4150 999
823 4079 856 4147 99
873 4077 1012 4171 capitulo
1029 4079 1133 4170 primo
1151 4080 1185 4148 in
1201 4081 1310 4168 gestis
1322 4083 1399 4152 anni

254 4171 342 4262 liiii,
360 4176 452 4248 99999
470 4176 567 4244 etiam
585 4185 681 4263 gesta
699 4173 751 4245 hic
768 4171 1004 4248 describuntur.
