2904 4822
334 243 845 302 nnnmcnsnnnmssmnomn
1134 249 1182 320 45

71 417 204 512 copalem
219 417 301 489 lieri.
319 417 414 506 Qnod
431 429 465 489 et
480 441 563 514 papa
581 422 756 508 concessit,
774 417 856 490 dans
868 415 928 489 sibi
939 416 1097 512 quosdam
1107 415 1184 489 anl-
1200 421 1269 480 ¹³4⁴

70 516 245 608 lraganeosp
270 520 325 612 qui
342 528 438 589 antea
462 515 696 612 archiepiscopi
712 516 977 609 Magantinensis
995 519 1183 606 extiterant,

71 625 98 683 nt
118 612 321 686 Olmocensis
344 613 657 686 Wrarislaviensist
680 613 821 708 Insuper
843 637 942 685 unam
959 613 1135 686 ecclesiam
1152 617 1185 684 in

69 709 281 782 kathedralem
304 716 410 784 erexit
433 717 565 784 nomine
582 711 893 804 Wissegradensis²
920 734 984 808 que
1008 711 1067 782 fuit
1089 721 1185 782 antea

68 807 233 900 Progensis
259 807 424 904 dyocesis.
443 811 622 902 Progensis
646 831 730 880 vero
754 809 895 881 ecclesia
919 812 1088 903 provincie
1105 805 1186 879 Ma-

68 910 262 996 gantinensis
285 908 363 977 olim
388 907 595 998 sullraganea
619 930 706 978 nunc
722 928 806 977 vero
829 906 1074 1000 adpetitionem
1096 908 1186 997 regis

67 1001 211 1074 Bohemie
229 1015 264 1074 et
281 1003 336 1074 lilii
354 1007 405 1076 sui
422 1003 556 1097 predicti
567 1005 651 1075 lacta
665 1014 716 1076 est
726 1026 787 1099 per
796 1026 915 1098 papam
926 1003 1130 1074 Clementem
1141 1005 1185 1074 vi.

67 1099 354 1195 archiepiscopalis7
372 1101 498 1174 faciens
515 1104 717 1196 provinciam
735 1125 809 1172 cnm
826 1101 926 1174 tribus
939 1105 1007 1172 suis
1019 1099 1187 1191 suffraga-

67 1201 144 1286 neis„
174 1220 240 1292 qne
271 1209 369 1270 antea
398 1199 557 1272 cumillis
581 1202 685 1270 extitit
715 1203 885 1293 pmvincie
911 1198 1186 1290 Magrmtinensis.

67 1293 126 1365 lliis
141 1298 243 1386 igitur
259 1294 400 1369 obtentis
412 1321 430 1368 a
442 1319 537 1392 papa„
555 1295 697 1367 llarolus
714 1296 878 1389 predictus
895 1308 969 1390 post
982 1295 1102 1367 festum
1112 1292 1187 1365 Ge-

67 1396 138 1483 orgii
157 1395 244 1487 [apr.
263 1392 327 1483 23]
347 1419 366 1465 a
385 1398 472 1466 curia
490 1393 627 1484 recedit
646 1404 679 1463 et
695 1398 787 1465 venit
796 1393 974 1483 Basileam
991 1391 1098 1488 ibique
1109 1413 1187 1463 mo-

66 1501 144 1562 ratnr
159 1513 269 1584 usqne
286 1490 327 1562 ad
345 1513 496 1564 mensem
513 1493 654 1582 angusti.
672 1490 722 1561 Eo
741 1502 849 1562 antem
866 1489 1045 1563 recedente
1063 1489 1105 1560 de
1122 1511 1187 1561 cn-

66 1589 106 1656 ria
122 1600 335 1660 recesserunt
352 1599 385 1659 et
407 1593 515 1660 nuncii
537 1587 673 1681 predicti
696 1587 864 1662 ludewici
889 1593 961 1660 sine
979 1587 1188 1683 expeditione

66 1705 82 1752 a
103 1707 191 1779 papa.
216 1685 260 1756 Et
276 1683 467 1756 dicebantur
489 1685 632 1779 impediti
648 1707 710 1778 per
726 1709 842 1778 regem
860 1685 1018 1757 Bohemie
1037 1696 1069 1756 et
1087 1684 1188 1755 lilium

67 1803 152 1853 snum
169 1782 328 1854 Karolum
345 1783 525 1878 predictum
542 1805 587 1853 ex
598 1805 638 1854 ea
650 1787 793 1854 maxime
803 1807 916 1873 cansaq
935 1782 1020 1878 qnod
1031 1805 1188 1873 margm-

66 1878 913 1973 riusBrandenbnrgensinfiliusLudewioipredieti
936 1877 1186 1952 absttderatfilio
1265 1967 1266 1970 Ἴ

65 1979 147 2066 regis
174 1975 335 2048 Bohemie
351 1977 487 2049 lohanni
513 1999 653 2048 uxorem
681 2001 775 2050 snam
801 2001 874 2049 cnm
899 1977 1187 2066 comitatnTiroliS‚

66 2093 196 2168 eamque
214 2073 333 2146 sibico
357 2076 458 2147 nlavit
475 2095 626 2163 uxorem
645 2072 767 2170 dequo
785 2099 883 2170 supra
895 2079 1047 2148 invenies
1059 2073 1188 2169 quando

66 2179 93 2239 et
108 2193 164 2241 cnr
181 2171 288 2243 ablata
306 2097 367 2246 sida
384 2195 469 2243 uxor
486 2183 519 2242 et
536 2176 705 2243 comitatus
722 2172 850 2244 luerint.
868 2171 1025 2244 Mirabilis
1039 2171 1188 2243 disiunc-

66 2269 103 2336 tio
120 2280 151 2339 et
168 2273 241 2342 sine
259 2273 330 2340 iure
348 2273 530 2342 coniunctio
548 2281 582 2342 et
598 2273 670 2342 sine
688 2274 786 2342 armis
805 2269 929 2342 ablacio
946 2267 1139 2342 tamnobilis
1157 2278 1190 2338 et

65 2360 148 2439 fortis
166 2370 337 2440 comitatus
355 2367 495 2440 inerunt.

66 2640 109 2710 lle
124 2641 212 2713 odila
228 2643 363 2714 Nicolai
379 2647 523 2734 epiceopi
542 2647 801 2734 comtontienata,
819 2653 852 2714 ct
866 2647 906 2715 dc
924 2647 1025 2734 ipatus
1037 2646 1188 2734 operibor

154 2746 316 2832 virtuosis,
334 2750 367 2811 ct
380 2746 420 2813 dc
437 2753 538 2814 naortc
554 2745 718 2832 Lappoldt
735 2745 827 2813 ducta
838 2745 966 2812 Ammo
983 2743 1188 2813 ctFridcrici

155 2839 274 2923 [sotira
289 2844 349 2909 aut.

108 2971 159 3042 De
182 2996 301 3046 mense
318 2985 425 3045 antem
450 2974 516 3045 iulii
539 2980 614 3046 anni
637 2973 771 3068 predicti
794 2975 947 3047 videlicet
967 2975 1067 3046 xliiii.
1085 2977 1118 3044 in
1136 2973 1188 3045 die

67 3074 163 3142 sancti
188 3070 298 3144 lacobi
332 3074 468 3166 apostoli
504 3075 574 3164 [iuli
601 3072 665 3162 25]
694 3075 828 3143 moritur
854 3072 1003 3144 dominus
1032 3069 1187 3142 Nicolaus

67 3173 235 3265 episeopus
254 3167 513 3244 Constantiensis
531 3181 625 3242 natus
637 3169 679 3240 de
690 3169 917 3259 Frowenven,
929 3169 1005 3239 dnm
1015 3165 1189 3261 presedis-

67 3276 113 3336 set
134 3271 229 3340 anms
257 3265 372 3338 decem
395 3266 563 3340 mensibus
581 3266 692 3338 tribus.
741 3267 909 3338 Predictus
927 3276 1036 3337 autem
1053 3267 1189 3358 episco-

67 3385 122 3454 pns
139 3387 225 3435 anno
249 3364 395 3458 predicto
419 3387 437 3434 a
455 3365 540 3437 festo
558 3367 733 3436 nativitatis
752 3363 870 3434 domini
889 3385 993 3458 usqne
1011 3363 1052 3434 ad
1070 3363 1189 3435 lesnrm

67 3465 165 3532 sancti
196 3459 305 3532 lacobi
340 3465 509 3553 errogavit
540 3459 738 3556 pauperihus
765 3461 916 3532 mdcolvii
949 3460 1075 3532 modios
1114 3460 1190 3532 sili-

68 3561 147 3646 ginis
159 3557 635 3632 etxllibrasGonstantienses.
653 3557 695 3629 Et
712 3569 783 3630 erat
800 3569 973 3630 tunctanta
985 3563 1113 3630 caristia
1124 3579 1189 3630 ns-

68 3677 125 3747 qne
142 3655 183 3724 ad
200 3656 341 3726 medinm
360 3660 449 3746 iunii„
467 3657 552 3751 qnod
562 3656 689 3727 modius
702 3657 839 3748 siliginis
851 3654 1056 3728 vendebatur
1066 3675 1189 3726 novem

68 3753 122 3822 sol.
141 3751 307 3824 Constant.
325 3753 416 3825 Idem
434 3758 538 3824 eciam
556 3758 730 3847 episcopus
754 3754 880 3845 regalia
898 3777 916 3824 a
933 3751 1112 3824 Ludewioo
1136 3755 1189 3845 qui

69 3869 103 3918 se
119 3871 179 3943 pro
187 3855 384 3944 imperatore
402 3850 539 3940 gerebat
555 3873 620 3922 non
630 3853 765 3944 recepit
784 3849 843 3922 sed
854 3855 887 3920 in
898 3849 1087 3920 obediencia
1105 3869 1189 3940 per-

69 3949 182 4016 mansit
201 3971 307 4042 usque
330 3948 370 4018 ad
395 3947 481 4018 diem
498 3947 603 4018 obitus
623 3951 683 4019 sni.
781 3946 902 4020 Mense
920 3957 1029 4016 antem
1047 3955 1188 4036 augusto

70 4048 196 4114 moritur
217 4045 286 4116 dnx
300 4044 479 4139 tammus,
504 4057 537 4116 et
558 4065 675 4117 mense
700 4043 884 4116 decembris
908 4041 985 4115 obiit
1001 4041 1188 4114 Fridericne

101 4187 128 4256 l)
146 4189 195 4246 Die
216 4193 359 4262 allerdings
384 4191 579 4262 beabsiclrtigte
597 4192 766 4260 abtrennung
784 4191 831 4246 des
852 4191 982 4246 bisthnms
1002 4189 1109 4246 Breslou
1129 4207 1182 4246 von

71 4257 169 4317 Gnecen
188 4263 245 4322 kam
263 4265 363 4322 damals
382 4265 452 4321 noclr
470 4265 542 4321 niclrt
560 4281 593 4320 nu
611 4263 713 4321 stando.
750 4263 781 4332 2)
799 4260 1008 4333 Wissgnitenais
1027 4261 1067 4316 hs.
