2982 4824
254 251 326 326 668
386 319 391 328 ¹
428 246 604 306 niteamus
623 247 815 307 monumen
834 249 941 306 GRSTd
959 247 1198 308 memiensis.

254 425 317 498 Die
334 425 433 518 im‘tur
456 426 588 520 augusti
603 422 697 496 xxvi.
717 423 770 496 die
785 427 935 516 venaris
959 427 1094 498 nansia
1117 447 1214 520 aqna,
1239 447 1305 520 que
1321 427 1388 500 Ri-

254 525 374 596 molina
399 523 527 613 dieitur,
552 521 768 617 pontibusque
793 521 980 612 destruatis,
1004 533 1040 594 ut
1061 525 1171 596 nuilus
1197 521 1240 594 de
1267 527 1337 598 suis
1354 531 1388 598 in

254 622 335 714 iuge
352 619 529 717 presidium
549 643 641 716 spem
659 619 807 710 haberet
826 620 886 692 sed
903 643 963 716 pro
975 625 1041 692 vita
1060 621 1186 692 fortiter
1201 625 1390 716 unusquis-

254 741 318 814 que
335 730 510 812 pugnaret,
534 717 689 791 ordinatis
715 717 817 792 tribus
843 718 991 810 aciebus
1014 722 1087 814 ipse
1114 717 1157 789 de
1201 722 1265 791 sito
1292 724 1390 812 regio

255 815 362 888 babitu
380 821 413 889 in
430 820 533 912 prima
552 819 623 888 aeia
639 837 718 890 esse
734 817 851 906 voluib
875 820 1012 912 stipatus
1029 816 1124 888 fortia
1144 819 1151 834 '
1174 838 1214 890 us
1233 817 1390 890 militibus

255 919 333 988 suis.
367 913 561 1009 Invaditque
591 917 713 1006 seiam,
739 917 772 985 in
797 937 860 1009 qua
884 917 1115 1009 imperatorem
1143 935 1225 987 esse
1250 913 1390 1005 sciebat,-

254 1009 470 1107 eogitansque
497 1015 570 1106 quia
589 1016 616 1084 si
639 1015 817 1108 imperator
840 1010 1062 1102 occumberet,
1086 1011 1225 1084 faciliter
1241 1015 1389 1086 anartium

253 1115 423 1183 netarium
447 1109 620 1199 obtineret,
646 1109 801 1183 sudaster
825 1114 972 1204 irrumpit
995 1109 1035 1180 ad
1061 1131 1137 1180 eum
1159 1111 1390 1205 interfecitque

254 1219 289 1281 ut
305 1201 473 1280 diruebatur
496 1229 628 1302 equum„
652 1211 703 1279 eui
726 1204 889 1281 insidebat
903 1212 1090 1302 imperator.
1116 1207 1184 1280 Sed
1209 1210 1391 1303 imperator

255 1317 390 1380 strenue
409 1309 442 1376 in
466 1307 564 1378 alium
590 1315 738 1401 parsurm
757 1303 817 1379 sibi
843 1327 962 1400 equium
987 1304 1147 1395 ascendit
1170 1326 1238 1377 nen
1263 1306 1390 1378 frustm

254 1407 374 1494 animoa
400 1413 436 1475 ut
452 1401 565 1496 sugam
588 1407 695 1493 iniret,
714 1403 774 1476 sed
792 1423 968 1492 aseensus,
984 1414 1020 1475 ut
1037 1403 1153 1476 fortius
1170 1401 1287 1476 hostes
1304 1425 1390 1498 pre-

254 1511 368 1574 meret.
386 1501 524 1590 Quidam
541 1511 650 1573 autam
666 1500 798 1592 nabilis,
816 1505 869 1596 qui
885 1521 1004 1593 regem
1016 1501 1153 1573 Buemie
1170 1499 1258 1571 bene
1272 1522 1389 1574 noue-

253 1611 305 1671 rat
315 1603 390 1672 etin
400 1621 519 1671 neeem
535 1603 638 1694 ipsius
649 1598 868 1672 uehementer
885 1596 1033 1687 ardebat,
1051 1601 1125 1693 quia
1141 1609 1271 1694 patrem
1288 1621 1387 1672 suurn

253 1706 452 1793 peremerat,
469 1719 586 1789 regem
601 1701 634 1768 in
647 1701 777 1791 pn'vato
791 1694 901 1768 babitu
917 1717 1177 1788 reeegnoseens,
1195 1697 1293 1768 claua
1310 1717 1389 1768 eum

253 1799 409 1891 incapite
430 1793 625 1868 tam-valide
647 1799 822 1889 persuasit,
847 1794 933 1889 qnod
956 1794 1087 1886 galeam
1111 1797 1182 1866 aius
1206 1794 1327 1866 deiecit
1344 1792 1389 1864 de

254 1896 360 1989 eapite
377 1897 549 1988 ipsumque
567 1891 776 1965 manifestum
793 1893 913 1965 fastum
930 1895 1077 1986 peremit.
1106 1891 1248 1963 Duravit
1265 1889 1387 1963 beilum

253 1999 402 2085 tempore
417 2000 518 2078 tantm
542 1989 628 2084 quod
654 1987 751 2061 homo
769 1998 884 2085 posset
899 2011 961 2084 per
977 1988 1092 2061 desem
1110 1989 1246 2061 miliaria
1264 1987 1388 2060 ambu-

253 2090 334 2160 lare.
366 2087 544 2180 Divulgata
563 2091 663 2180 igitur
679 2097 784 2158 morte
801 2090 893 2179 regis
910 2109 972 2181 per
988 2090 1169 2159 exereitum
1185 2085 1387 2158 Bnemerum

253 2185 385 2258 tandem
409 2185 523 2257 Boemi
550 2185 663 2278 fugam
692 2187 853 2279 aeaipiunt
880 2183 1127 2279 insequentibus
1154 2205 1214 2257 eos
1241 2187 1388 2256 maxime
1481 2229 1482 2264 r

255 2283 411 2357 Cumanis
423 2295 456 2356 et
468 2283 628 2376 Ungaris,
646 2287 698 2377 qui
709 2287 799 2378 prins
813 2285 913 2355 territi
926 2279 1129 2354 multitudine
1146 2281 1288 2354 hostium
1306 2281 1389 2373 fuge

252 2381 397 2476 presidia
423 2403 461 2453 se
485 2380 653 2453 dederant.
682 2381 867 2473 -Vulgatum
890 2390 959 2468 est,
982 2377 1068 2473 qued
1092 2379 1165 2450 iere
1189 2383 1284 2452 tertia
1309 2401 1388 2476 pars
1481 2375 1482 2454 Ϊ

252 2479 450 2550 Beemurum
474 2483 569 2573 periit
592 2480 649 2550 uel
672 2483 780 2551 eedsa
802 2477 913 2570 gladio
937 2477 995 2549 vel
1017 2480 1050 2547 in
1075 2477 1177 2549 fluvio
1202 2474 1386 2550 submersa.

253 2577 326 2648 Hee
352 2575 494 2672 predicta
522 2575 616 2648 retuli
641 2581 724 2648 sieut
741 2597 787 2648 ex
803 2574 1005 2671 quorundam
1029 2584 1248 2647 mercatorum
1272 2575 1387 2646 litteris

253 2673 296 2744 de
313 2673 442 2745 Vienna
469 2676 579 2746 missis
595 2677 628 2744 in
648 2674 799 2746 Tusciam
824 2672 931 2762 didici,
956 2673 1013 2744 vel
1031 2695 1051 2742 a
1069 2675 1199 2764 magnis
1216 2675 1315 2762 viris,
1333 2674 1387 2765 qui

253 2772 357 2865 prelio
373 2772 600 2861 interfuerant,
623 2769 832 2844 venientibus
849 2769 891 2841 ad
908 2773 1031 2842 auriam
1050 2769 1235 2842 Romanam
1254 2781 1385 2842 narrata

252 2873 396 2963 pereepi.
423 2868 561 2941 Litteras
576 2889 672 2958 verea
689 2891 770 2963 quas
788 2867 874 2940 idem
885 2869 1062 2962 imperator
1078 2871 1164 2939 misit
1174 2865 1386 2954 Florentiam,

154 3039 159 3050 ,
253 2969 426 3038 ueritatem
447 2965 596 3039 modeste
624 2964 720 3039 huius
738 2969 875 3039 victorie
897 2963 1115 3054 notificantes„
1142 2964 1204 3037 biis
1233 2961 1387 3036 subieere

253 3062 389 3155 dignum
407 3061 504 3137 duni:

302 3159 462 3248 liudulfus
472 3166 526 3233 dei
534 3168 649 3254 qratia
658 3166 878 3235 Romanarum
888 3182 957 3252 reu,
973 3181 1101 3252 semper
1113 3171 1281 3252 uuyasbea.
1299 3163 1385 3232 Pru-

254 3261 405 3331 uambae
419 3265 499 3332 uiris
517 3314 523 3329 .
542 3316 549 3331 .
564 3267 725 3352 pomini,
747 3265 909 3333 summum
925 3281 968 3330 ue
984 3264 1144 3331 amberras
1160 3261 1286 3330 ciuibus
1303 3263 1387 3330 eiai-

253 3363 330 3428 tutts
346 3359 516 3450 Florentia,
540 3361 667 3430 meua
682 3365 750 3431 acis
765 3361 923 3447 fidelibus,
948 3363 1093 3450 nummus
1109 3377 1205 3428 mam
1221 3367 1255 3428 et
1269 3359 1387 3428 bonum

254 3459 457 3527 uoluntatem.
502 3459 590 3546 Qum
619 3458 805 3542 fortunatus
829 3465 862 3528 at
880 3475 1059 3546 prosperos
1083 3463 1192 3526 nosue
1219 3455 1388 3540 satietate

254 3562 383 3624 mentm
398 3573 455 3625 uos
472 3563 628 3643 unquam
642 3559 752 3639 uidetis
773 3559 904 3644 imperit
918 3554 1077 3625 salemum
1094 3557 1235 3624 dabam
1250 3557 1387 3624 undae:

254 3671 329 3722 aeae
346 3656 436 3740 quud
450 3655 541 3724 vobis
552 3657 601 3724 ed
614 3658 846 3724 inerenuntum
860 3655 978 3742 quudii
992 3655 1144 3722 dussimus
1160 3653 1384 3733 indumentum,

255 3754 417 3837 quonum
433 3753 584 3822 videlieet
597 3771 657 3820 rsus
673 3755 791 3822 nauus
809 3761 938 3822 etroeas
948 3751 1221 3838 etobprebriosas
1237 3751 1385 3834 inierim,

255 3867 339 3936 quus
358 3852 523 3946 mendum
544 3849 683 3920 oureus
707 3869 769 3919 res
784 3852 978 3920 Bassianum
999 3849 1135 3918 maenas
1160 3855 1281 3917 temere
1297 3850 1386 3916 iura-

254 3949 352 4036 uerit,
377 3951 535 4018 waimero
552 3950 674 4018 diutius
690 3967 757 4017 neu
772 3951 922 4036 umentes,
948 3951 1061 4035 mmm,
1088 3949 1145 4034 qui
1161 3963 1235 4014 oraru
1252 3948 1387 4033 cautem

254 4046 374 4113 mitius
390 4053 514 4117 umam
530 4045 658 4116 Auente
677 4045 878 4134 mbinnuuit,
902 4046 1080 4115 masenius
1095 4051 1128 4114 et
1142 4061 1216 4112 eam
1236 4061 1279 4113 aa
1304 4059 1386 4112 eun-

253 4141 377 4226 lttetum
393 4141 565 4216 babdutam
587 4143 646 4214 attb
661 4155 721 4232 ape
746 4135 850 4214 diuini
862 4145 1012 4232 presidii.
1039 4142 1207 4230 Siquidem
1224 4143 1312 4212 idest
1327 4156 1387 4209 rar

257 4237 450 4310 Remmium
461 4243 619 4310 maudein
637 4242 789 4326 emliietu
799 4243 950 4310 oembutt
964 4249 996 4310 et
1011 4259 1083 4310 mm
1096 4259 1134 4308 eo
1152 4243 1248 4328 reyes·
1257 4239 1385 4308 Boemie
