3036 4822
284 267 357 341 386
394 261 739 324 aaaoorornoaeorm
751 261 1307 322 mammaemammncmmma

198 451 269 510 totto
284 439 415 514 domino
432 441 637 514 'lieverensi
653 439 857 533 Wernharo,
881 440 1002 514 domno
1018 439 1103 514 duee
1121 437 1165 512 de
1179 439 1337 514 Bawario
1352 459 1414 514 eo·

281 541 361 614 mite
378 537 525 612 Palatino
543 549 576 610 et
593 537 778 612 emamus
794 537 1029 614 Rhenensibuo
1046 549 1198 634 potenter
1214 537 1274 612 fuit
1290 535 1415 612 obseo-

282 657 357 710 oum
374 647 409 708 et
426 640 460 708 in
478 638 591 728 vigilia
609 635 715 710 diario
732 635 932 729 Magdalene
958 639 1028 727 [iul.
1046 635 1110 729 21]
1135 647 1266 731 eapmm
1290 647 1327 707 et
1349 656 1415 710 ex·

282 745 473 830 pugnatam.
509 734 549 808 lo
565 757 629 828 quo
655 734 996 830 duodequinquaginto
1021 734 1171 807 homines
1188 741 1266 806 sont
1282 738 1369 828 oopu'
1385 743 1416 804 et

282 829 418 922 datemi
435 835 612 924 intorques
630 835 758 905 nonnisi
777 833 1072 927 quinquennum,
1090 835 1144 926 qui
1156 853 1223 906 noo
1237 832 1416 918 mooted,

280 932 384 1000 aeteri
401 933 494 1024 quasi
511 949 629 1002 omnes
647 929 787 1004 tetoliter
803 941 936 1024 propter
950 931 1079 1004 virilem
1097 931 1320 1002 resistentia·
1337 927 1417 1000 iae·

280 1036 357 1098 mot
369 1027 541 1100 adnomti.
567 1025 605 1098 ln
622 1026 741 1098 eadem
758 1030 944 1122 captivitate
961 1027 1020 1100 ioit
1036 1025 1132 1100 miles
1143 1026 1185 1100 de
1198 1023 1419 1116 Gronenborg

280 1125 413 1196 nomino
430 1123 653 1198 nortmannus
670 1128 789 1215 ioniam
811 1128 866 1220 qui
884 1123 1025 1198 eandem
1042 1122 1246 1198 obsidionem
1267 1125 1416 1216 primitae

125 1273 132 1288 .
280 1225 432 1294 oousovit
453 1234 587 1316 propter
609 1221 877 1316 depredationem
893 1223 1058 1294 hominum
1076 1245 1137 1318 per
1158 1226 1267 1316 ipsam
1284 1231 1320 1292 et
1337 1239 1416 1295 suos

279 1319 459 1490 aem
682 1415 1018 1507 n<
1034 1327 1416 1508 aaa)

263 1501 267 1510 .
431 1436 521 1511 ‚sep
595 1437 709 1511 mque
816 1439 946 1489 ao.
1015 1439 1081 1488 ew
1217 1472 1223 1487 .

328 1512 430 1586 Anao
453 1519 644 1608 presignato
669 1517 782 1608 spirito
805 1515 951 1607 maligno
976 1537 1093 1588 semen
1115 1537 1211 1588 soom
1227 1516 1416 1588 seminante

278 1613 364 1682 inter
380 1613 571 1706 episeopum
582 1610 858 1706 Herbipoiensem
877 1623 911 1684 ot
929 1615 1095 1686 eimtomm
1104 1609 1309 1706 Herhipolim
1327 1621 1414 1682 anm

278 1717 349 1779 orte
376 1719 430 1782 ost
452 1712 699 1800 mommoreto,
723 1708 809 1802 maed
832 1730 963 1799 omnes,
987 1721 1052 1782 am
1078 1710 1216 1781 elerioos
1240 1707 1414 1782 mantne

210 1875 212 1882 ,
279 1827 377 1898 ῳιιιιιι
399 1805 576 1897 religiosos
595 1825 615 1877 a
632 1827 692 1880 saa
711 1808 854 1898 aivimte,
878 1810 987 1880 omnia
1010 1811 1158 1901 ipsoram
1174 1807 1209 1878 vi
1231 1807 1413 1900 rapientes,

279 1902 508 1996 oxptdoamnt,
534 1905 710 1996 eollegiam
727 1903 828 1995 Haog
850 1903 995 1978 funditus
1012 1903 1259 1992 daea-arerent,
1285 1906 1321 1974 in
1339 1903 1413 1974 eol-

278 1998 377 2091 legiis
395 2009 429 2071 et
444 2002 596 2075 eeclesiis
615 2001 715 2075 sedes
732 2001 937 2072 dominorum
954 2005 1024 2093 igni
1041 2000 1308 2089 combusserant,
1328 1997 1412 2070 ton·

277 2098 438 2267 itio
464 2102 1063 2270 tottioifflivttiii
1085 2101 1163 2212 ⁰⁰⁰⁰
1184 2097 1414 2268 diffidi

279 2291 432 2384 quamdiu
448 2291 513 2366 boe
528 2293 649 2366 mamm
664 2304 717 2366 ost
733 2290 802 2366 sob-
811 2297 945 2366 mitione
961 2217 1205 2388 tmiufflffi
1223 2302 1313 2380 sant,
1330 2311 1413 2363 oes-

278 2400 374 2462 sonte
391 2411 476 2462 vera
492 2394 717 2484 propinatione
734 2389 832 2462 divisi
849 2401 926 2464 sunt
941 2389 982 2462 ob
1001 2389 1128 2462 eadem.
1145 2389 1413 2480 (sconaowe)

330 2485 458 2578 [1400]
484 2485 541 2559 Ex
572 2499 648 2582 post
674 2487 791 2558 eodem
821 2510 908 2560 anno
935 2488 1062 2560 daoima
1091 2485 1146 2558 die
1173 2491 1300 2560 mensis
1328 2507 1412 2580 oop-
1502 2575 1503 2580 Ἰ

278 2583 414 2658 temhrie
428 2608 495 2656 mex
504 2583 728 2658 Romanorum
741 2585 810 2656 dux
820 2580 988 2679 Repertus
1006 2607 1081 2657 aum
1097 2583 1296 2678 prineipibam
1315 2585 1412 2656 eleo-
1502 2669 1503 2678 ἵ

276 2679 415 2772 ιοιιῑιιιε,
443 2681 599 2756 videlieet
625 2681 745 2754 domno
767 2680 915 2754 Iohanne
938 2681 981 2754 do
1003 2681 1137 2756 Nesaea
1163 2680 1412 2776 arehiepiseopo
1502 2729 1503 2770 3

276 2777 485 2871 mogontina
512 2778 633 2852 domno
649 2777 841 2852 Wamhero
865 2778 1110 2874 amhiepisoopo
1136 2780 1357 2870 'lievorenoi
1380 2785 1412 2848 et

277 2875 399 2964 domna
415 2875 581 2948 Friderico
606 2876 852 2971 arehiepisoopo
871 2876 1074 2966 Coloniensi,
1099 2875 1283 2950 menodoro
1306 2877 1411 2972 patrie

277 2972 549 3046 eonsuetudinem
566 2995 627 3067 per
643 2997 709 3046 sex
724 2971 926 3046 ebdomadas
936 2985 1048 3046 attres
1060 2973 1131 3047 dies
1142 2973 1410 3046 Froooofordiom

276 3079 428 3166 mentor
444 3069 580 3144 obsedit.
614 3070 738 3159 Qm'bus
757 3070 853 3142 initis
871 3074 964 3144 aives
983 3071 1091 3142 eidem
1107 3093 1225 3145 amoos
1242 3069 1306 3144 sibi
1323 3069 1410 3145 obe·
1501 3153 1502 3156 Ἴ

277 3167 430 3242 diaetam
454 3179 489 3240 ut
511 3169 735 3241 Romanorum
756 3171 832 3259 regi
857 3168 1016 3240 fecerant.
1058 3167 1113 3240 Ex
1137 3181 1213 3264 post
1234 3168 1409 3242 mter-vetto

277 3265 405 3338 modiao
421 3264 592 3338 interiecto
610 3265 719 3340 oleras
729 3266 944 3356 Maguno'nus
962 3289 1037 3338 eam
1053 3264 1181 3338 nivibus
1197 3270 1307 3360 ipsam
1325 3287 1408 3360 gro·

276 3372 384 3436 tantm
401 3372 435 3433 et
449 3361 606 3436 benivole
622 3367 656 3434 in
672 3385 789 3456 regem
805 3373 1015 3457 receperant,
1043 3373 1078 3434 et
1093 3366 1143 3436 sio
1164 3385 1205 3436 eo

277 3481 393 3534 omnes
411 3464 561 3534 eivitatos
579 3462 664 3532 Rani
681 3459 882 3554 imperiales
906 3460 1062 3534 videlieet
1077 3460 1276 3552 wormatia,
1300 3461 1405 3556 Spina

276 3557 464 3650 organon
482 3568 517 3629 et
534 3561 583 3630 sia
599 3558 641 3630 de
659 3559 809 3650 singulis
836 3558 986 3646 (Sedaad
996 3561 1092 3652 410.)
1236 3596 1240 3604 ·
1500 3581 1501 3644 ξ

328 3655 457 3746 [1404]
477 3655 605 3726 Eodem
628 3667 776 3750 tempore
794 3667 828 3726 et
845 3677 932 3728 anno
949 3663 1024 3750 post
1039 3657 1213 3730 recessum
1230 3658 1324 3748 rogis
1340 3655 1403 3728 do·
1500 3649 1501 3682 ⁰

276 3755 384 3828 minus
400 3750 565 3826 lohannes
582 3753 628 3824 do
643 3752 776 3826 Nesseo
793 3752 903 3826 noae
926 3755 1058 3846 isooqos
1074 3752 1290 3846 Magantims
1307 3751 1402 3826 lond·

275 3854 429 3944 gradum
447 3848 606 3955 diffidavit
625 3861 761 3946 propter
775 3851 876 3924 molto
898 3775 1052 3945 dampna,
1079 3873 1142 3946 qao
1167 3851 1312 3924 aedesio
1327 3847 1402 3922 No-

275 3952 413 4041 guntioe
441 3959 553 4026 oontm
587 3951 740 4024 iustitiam
768 3948 882 4020 intulit.
927 3949 1000 4035 Qua
1034 3947 1190 4022 diffidatio
1242 3969 1281 4020 ar
1307 3947 1401 4023 molto
1499 3975 1500 4038 ς

234 4053 237 4058 ’
275 4053 424 4142 tompora
434 4056 469 4120 at
477 4046 578 4140 longa
589 4045 728 4120 duravit
755 4044 799 4118 Et
808 4055 945 4140 aterque
956 4045 1097 4126 derisos
1108 4043 1235 4119 sibime
1302 4049 1402 4118 'ootos

330 4193 359 4264 i)
378 4195 495 4255 oetam:
515 4193 725 4268 propigoonmt3
750 4193 831 4253 sollte
848 4193 981 4250 vielleiaht
997 4193 1225 4322 propigoermont
1241 4181 1337 4252 oot'o
1354 4190 1403 4246 dor

275 4265 389 4326 aweiteo
409 4265 591 4340 miletenae
606 4266 845 4346 propigoerotiooo
864 4281 896 4324 aa
916 4265 989 4324 toooo
1007 4281 1038 4322 oo
