<?xml version="1.0" encoding="UTF-8"?>
<!DOCTYPE html PUBLIC "-//W3C//DTD XHTML 1.0 Transitional//EN"
    "http://www.w3.org/TR/xhtml1/DTD/xhtml1-transitional.dtd">
<html xmlns="http://www.w3.org/1999/xhtml" xml:lang="en" lang="en">
 <head>
  <title>
</title>
<meta http-equiv="Content-Type" content="text/html;charset=utf-8" />
  <meta name='ocr-system' content='tesseract 3.04.00' />
  <meta name='ocr-capabilities' content='ocr_page ocr_carea ocr_par ocr_line ocrx_word'/>
</head>
<body>
  <div class='ocr_page' id='page_1' title='image "./fontesrerumgerm01hubegoog_0199.png"; bbox 0 0 2882 4818; ppageno 0'>
   <div class='ocr_carea' id='block_1_1' title="bbox 250 187 1073 265">
    <p class='ocr_par' dir='ltr' id='par_1_1' title="bbox 250 187 1073 265">
     <span class='ocr_line' id='line_1_1' title="bbox 250 187 1073 265; baseline -0.007 -15"><span class='ocrx_word' id='word_1_1' title='bbox 250 191 321 265; x_wconf 76' lang='lat'>122</span> <span class='ocrx_word' id='word_1_2' title='bbox 563 189 737 248; x_wconf 68' lang='lat' dir='ltr'>domnicius</span> <span class='ocrx_word' id='word_1_3' title='bbox 751 189 796 246; x_wconf 76' lang='lat' dir='ltr'>llll</span> <span class='ocrx_word' id='word_1_4' title='bbox 810 187 1073 248; x_wconf 80' lang='lat' dir='ltr'>bfflsstttttlovtttt.</span> 
     </span>
    </p>
   </div>
   <div class='ocr_carea' id='block_1_2' title="bbox 252 403 1394 572">
    <p class='ocr_par' dir='ltr' id='par_1_2' title="bbox 252 403 1394 572">
     <span class='ocr_line' id='line_1_2' title="bbox 252 403 1394 497; baseline -0.004 -21"><span class='ocrx_word' id='word_1_5' title='bbox 252 407 350 497; x_wconf 78' lang='lat' dir='ltr'>Qrtod</span> <span class='ocrx_word' id='word_1_6' title='bbox 374 405 539 495; x_wconf 78' lang='lat' dir='ltr'>rubipiacs</span> <span class='ocrx_word' id='word_1_7' title='bbox 562 403 604 473; x_wconf 84' lang='lat' dir='ltr'>dc</span> <span class='ocrx_word' id='word_1_8' title='bbox 626 410 717 471; x_wconf 79' lang='lat' dir='ltr'>terra</span> <span class='ocrx_word' id='word_1_9' title='bbox 733 405 943 474; x_wconf 78' lang='lat' dir='ltr'>ascendentes</span> <span class='ocrx_word' id='word_1_10' title='bbox 967 406 1001 471; x_wconf 84' lang='lat' dir='ltr'>ia</span> <span class='ocrx_word' id='word_1_11' title='bbox 1024 421 1134 472; x_wconf 82' lang='lat' dir='ltr'>ocrem</span> <span class='ocrx_word' id='word_1_12' title='bbox 1151 405 1193 472; x_wconf 80' lang='lat' dir='ltr'>dc</span> <span class='ocrx_word' id='word_1_13' title='bbox 1210 411 1308 472; x_wconf 78' lang='lat' dir='ltr'>nocte</span> <span class='ocrx_word' id='word_1_14' title='bbox 1327 407 1394 472; x_wconf 81' lang='lat' dir='ltr'>eise</span> 
     </span>
     <span class='ocr_line' id='line_1_3' title="bbox 347 509 427 572; baseline -0.013 0"><span class='ocrx_word' id='word_1_15' title='bbox 347 509 427 572; x_wconf 72' lang='lat' dir='ltr'>mot.</span> 
     </span>
    </p>
   </div>
   <div class='ocr_carea' id='block_1_3' title="bbox 164 633 1395 1003">
    <p class='ocr_par' dir='ltr' id='par_1_3' title="bbox 164 633 1395 1003">
     <span class='ocr_line' id='line_1_4' title="bbox 164 633 1395 726; baseline -0.002 -20"><span class='ocrx_word' id='word_1_16' title='bbox 164 665 233 723; x_wconf 69' lang='lat'>1301</span> <span class='ocrx_word' id='word_1_17' title='bbox 297 633 379 708; x_wconf 88' lang='lat' dir='ltr'>ltem</span> <span class='ocrx_word' id='word_1_18' title='bbox 395 640 429 706; x_wconf 93' lang='lat' dir='ltr'>in</span> <span class='ocrx_word' id='word_1_19' title='bbox 446 635 612 708; x_wconf 82' lang='lat' dir='ltr'>februario</span> <span class='ocrx_word' id='word_1_20' title='bbox 630 640 685 710; x_wconf 86' lang='lat' dir='ltr'>vii.</span> <span class='ocrx_word' id='word_1_21' title='bbox 702 637 776 708; x_wconf 92' lang='lat' dir='ltr'>idus</span> <span class='ocrx_word' id='word_1_22' title='bbox 800 635 949 708; x_wconf 89' lang='lat' dir='ltr'>eiusdem</span> <span class='ocrx_word' id='word_1_23' title='bbox 972 634 1111 722; x_wconf 69' lang='lat' dir='ltr'>mensis,</span> <span class='ocrx_word' id='word_1_24' title='bbox 1134 635 1251 726; x_wconf 82' lang='lat' dir='ltr'>inquo</span> <span class='ocrx_word' id='word_1_25' title='bbox 1270 656 1395 706; x_wconf 87' lang='lat' dir='ltr'>mense</span> 
     </span>
     <span class='ocr_line' id='line_1_5' title="bbox 249 729 1392 826; baseline -0.004 -21"><span class='ocrx_word' id='word_1_26' title='bbox 249 737 346 806; x_wconf 89' lang='lat' dir='ltr'>etiam</span> <span class='ocrx_word' id='word_1_27' title='bbox 364 732 406 805; x_wconf 92' lang='lat' dir='ltr'>de</span> <span class='ocrx_word' id='word_1_28' title='bbox 423 745 520 806; x_wconf 91' lang='lat' dir='ltr'>nocte</span> <span class='ocrx_word' id='word_1_29' title='bbox 538 738 613 807; x_wconf 88' lang='lat' dir='ltr'>vise</span> <span class='ocrx_word' id='word_1_30' title='bbox 636 743 713 808; x_wconf 85' lang='lat' dir='ltr'>sunt</span> <span class='ocrx_word' id='word_1_31' title='bbox 734 731 904 826; x_wconf 83' lang='lat' dir='ltr'>rubigines</span> <span class='ocrx_word' id='word_1_32' title='bbox 929 730 1150 804; x_wconf 87' lang='lat' dir='ltr'>ascendentes</span> <span class='ocrx_word' id='word_1_33' title='bbox 1172 729 1215 800; x_wconf 91' lang='lat' dir='ltr'>de</span> <span class='ocrx_word' id='word_1_34' title='bbox 1239 741 1332 802; x_wconf 87' lang='lat' dir='ltr'>terra</span> <span class='ocrx_word' id='word_1_35' title='bbox 1352 731 1392 802; x_wconf 91' lang='lat' dir='ltr'>ad</span> 
     </span>
     <span class='ocr_line' id='line_1_6' title="bbox 248 826 1393 927; baseline -0.003 -24"><span class='ocrx_word' id='word_1_36' title='bbox 248 832 380 904; x_wconf 91' lang='lat' dir='ltr'>modum</span> <span class='ocrx_word' id='word_1_37' title='bbox 397 835 484 924; x_wconf 85' lang='lat' dir='ltr'>ignis</span> <span class='ocrx_word' id='word_1_38' title='bbox 503 854 608 927; x_wconf 89' lang='lat' dir='ltr'>usque</span> <span class='ocrx_word' id='word_1_39' title='bbox 626 831 668 904; x_wconf 90' lang='lat' dir='ltr'>ad</span> <span class='ocrx_word' id='word_1_40' title='bbox 685 854 811 922; x_wconf 68' lang='lat' dir='ltr'>aerem,</span> <span class='ocrx_word' id='word_1_41' title='bbox 828 835 871 904; x_wconf 89' lang='lat' dir='ltr'>ita</span> <span class='ocrx_word' id='word_1_42' title='bbox 889 827 974 924; x_wconf 86' lang='lat' dir='ltr'>quod</span> <span class='ocrx_word' id='word_1_43' title='bbox 987 826 1182 902; x_wconf 81' lang='lat' dir='ltr'>credebatur</span> <span class='ocrx_word' id='word_1_44' title='bbox 1199 851 1281 900; x_wconf 91' lang='lat' dir='ltr'>esse</span> <span class='ocrx_word' id='word_1_45' title='bbox 1300 831 1393 921; x_wconf 82' lang='lat' dir='ltr'>ignis</span> 
     </span>
     <span class='ocr_line' id='line_1_7' title="bbox 248 929 567 1003; baseline -0.003 -2"><span class='ocrx_word' id='word_1_46' title='bbox 248 933 387 1002; x_wconf 87' lang='lat' dir='ltr'>civitatis</span> <span class='ocrx_word' id='word_1_47' title='bbox 405 941 462 1003; x_wconf 87' lang='lat' dir='ltr'>aut</span> <span class='ocrx_word' id='word_1_48' title='bbox 477 929 567 1002; x_wconf 75' lang='lat' dir='ltr'>tillo.</span> 
     </span>
    </p>
   </div>
   <div class='ocr_carea' id='block_1_4' title="bbox 249 1097 1394 1267">
    <p class='ocr_par' dir='ltr' id='par_1_4' title="bbox 249 1097 1394 1267">
     <span class='ocr_line' id='line_1_8' title="bbox 249 1097 1394 1266; baseline -0.003 -94"><span class='ocrx_word' id='word_1_49' title='bbox 249 1101 326 1172; x_wconf 84' lang='lat' dir='ltr'>ltcm</span> <span class='ocrx_word' id='word_1_50' title='bbox 348 1102 437 1266; x_wconf 63' lang='lat' dir='ltr'>accpi</span> <span class='ocrx_word' id='word_1_51' title='bbox 458 1101 608 1170; x_wconf 73' lang='lat' dir='ltr'>daciam</span> <span class='ocrx_word' id='word_1_52' title='bbox 626 1120 721 1190; x_wconf 85' lang='lat' dir='ltr'>popo</span> <span class='ocrx_word' id='word_1_53' title='bbox 744 1103 833 1170; x_wconf 76' lang='lat' dir='ltr'>misit</span> <span class='ocrx_word' id='word_1_54' title='bbox 853 1108 970 1170; x_wconf 83' lang='lat' dir='ltr'>contra</span> <span class='ocrx_word' id='word_1_55' title='bbox 992 1099 1151 1186; x_wconf 81' lang='lat' dir='ltr'>quosdam</span> <span class='ocrx_word' id='word_1_56' title='bbox 1174 1097 1238 1168; x_wconf 83' lang='lat' dir='ltr'>sibi</span> <span class='ocrx_word' id='word_1_57' title='bbox 1261 1101 1394 1168; x_wconf 77' lang='lat' dir='ltr'>adoer-</span> 
     </span>
     <span class='ocr_line' id='line_1_9' title="bbox 344 1217 460 1267; baseline -0.009 0"><span class='ocrx_word' id='word_1_58' title='bbox 344 1217 405 1267; x_wconf 86' lang='lat' dir='ltr'>saa</span> <span class='ocrx_word' id='word_1_59' title='bbox 418 1217 460 1267; x_wconf 84' lang='lat' dir='ltr'>cs.</span> 
     </span>
    </p>
   </div>
   <div class='ocr_carea' id='block_1_5' title="bbox 156 1327 1440 1920">
    <p class='ocr_par' dir='ltr' id='par_1_5' title="bbox 247 1327 1394 1520">
     <span class='ocr_line' id='line_1_10' title="bbox 297 1327 1393 1424; baseline -0.002 -20"><span class='ocrx_word' id='word_1_60' title='bbox 297 1331 379 1404; x_wconf 89' lang='lat' dir='ltr'>ltem</span> <span class='ocrx_word' id='word_1_61' title='bbox 403 1351 520 1404; x_wconf 88' lang='lat' dir='ltr'>manse</span> <span class='ocrx_word' id='word_1_62' title='bbox 543 1329 696 1404; x_wconf 83' lang='lat' dir='ltr'>februarii</span> <span class='ocrx_word' id='word_1_63' title='bbox 723 1329 933 1403; x_wconf 89' lang='lat' dir='ltr'>Innocentius</span> <span class='ocrx_word' id='word_1_64' title='bbox 956 1353 1040 1424; x_wconf 88' lang='lat' dir='ltr'>papa</span> <span class='ocrx_word' id='word_1_65' title='bbox 1065 1331 1109 1402; x_wconf 83' lang='lat' dir='ltr'>vi.</span> <span class='ocrx_word' id='word_1_66' title='bbox 1134 1327 1223 1399; x_wconf 92' lang='lat' dir='ltr'>dedit</span> <span class='ocrx_word' id='word_1_67' title='bbox 1249 1351 1393 1402; x_wconf 86' lang='lat' dir='ltr'>crucem</span> 
     </span>
     <span class='ocr_line' id='line_1_11' title="bbox 247 1426 1394 1520; baseline -0.002 -18"><span class='ocrx_word' id='word_1_68' title='bbox 247 1431 381 1502; x_wconf 79' lang='lat' dir='ltr'><strong>Gallicis</strong></span> <span class='ocrx_word' id='word_1_69' title='bbox 400 1440 432 1500; x_wconf 92' lang='lat' dir='ltr'>et</span> <span class='ocrx_word' id='word_1_70' title='bbox 448 1426 706 1502; x_wconf 80' lang='lat' dir='ltr'>Prouincialibus</span> <span class='ocrx_word' id='word_1_71' title='bbox 725 1439 758 1500; x_wconf 90' lang='lat' dir='ltr'>et</span> <span class='ocrx_word' id='word_1_72' title='bbox 772 1427 961 1520; x_wconf 80' lang='lat' dir='ltr'>Burgundio</span> <span class='ocrx_word' id='word_1_73' title='bbox 979 1439 1091 1500; x_wconf 89' lang='lat' dir='ltr'>contra</span> <span class='ocrx_word' id='word_1_74' title='bbox 1109 1437 1245 1518; x_wconf 82' lang='lat' dir='ltr'>gentem</span> <span class='ocrx_word' id='word_1_75' title='bbox 1265 1426 1394 1500; x_wconf 90' lang='lat' dir='ltr'>diabo-</span> 
     </span>
    </p>

    <p class='ocr_par' dir='ltr' id='par_1_6' title="bbox 156 1523 1440 1920">
     <span class='ocr_line' id='line_1_12' title="bbox 156 1523 1393 1620; baseline 0 -22"><span class='ocrx_word' id='word_1_76' title='bbox 156 1591 159 1598; x_wconf 89' lang='lat'>.</span> <span class='ocrx_word' id='word_1_77' title='bbox 246 1529 354 1616; x_wconf 72' lang='lat' dir='ltr'>licam</span> <span class='ocrx_word' id='word_1_78' title='bbox 372 1549 436 1620; x_wconf 88' lang='lat' dir='ltr'>que</span> <span class='ocrx_word' id='word_1_79' title='bbox 453 1531 650 1600; x_wconf 79' lang='lat' dir='ltr'>invaserrmt</span> <span class='ocrx_word' id='word_1_80' title='bbox 659 1531 824 1598; x_wconf 86' lang='lat' dir='ltr'>civitatem</span> <span class='ocrx_word' id='word_1_81' title='bbox 835 1529 938 1598; x_wconf 86' lang='lat' dir='ltr'>sancti</span> <span class='ocrx_word' id='word_1_82' title='bbox 948 1525 1088 1619; x_wconf 84' lang='lat' dir='ltr'>Spiritus</span> <span class='ocrx_word' id='word_1_83' title='bbox 1100 1523 1393 1618; x_wconf 87' lang='lat' dir='ltr'>superRodannm</span> 
     </span>
     <span class='ocr_line' id='line_1_13' title="bbox 246 1621 1393 1721; baseline -0.001 -24"><span class='ocrx_word' id='word_1_84' title='bbox 246 1647 349 1721; x_wconf 88' lang='lat' dir='ltr'>prope</span> <span class='ocrx_word' id='word_1_85' title='bbox 359 1626 562 1697; x_wconf 89' lang='lat' dir='ltr'>Avinionem</span> <span class='ocrx_word' id='word_1_86' title='bbox 580 1627 684 1696; x_wconf 88' lang='lat' dir='ltr'>sitam.</span> <span class='ocrx_word' id='word_1_87' title='bbox 701 1622 745 1694; x_wconf 89' lang='lat' dir='ltr'>Et</span> <span class='ocrx_word' id='word_1_88' title='bbox 760 1628 898 1717; x_wconf 84' lang='lat' dir='ltr'>insuper</span> <span class='ocrx_word' id='word_1_89' title='bbox 912 1625 1083 1696; x_wconf 86' lang='lat' dir='ltr'>invocavit</span> <span class='ocrx_word' id='word_1_90' title='bbox 1099 1622 1256 1695; x_wconf 71' lang='lat' dir='ltr'>aemilium</span> <span class='ocrx_word' id='word_1_91' title='bbox 1271 1621 1393 1696; x_wconf 88' lang='lat' dir='ltr'>Karoli</span> 
     </span>
     <span class='ocr_line' id='line_1_14' title="bbox 246 1717 1394 1817; baseline -0.003 -21"><span class='ocrx_word' id='word_1_92' title='bbox 246 1725 465 1817; x_wconf 72' lang='lat' dir='ltr'>imperatoris,</span> <span class='ocrx_word' id='word_1_93' title='bbox 492 1725 584 1812; x_wconf 83' lang='lat' dir='ltr'>regis</span> <span class='ocrx_word' id='word_1_94' title='bbox 602 1721 754 1810; x_wconf 76' lang='lat' dir='ltr'>branae,</span> <span class='ocrx_word' id='word_1_95' title='bbox 781 1719 933 1815; x_wconf 88' lang='lat' dir='ltr'>Delphini</span> <span class='ocrx_word' id='word_1_96' title='bbox 957 1731 990 1790; x_wconf 90' lang='lat' dir='ltr'>et</span> <span class='ocrx_word' id='word_1_97' title='bbox 1014 1721 1139 1792; x_wconf 87' lang='lat' dir='ltr'>comitis</span> <span class='ocrx_word' id='word_1_98' title='bbox 1159 1717 1334 1792; x_wconf 85' lang='lat' dir='ltr'>Sabaudie</span> <span class='ocrx_word' id='word_1_99' title='bbox 1360 1733 1394 1794; x_wconf 90' lang='lat' dir='ltr'>et</span> 
     </span>
     <span class='ocr_line' id='line_1_15' title="bbox 246 1817 1440 1920; baseline 0 -28"><span class='ocrx_word' id='word_1_100' title='bbox 246 1821 384 1892; x_wconf 89' lang='lat' dir='ltr'>aliorum</span> <span class='ocrx_word' id='word_1_101' title='bbox 394 1818 785 1912; x_wconf 86' lang='lat' dir='ltr'>vicinorum.Etinsuper</span> <span class='ocrx_word' id='word_1_102' title='bbox 794 1822 881 1892; x_wconf 88' lang='lat' dir='ltr'>misit</span> <span class='ocrx_word' id='word_1_103' title='bbox 891 1818 1057 1890; x_wconf 90' lang='lat' dir='ltr'>domiuum</span> <span class='ocrx_word' id='word_1_104' title='bbox 1065 1817 1280 1890; x_wconf 86' lang='lat' dir='ltr'>Hostiensem</span> <span class='ocrx_word' id='word_1_105' title='bbox 1288 1823 1394 1913; x_wconf 90' lang='lat' dir='ltr'>epis·</span> <span class='ocrx_word' id='word_1_106' title='bbox 1439 1886 1440 1920; x_wconf 33' lang='lat' dir='ltr'>p</span> 
     </span>
    </p>
   </div>
   <div class='ocr_carea' id='block_1_6' title="bbox 244 1912 1393 2283">
    <p class='ocr_par' dir='ltr' id='par_1_7' title="bbox 244 1912 1393 2283">
     <span class='ocr_line' id='line_1_16' title="bbox 246 1912 1393 2011; baseline -0.002 -21"><span class='ocrx_word' id='word_1_107' title='bbox 246 1939 363 2011; x_wconf 92' lang='lat' dir='ltr'>oopum</span> <span class='ocrx_word' id='word_1_108' title='bbox 381 1916 579 1988; x_wconf 78' lang='lat' dir='ltr'>cardinalem</span> <span class='ocrx_word' id='word_1_109' title='bbox 598 1939 639 1988; x_wconf 89' lang='lat' dir='ltr'>ac</span> <span class='ocrx_word' id='word_1_110' title='bbox 655 1920 806 1989; x_wconf 89' lang='lat' dir='ltr'>comitem</span> <span class='ocrx_word' id='word_1_111' title='bbox 817 1912 1129 2006; x_wconf 80' lang='lat' dir='ltr'>deSwartaenburg</span> <span class='ocrx_word' id='word_1_112' title='bbox 1142 1937 1216 1985; x_wconf 90' lang='lat' dir='ltr'>cum</span> <span class='ocrx_word' id='word_1_113' title='bbox 1233 1921 1393 1990; x_wconf 84' lang='lat' dir='ltr'>exercitu</span> 
     </span>
     <span class='ocr_line' id='line_1_17' title="bbox 245 2012 1393 2107; baseline -0.002 -19"><span class='ocrx_word' id='word_1_114' title='bbox 245 2025 356 2088; x_wconf 87' lang='lat' dir='ltr'>contra</span> <span class='ocrx_word' id='word_1_115' title='bbox 375 2013 537 2107; x_wconf 87' lang='lat' dir='ltr'>predictos</span> <span class='ocrx_word' id='word_1_116' title='bbox 554 2013 710 2086; x_wconf 87' lang='lat' dir='ltr'>latrones.</span> <span class='ocrx_word' id='word_1_117' title='bbox 760 2013 803 2084; x_wconf 90' lang='lat' dir='ltr'>Et</span> <span class='ocrx_word' id='word_1_118' title='bbox 820 2012 938 2086; x_wconf 90' lang='lat' dir='ltr'>eodem</span> <span class='ocrx_word' id='word_1_119' title='bbox 949 2033 1067 2085; x_wconf 89' lang='lat' dir='ltr'>mense</span> <span class='ocrx_word' id='word_1_120' title='bbox 1078 2023 1193 2105; x_wconf 83' lang='lat' dir='ltr'>captus</span> <span class='ocrx_word' id='word_1_121' title='bbox 1211 2025 1266 2086; x_wconf 87' lang='lat' dir='ltr'>est</span> <span class='ocrx_word' id='word_1_122' title='bbox 1282 2014 1393 2086; x_wconf 74' lang='lat' dir='ltr'>trater</span> 
     </span>
     <span class='ocr_line' id='line_1_18' title="bbox 244 2109 1392 2283; baseline 0.002 -101"><span class='ocrx_word' id='word_1_123' title='bbox 244 2110 510 2283; x_wconf 53' lang='lat' dir='ltr'>{gffospedeEldigde</span> <span class='ocrx_word' id='word_1_124' title='bbox 533 2133 592 2204; x_wconf 90' lang='lat' dir='ltr'>per</span> <span class='ocrx_word' id='word_1_125' title='bbox 614 2111 733 2182; x_wconf 73' lang='lat' dir='ltr'>nares</span> <span class='ocrx_word' id='word_1_126' title='bbox 759 2109 978 2184; x_wconf 80' lang='lat' dir='ltr'>l&#39;beutonicos</span> <span class='ocrx_word' id='word_1_127' title='bbox 1002 2111 1056 2203; x_wconf 80' lang='lat' dir='ltr'>qui</span> <span class='ocrx_word' id='word_1_128' title='bbox 1084 2109 1235 2183; x_wconf 87' lang='lat' dir='ltr'>dicuntur</span> <span class='ocrx_word' id='word_1_129' title='bbox 1263 2113 1392 2184; x_wconf 81' lang='lat' dir='ltr'>fraires</span> 
     </span>
    </p>
   </div>
   <div class='ocr_carea' id='block_1_7' title="bbox 244 2391 1392 2578">
    <p class='ocr_par' dir='ltr' id='par_1_8' title="bbox 244 2391 1392 2578">
     <span class='ocr_line' id='line_1_19' title="bbox 244 2391 1392 2560; baseline -0.004 -97"><span class='ocrx_word' id='word_1_130' title='bbox 244 2393 294 2463; x_wconf 83' lang='lat' dir='ltr'>lle</span> <span class='ocrx_word' id='word_1_131' title='bbox 311 2394 483 2560; x_wconf 57' lang='lat' dir='ltr'>activp&#39;pppp</span> <span class='ocrx_word' id='word_1_132' title='bbox 494 2391 558 2474; x_wconf 77' lang='lat' dir='ltr'>filit</span> <span class='ocrx_word' id='word_1_133' title='bbox 575 2392 783 2479; x_wconf 83' lang='lat' dir='ltr'>imperatoris</span> <span class='ocrx_word' id='word_1_134' title='bbox 794 2391 911 2461; x_wconf 84' lang='lat' dir='ltr'>Korcli</span> <span class='ocrx_word' id='word_1_135' title='bbox 920 2393 989 2480; x_wconf 79' lang='lat' dir='ltr'>iiii,</span> <span class='ocrx_word' id='word_1_136' title='bbox 1007 2391 1089 2461; x_wconf 81' lang='lat' dir='ltr'>cido</span> <span class='ocrx_word' id='word_1_137' title='bbox 1100 2391 1297 2478; x_wconf 76' lang='lat' dir='ltr'>quibusdam</span> <span class='ocrx_word' id='word_1_138' title='bbox 1310 2393 1392 2460; x_wconf 72' lang='lat' dir='ltr'>atis</span> 
     </span>
     <span class='ocr_line' id='line_1_20' title="bbox 341 2509 490 2578; baseline -0.027 -18"><span class='ocrx_word' id='word_1_139' title='bbox 341 2509 399 2578; x_wconf 80' lang='lat' dir='ltr'>pes</span> <span class='ocrx_word' id='word_1_140' title='bbox 484 2543 490 2556; x_wconf 95' lang='lat'>.</span> 
     </span>
    </p>
   </div>
   <div class='ocr_carea' id='block_1_8' title="bbox 244 2716 1392 4274">
    <p class='ocr_par' dir='ltr' id='par_1_9' title="bbox 244 2716 1392 3792">
     <span class='ocr_line' id='line_1_21' title="bbox 245 2716 1390 2811; baseline -0.001 -20"><span class='ocrx_word' id='word_1_141' title='bbox 245 2731 279 2792; x_wconf 89' lang='lat' dir='ltr'>et</span> <span class='ocrx_word' id='word_1_142' title='bbox 289 2729 384 2791; x_wconf 89' lang='lat' dir='ltr'>natus</span> <span class='ocrx_word' id='word_1_143' title='bbox 395 2719 496 2790; x_wconf 85' lang='lat' dir='ltr'>luitin</span> <span class='ocrx_word' id='word_1_144' title='bbox 507 2716 733 2808; x_wconf 82' lang='lat' dir='ltr'>Niirrenberg.</span> <span class='ocrx_word' id='word_1_145' title='bbox 752 2717 794 2789; x_wconf 86' lang='lat' dir='ltr'>Et</span> <span class='ocrx_word' id='word_1_146' title='bbox 804 2729 881 2789; x_wconf 80' lang='lat' dir='ltr'>buno</span> <span class='ocrx_word' id='word_1_147' title='bbox 896 2721 1073 2811; x_wconf 91' lang='lat' dir='ltr'>imperator</span> <span class='ocrx_word' id='word_1_148' title='bbox 1083 2718 1252 2789; x_wconf 78' lang='lat' dir='ltr'>relaxavit</span> <span class='ocrx_word' id='word_1_149' title='bbox 1265 2741 1390 2790; x_wconf 86' lang='lat' dir='ltr'>omues</span> 
     </span>
     <span class='ocr_line' id='line_1_22' title="bbox 246 2813 1390 2911; baseline -0.002 -21"><span class='ocrx_word' id='word_1_150' title='bbox 246 2820 394 2911; x_wconf 87' lang='lat' dir='ltr'>captivos</span> <span class='ocrx_word' id='word_1_151' title='bbox 413 2813 544 2906; x_wconf 70' lang='lat' dir='ltr'>ibidem,</span> <span class='ocrx_word' id='word_1_152' title='bbox 565 2837 681 2888; x_wconf 90' lang='lat' dir='ltr'>omnes</span> <span class='ocrx_word' id='word_1_153' title='bbox 700 2817 804 2886; x_wconf 88' lang='lat' dir='ltr'>eciam</span> <span class='ocrx_word' id='word_1_154' title='bbox 822 2819 915 2888; x_wconf 91' lang='lat' dir='ltr'>cives</span> <span class='ocrx_word' id='word_1_155' title='bbox 934 2813 1018 2887; x_wconf 89' lang='lat' dir='ltr'>dicte</span> <span class='ocrx_word' id='word_1_156' title='bbox 1036 2818 1176 2887; x_wconf 73' lang='lat' dir='ltr'>ciuitatis</span> <span class='ocrx_word' id='word_1_157' title='bbox 1195 2813 1237 2885; x_wconf 91' lang='lat' dir='ltr'>ad</span> <span class='ocrx_word' id='word_1_158' title='bbox 1257 2827 1390 2888; x_wconf 88' lang='lat' dir='ltr'>certum</span> 
     </span>
     <span class='ocr_line' id='line_1_23' title="bbox 246 2911 1391 3010; baseline -0.001 -23"><span class='ocrx_word' id='word_1_159' title='bbox 246 2927 374 3010; x_wconf 86' lang='lat' dir='ltr'>tempus</span> <span class='ocrx_word' id='word_1_160' title='bbox 392 2911 433 2984; x_wconf 92' lang='lat' dir='ltr'>ab</span> <span class='ocrx_word' id='word_1_161' title='bbox 450 2915 538 2984; x_wconf 88' lang='lat' dir='ltr'>omni</span> <span class='ocrx_word' id='word_1_162' title='bbox 549 2913 685 2984; x_wconf 87' lang='lat' dir='ltr'>collecta</span> <span class='ocrx_word' id='word_1_163' title='bbox 697 2911 848 2986; x_wconf 83' lang='lat' dir='ltr'>absolvit.</span> <span class='ocrx_word' id='word_1_164' title='bbox 865 2911 908 2983; x_wconf 89' lang='lat' dir='ltr'>Et</span> <span class='ocrx_word' id='word_1_165' title='bbox 925 2917 1174 3008; x_wconf 88' lang='lat' dir='ltr'>processionem</span> <span class='ocrx_word' id='word_1_166' title='bbox 1183 2935 1247 3006; x_wconf 92' lang='lat' dir='ltr'>per</span> <span class='ocrx_word' id='word_1_167' title='bbox 1258 2914 1391 2986; x_wconf 79' lang='lat' dir='ltr'>clemm</span> 
     </span>
     <span class='ocr_line' id='line_1_24' title="bbox 245 3009 1390 3107; baseline -0.003 -21"><span class='ocrx_word' id='word_1_168' title='bbox 245 3013 462 3105; x_wconf 84' lang='lat' dir='ltr'>sollempnem</span> <span class='ocrx_word' id='word_1_169' title='bbox 472 3012 608 3107; x_wconf 88' lang='lat' dir='ltr'>pulsatis</span> <span class='ocrx_word' id='word_1_170' title='bbox 620 3013 787 3104; x_wconf 87' lang='lat' dir='ltr'>campanis</span> <span class='ocrx_word' id='word_1_171' title='bbox 800 3009 872 3081; x_wconf 88' lang='lat' dir='ltr'>fieri</span> <span class='ocrx_word' id='word_1_172' title='bbox 882 3011 1050 3083; x_wconf 87' lang='lat' dir='ltr'>mandavit</span> <span class='ocrx_word' id='word_1_173' title='bbox 1060 3021 1093 3082; x_wconf 91' lang='lat' dir='ltr'>et</span> <span class='ocrx_word' id='word_1_174' title='bbox 1103 3009 1227 3082; x_wconf 87' lang='lat' dir='ltr'>devote</span> <span class='ocrx_word' id='word_1_175' title='bbox 1237 3017 1390 3105; x_wconf 73' lang='lat' dir='ltr'>peregit.¹</span> 
     </span>
     <span class='ocr_line' id='line_1_25' title="bbox 245 3107 1391 3205; baseline -0.002 -23"><span class='ocrx_word' id='word_1_176' title='bbox 245 3108 516 3205; x_wconf 86' lang='lat' dir='ltr'>etquedamvota</span> <span class='ocrx_word' id='word_1_177' title='bbox 527 3111 801 3202; x_wconf 77' lang='lat' dir='ltr'>peregrinationis</span> <span class='ocrx_word' id='word_1_178' title='bbox 813 3111 930 3181; x_wconf 91' lang='lat' dir='ltr'>emisit.</span> <span class='ocrx_word' id='word_1_179' title='bbox 947 3107 990 3179; x_wconf 90' lang='lat' dir='ltr'>Et</span> <span class='ocrx_word' id='word_1_180' title='bbox 1001 3129 1118 3180; x_wconf 89' lang='lat' dir='ltr'>omnes</span> <span class='ocrx_word' id='word_1_181' title='bbox 1130 3108 1299 3180; x_wconf 87' lang='lat' dir='ltr'>electores</span> <span class='ocrx_word' id='word_1_182' title='bbox 1318 3113 1391 3180; x_wconf 92' lang='lat' dir='ltr'>im-</span> 
     </span>
     <span class='ocr_line' id='line_1_26' title="bbox 244 3203 1391 3303; baseline 0 -25"><span class='ocrx_word' id='word_1_183' title='bbox 244 3211 324 3303; x_wconf 91' lang='lat' dir='ltr'>perii</span> <span class='ocrx_word' id='word_1_184' title='bbox 349 3217 383 3278; x_wconf 89' lang='lat' dir='ltr'>et</span> <span class='ocrx_word' id='word_1_185' title='bbox 405 3207 524 3278; x_wconf 89' lang='lat' dir='ltr'>multos</span> <span class='ocrx_word' id='word_1_186' title='bbox 548 3207 629 3278; x_wconf 90' lang='lat' dir='ltr'>alios</span> <span class='ocrx_word' id='word_1_187' title='bbox 653 3207 817 3300; x_wconf 83' lang='lat' dir='ltr'>principes</span> <span class='ocrx_word' id='word_1_188' title='bbox 842 3216 908 3276; x_wconf 74' lang='lat' dir='ltr'>mm</span> <span class='ocrx_word' id='word_1_189' title='bbox 931 3209 1105 3299; x_wconf 89' lang='lat' dir='ltr'>episcopos</span> <span class='ocrx_word' id='word_1_190' title='bbox 1129 3215 1164 3276; x_wconf 87' lang='lat' dir='ltr'>et</span> <span class='ocrx_word' id='word_1_191' title='bbox 1185 3203 1330 3278; x_wconf 88' lang='lat' dir='ltr'>abbates</span> <span class='ocrx_word' id='word_1_192' title='bbox 1350 3231 1391 3279; x_wconf 88' lang='lat' dir='ltr'>ae</span> 
     </span>
     <span class='ocr_line' id='line_1_27' title="bbox 245 3300 1392 3398; baseline 0 -18"><span class='ocrx_word' id='word_1_193' title='bbox 245 3305 414 3380; x_wconf 89' lang='lat' dir='ltr'>seculares</span> <span class='ocrx_word' id='word_1_194' title='bbox 432 3307 596 3398; x_wconf 89' lang='lat' dir='ltr'>principes</span> <span class='ocrx_word' id='word_1_195' title='bbox 614 3313 648 3374; x_wconf 87' lang='lat' dir='ltr'>et</span> <span class='ocrx_word' id='word_1_196' title='bbox 664 3305 801 3375; x_wconf 76' lang='lat' dir='ltr'>comites</span> <span class='ocrx_word' id='word_1_197' title='bbox 813 3324 874 3376; x_wconf 89' lang='lat' dir='ltr'>seu</span> <span class='ocrx_word' id='word_1_198' title='bbox 884 3300 1027 3376; x_wconf 87' lang='lat' dir='ltr'>barones</span> <span class='ocrx_word' id='word_1_199' title='bbox 1042 3313 1075 3374; x_wconf 89' lang='lat' dir='ltr'>et</span> <span class='ocrx_word' id='word_1_200' title='bbox 1091 3301 1221 3376; x_wconf 90' lang='lat' dir='ltr'>nobiles</span> <span class='ocrx_word' id='word_1_201' title='bbox 1232 3309 1392 3381; x_wconf 74' lang='lat' dir='ltr'>vocavit.</span> 
     </span>
     <span class='ocr_line' id='line_1_28' title="bbox 245 3399 1389 3474; baseline 0 0"><span class='ocrx_word' id='word_1_202' title='bbox 245 3413 278 3474; x_wconf 89' lang='lat' dir='ltr'>et</span> <span class='ocrx_word' id='word_1_203' title='bbox 295 3405 417 3474; x_wconf 89' lang='lat' dir='ltr'>curiam</span> <span class='ocrx_word' id='word_1_204' title='bbox 429 3404 502 3472; x_wconf 89' lang='lat' dir='ltr'>sive</span> <span class='ocrx_word' id='word_1_205' title='bbox 514 3403 786 3472; x_wconf 88' lang='lat' dir='ltr'>convocationem</span> <span class='ocrx_word' id='word_1_206' title='bbox 802 3401 917 3472; x_wconf 85' lang='lat' dir='ltr'>indixit</span> <span class='ocrx_word' id='word_1_207' title='bbox 934 3400 975 3471; x_wconf 92' lang='lat' dir='ltr'>ad</span> <span class='ocrx_word' id='word_1_208' title='bbox 993 3399 1186 3471; x_wconf 86' lang='lat' dir='ltr'>dominicam</span> <span class='ocrx_word' id='word_1_209' title='bbox 1198 3401 1389 3474; x_wconf 89' lang='lat' dir='ltr'>secundam</span> 
     </span>
     <span class='ocr_line' id='line_1_29' title="bbox 245 3497 1391 3594; baseline 0.002 -24"><span class='ocrx_word' id='word_1_210' title='bbox 245 3511 320 3594; x_wconf 90' lang='lat' dir='ltr'>post</span> <span class='ocrx_word' id='word_1_211' title='bbox 335 3498 455 3572; x_wconf 87' lang='lat' dir='ltr'>festum</span> <span class='ocrx_word' id='word_1_212' title='bbox 471 3500 736 3588; x_wconf 68' lang='lat' dir='ltr'>resurrectionis,</span> <span class='ocrx_word' id='word_1_213' title='bbox 761 3520 824 3593; x_wconf 92' lang='lat' dir='ltr'>que</span> <span class='ocrx_word' id='word_1_214' title='bbox 842 3497 1002 3570; x_wconf 91' lang='lat' dir='ltr'>dominica</span> <span class='ocrx_word' id='word_1_215' title='bbox 1026 3501 1282 3572; x_wconf 91' lang='lat' dir='ltr'>resurrectionis</span> <span class='ocrx_word' id='word_1_216' title='bbox 1307 3509 1391 3572; x_wconf 79' lang='lat' dir='ltr'>urna</span> 
     </span>
     <span class='ocr_line' id='line_1_30' title="bbox 244 3595 1390 3692; baseline 0.002 -24"><span class='ocrx_word' id='word_1_217' title='bbox 244 3599 303 3669; x_wconf 86' lang='lat' dir='ltr'>brit</span> <span class='ocrx_word' id='word_1_218' title='bbox 318 3619 352 3668; x_wconf 90' lang='lat' dir='ltr'>v.</span> <span class='ocrx_word' id='word_1_219' title='bbox 370 3595 436 3667; x_wconf 86' lang='lat' dir='ltr'>kal.</span> <span class='ocrx_word' id='word_1_220' title='bbox 455 3597 564 3692; x_wconf 87' lang='lat' dir='ltr'>aprilis</span> <span class='ocrx_word' id='word_1_221' title='bbox 585 3597 691 3686; x_wconf 82' lang='lat' dir='ltr'>[maru</span> <span class='ocrx_word' id='word_1_222' title='bbox 708 3595 788 3688; x_wconf 69' lang='grc'>28],</span> <span class='ocrx_word' id='word_1_223' title='bbox 805 3598 998 3668; x_wconf 84' lang='lat' dir='ltr'>convocatio</span> <span class='ocrx_word' id='word_1_224' title='bbox 1015 3617 1099 3667; x_wconf 90' lang='lat' dir='ltr'>vero</span> <span class='ocrx_word' id='word_1_225' title='bbox 1116 3599 1158 3666; x_wconf 91' lang='lat' dir='ltr'>iii.</span> <span class='ocrx_word' id='word_1_226' title='bbox 1176 3595 1251 3668; x_wconf 90' lang='lat' dir='ltr'>idus</span> <span class='ocrx_word' id='word_1_227' title='bbox 1270 3599 1390 3692; x_wconf 76' lang='lat' dir='ltr'>aprilis</span> 
     </span>
     <span class='ocr_line' id='line_1_31' title="bbox 247 3692 1390 3792; baseline 0 -26"><span class='ocrx_word' id='word_1_228' title='bbox 247 3699 331 3792; x_wconf 91' lang='lat' dir='ltr'>[apr.</span> <span class='ocrx_word' id='word_1_229' title='bbox 350 3692 426 3783; x_wconf 89' lang='lat' dir='ltr'>il].</span> <span class='ocrx_word' id='word_1_230' title='bbox 453 3693 496 3765; x_wconf 87' lang='lat' dir='ltr'>Et</span> <span class='ocrx_word' id='word_1_231' title='bbox 517 3692 561 3763; x_wconf 92' lang='lat' dir='ltr'>ibi</span> <span class='ocrx_word' id='word_1_232' title='bbox 584 3692 725 3788; x_wconf 87' lang='lat' dir='ltr'>quedam</span> <span class='ocrx_word' id='word_1_233' title='bbox 748 3693 833 3764; x_wconf 87' lang='lat' dir='ltr'>iacta</span> <span class='ocrx_word' id='word_1_234' title='bbox 858 3704 934 3766; x_wconf 88' lang='lat' dir='ltr'>sunt</span> <span class='ocrx_word' id='word_1_235' title='bbox 957 3715 1020 3787; x_wconf 91' lang='lat' dir='ltr'>que</span> <span class='ocrx_word' id='word_1_236' title='bbox 1044 3703 1216 3766; x_wconf 86' lang='lat' dir='ltr'>secuntur:</span> <span class='ocrx_word' id='word_1_237' title='bbox 1238 3697 1390 3788; x_wconf 88' lang='lat' dir='ltr'>primurn</span> 
     </span>
    </p>

    <p class='ocr_par' dir='ltr' id='par_1_10' title="bbox 244 3788 1392 4274">
     <span class='ocr_line' id='line_1_32' title="bbox 287 3788 1390 3886; baseline 0 -22"><span class='ocrx_word' id='word_1_238' title='bbox 287 3789 440 3864; x_wconf 85' lang='lat' dir='ltr'>odfilium</span> <span class='ocrx_word' id='word_1_239' title='bbox 458 3812 554 3863; x_wconf 88' lang='lat' dir='ltr'>suum</span> <span class='ocrx_word' id='word_1_240' title='bbox 570 3788 726 3884; x_wconf 84' lang='lat' dir='ltr'>baptizari</span> <span class='ocrx_word' id='word_1_241' title='bbox 744 3791 821 3862; x_wconf 85' lang='lat' dir='ltr'>lecit</span> <span class='ocrx_word' id='word_1_242' title='bbox 837 3811 947 3862; x_wconf 89' lang='lat' dir='ltr'>eoram</span> <span class='ocrx_word' id='word_1_243' title='bbox 965 3789 1162 3865; x_wconf 87' lang='lat' dir='ltr'>electoribus</span> <span class='ocrx_word' id='word_1_244' title='bbox 1178 3791 1390 3886; x_wconf 88' lang='lat' dir='ltr'>principibus</span> 
     </span>
     <span class='ocr_line' id='line_1_33' title="bbox 244 3887 1391 3984; baseline 0.001 -23"><span class='ocrx_word' id='word_1_245' title='bbox 244 3895 253 3961; x_wconf 94' lang='lat' dir='ltr'>i</span> <span class='ocrx_word' id='word_1_246' title='bbox 276 3890 365 3962; x_wconf 90' lang='lat' dir='ltr'>idem</span> <span class='ocrx_word' id='word_1_247' title='bbox 375 3891 601 3981; x_wconf 57' lang='lat' dir='ltr'>cougregatis„</span> <span class='ocrx_word' id='word_1_248' title='bbox 619 3897 759 3984; x_wconf 84' lang='lat' dir='ltr'>excepto</span> <span class='ocrx_word' id='word_1_249' title='bbox 769 3887 1025 3982; x_wconf 74' lang='lat' dir='ltr'>lievirensiqui</span> <span class='ocrx_word' id='word_1_250' title='bbox 1036 3891 1196 3961; x_wconf 86' lang='lat' dir='ltr'>vicarium</span> <span class='ocrx_word' id='word_1_251' title='bbox 1207 3911 1308 3961; x_wconf 92' lang='lat' dir='ltr'>suum</span> <span class='ocrx_word' id='word_1_252' title='bbox 1320 3890 1391 3962; x_wconf 87' lang='lat' dir='ltr'>illic</span> 
     </span>
     <span class='ocr_line' id='line_1_34' title="bbox 245 3985 1391 4081; baseline 0.003 -23"><span class='ocrx_word' id='word_1_253' title='bbox 245 3991 340 4060; x_wconf 90' lang='lat' dir='ltr'>misit.</span> <span class='ocrx_word' id='word_1_254' title='bbox 347 3987 390 4059; x_wconf 87' lang='lat' dir='ltr'>Et</span> <span class='ocrx_word' id='word_1_255' title='bbox 397 3986 661 4081; x_wconf 86' lang='lat' dir='ltr'>archiepiscopus</span> <span class='ocrx_word' id='word_1_256' title='bbox 669 3987 849 4078; x_wconf 73' lang='lat' dir='ltr'>Propensis</span> <span class='ocrx_word' id='word_1_257' title='bbox 856 4007 994 4080; x_wconf 90' lang='lat' dir='ltr'>puerum</span> <span class='ocrx_word' id='word_1_258' title='bbox 1001 3985 1190 4080; x_wconf 68' lang='lat' dir='ltr'>baptizavit,</span> <span class='ocrx_word' id='word_1_259' title='bbox 1197 3998 1231 4058; x_wconf 92' lang='lat' dir='ltr'>et</span> <span class='ocrx_word' id='word_1_260' title='bbox 1239 3999 1391 4061; x_wconf 82' lang='lat' dir='ltr'>vocatus</span> 
     </span>
     <span class='ocr_line' id='line_1_35' title="bbox 246 4081 1392 4180; baseline 0.003 -24"><span class='ocrx_word' id='word_1_261' title='bbox 246 4095 298 4156; x_wconf 86' lang='lat' dir='ltr'>est</span> <span class='ocrx_word' id='word_1_262' title='bbox 313 4083 534 4175; x_wconf 66' lang='lat' dir='ltr'>Wenaelaus,</span> <span class='ocrx_word' id='word_1_263' title='bbox 559 4093 593 4154; x_wconf 90' lang='lat' dir='ltr'>et</span> <span class='ocrx_word' id='word_1_264' title='bbox 609 4105 765 4175; x_wconf 79' lang='lat' dir='ltr'>magnam</span> <span class='ocrx_word' id='word_1_265' title='bbox 781 4083 915 4155; x_wconf 88' lang='lat' dir='ltr'>letitiam</span> <span class='ocrx_word' id='word_1_266' title='bbox 932 4081 1052 4154; x_wconf 92' lang='lat' dir='ltr'>ibidem</span> <span class='ocrx_word' id='word_1_267' title='bbox 1068 4082 1180 4154; x_wconf 84' lang='lat' dir='ltr'>babuit</span> <span class='ocrx_word' id='word_1_268' title='bbox 1201 4088 1392 4180; x_wconf 84' lang='lat' dir='ltr'>imperator</span> 
     </span>
     <span class='ocr_line' id='line_1_36' title="bbox 246 4177 1390 4274; baseline 0.004 -21"><span class='ocrx_word' id='word_1_269' title='bbox 246 4203 320 4253; x_wconf 90' lang='lat' dir='ltr'>cum</span> <span class='ocrx_word' id='word_1_270' title='bbox 338 4183 420 4268; x_wconf 67' lang='lat' dir='ltr'>suis,</span> <span class='ocrx_word' id='word_1_271' title='bbox 443 4189 477 4251; x_wconf 88' lang='lat' dir='ltr'>et</span> <span class='ocrx_word' id='word_1_272' title='bbox 497 4181 628 4252; x_wconf 89' lang='lat' dir='ltr'>duravit</span> <span class='ocrx_word' id='word_1_273' title='bbox 649 4202 710 4274; x_wconf 90' lang='lat' dir='ltr'>per</span> <span class='ocrx_word' id='word_1_274' title='bbox 729 4189 803 4252; x_wconf 86' lang='lat' dir='ltr'>octo</span> <span class='ocrx_word' id='word_1_275' title='bbox 823 4177 905 4252; x_wconf 88' lang='lat' dir='ltr'>dies.</span> <span class='ocrx_word' id='word_1_276' title='bbox 1004 4179 1087 4252; x_wconf 85' lang='lat' dir='ltr'>ltem</span> <span class='ocrx_word' id='word_1_277' title='bbox 1104 4179 1390 4258; x_wconf 70' lang='lat' dir='ltr'>constantienses</span> 
     </span>
    </p>
   </div>
   <div class='ocr_carea' id='block_1_9' title="bbox 0 0 1446 4818">
    <p class='ocr_par' dir='ltr' id='par_1_11' title="bbox 0 0 1446 4818">
     <span class='ocr_line' id='line_1_37' title="bbox 0 0 1446 4818; baseline 0 0"><span class='ocrx_word' id='word_1_278' title='bbox 0 0 1446 4818; x_wconf 95' lang='lat' dir='ltr'> </span> 
     </span>
    </p>
   </div>
  </div>
 </body>
</html>
