<?xml version="1.0" encoding="UTF-8"?>
<!DOCTYPE html PUBLIC "-//W3C//DTD XHTML 1.0 Transitional//EN"
    "http://www.w3.org/TR/xhtml1/DTD/xhtml1-transitional.dtd">
<html xmlns="http://www.w3.org/1999/xhtml" xml:lang="en" lang="en">
 <head>
  <title>
</title>
<meta http-equiv="Content-Type" content="text/html;charset=utf-8" />
  <meta name='ocr-system' content='tesseract 3.04.00' />
  <meta name='ocr-capabilities' content='ocr_page ocr_carea ocr_par ocr_line ocrx_word'/>
</head>
<body>
  <div class='ocr_page' id='page_1' title='image "./fontesrerumgerm01hubegoog_0355.png"; bbox 0 0 2900 4820; ppageno 0'>
   <div class='ocr_carea' id='block_1_1' title="bbox 212 231 1156 315">
    <p class='ocr_par' dir='ltr' id='par_1_1' title="bbox 212 231 1156 315">
     <span class='ocr_line' id='line_1_1' title="bbox 212 231 1156 315; baseline -0.013 -15"><span class='ocrx_word' id='word_1_1' title='bbox 212 241 285 315; x_wconf 81' lang='grc'><strong>278</strong></span> <span class='ocrx_word' id='word_1_2' title='bbox 392 231 611 294; x_wconf 81' lang='lat' dir='ltr'><strong>CONTlNUthO</strong></span> <span class='ocrx_word' id='word_1_3' title='bbox 630 233 798 292; x_wconf 72' lang='lat' dir='ltr'><strong>unmutrtu</strong></span> <span class='ocrx_word' id='word_1_4' title='bbox 817 231 1156 294; x_wconf 80' lang='lat' dir='ltr'><strong>ttttuwmtuttttuttttsts.</strong></span> 
     </span>
    </p>
   </div>
   <div class='ocr_carea' id='block_1_2' title="bbox 129 405 1449 4230">
    <p class='ocr_par' dir='ltr' id='par_1_2' title="bbox 129 405 1347 896">
     <span class='ocr_line' id='line_1_2' title="bbox 129 405 1343 500; baseline -0.008 -12"><span class='ocrx_word' id='word_1_5' title='bbox 129 419 200 490; x_wconf 70' lang='lat'>1350‘</span> <span class='ocrx_word' id='word_1_6' title='bbox 214 433 327 488; x_wconf 91' lang='lat' dir='ltr'><strong>comes</strong></span> <span class='ocrx_word' id='word_1_7' title='bbox 345 410 387 483; x_wconf 90' lang='lat' dir='ltr'><strong>de</strong></span> <span class='ocrx_word' id='word_1_8' title='bbox 403 409 578 486; x_wconf 87' lang='lat' dir='ltr'><strong>Eberstein</strong></span> <span class='ocrx_word' id='word_1_9' title='bbox 597 409 829 482; x_wconf 89' lang='lat' dir='ltr'><strong>Baldemarum</strong></span> <span class='ocrx_word' id='word_1_10' title='bbox 846 410 993 500; x_wconf 71' lang='lat' dir='ltr'><strong>militem.</strong></span> <span class='ocrx_word' id='word_1_11' title='bbox 1017 405 1136 479; x_wconf 91' lang='lat' dir='ltr'><strong>dictum</strong></span> <span class='ocrx_word' id='word_1_12' title='bbox 1159 405 1231 478; x_wconf 92' lang='lat' dir='ltr'><strong>der</strong></span> <span class='ocrx_word' id='word_1_13' title='bbox 1253 418 1343 480; x_wconf 93' lang='lat' dir='ltr'><strong>rote</strong></span> 
     </span>
     <span class='ocr_line' id='line_1_3' title="bbox 215 505 1344 599; baseline -0.006 -14"><span class='ocrx_word' id='word_1_14' title='bbox 215 509 436 585; x_wconf 89' lang='lat' dir='ltr'><strong>Baldemar</strong></span> <span class='ocrx_word' id='word_1_15' title='bbox 452 507 688 599; x_wconf 71' lang='lat' dir='ltr'><strong>deWestrick.</strong></span> <span class='ocrx_word' id='word_1_16' title='bbox 707 505 748 578; x_wconf 90' lang='lat' dir='ltr'><strong>de</strong></span> <span class='ocrx_word' id='word_1_17' title='bbox 765 505 847 578; x_wconf 88' lang='lat' dir='ltr'><strong>urbe</strong></span> <span class='ocrx_word' id='word_1_18' title='bbox 863 505 1045 578; x_wconf 72' lang='lat' dir='ltr'><strong>redientem</strong></span> <span class='ocrx_word' id='word_1_19' title='bbox 1064 508 1161 599; x_wconf 71' lang='lat' dir='ltr'><strong>cepit</strong></span> <span class='ocrx_word' id='word_1_20' title='bbox 1179 515 1212 577; x_wconf 90' lang='lat' dir='ltr'><strong>et</strong></span> <span class='ocrx_word' id='word_1_21' title='bbox 1228 507 1260 578; x_wconf 94' lang='lat' dir='ltr'><strong>in</strong></span> <span class='ocrx_word' id='word_1_22' title='bbox 1278 529 1344 578; x_wconf 87' lang='lat' dir='ltr'><strong>au-</strong></span> 
     </span>
     <span class='ocr_line' id='line_1_4' title="bbox 215 601 1345 700; baseline -0.004 -18"><span class='ocrx_word' id='word_1_23' title='bbox 215 631 348 683; x_wconf 92' lang='lat' dir='ltr'><strong>reorum</strong></span> <span class='ocrx_word' id='word_1_24' title='bbox 366 629 560 700; x_wconf 82' lang='lat' dir='ltr'><strong>grossorum</strong></span> <span class='ocrx_word' id='word_1_25' title='bbox 578 624 643 680; x_wconf 86' lang='lat' dir='ltr'><strong>sex</strong></span> <span class='ocrx_word' id='word_1_26' title='bbox 658 601 789 678; x_wconf 83' lang='lat' dir='ltr'><strong>milibus</strong></span> <span class='ocrx_word' id='word_1_27' title='bbox 806 606 962 692; x_wconf 79' lang='lat' dir='ltr'><strong>talliavit3</strong></span> <span class='ocrx_word' id='word_1_28' title='bbox 987 603 1029 674; x_wconf 97' lang='lat' dir='ltr'><strong>de</strong></span> <span class='ocrx_word' id='word_1_29' title='bbox 1047 625 1110 698; x_wconf 87' lang='lat' dir='ltr'><strong>quo</strong></span> <span class='ocrx_word' id='word_1_30' title='bbox 1127 613 1236 676; x_wconf 84' lang='lat' dir='ltr'><strong>tamon</strong></span> <span class='ocrx_word' id='word_1_31' title='bbox 1255 603 1345 677; x_wconf 86' lang='lat' dir='ltr'><strong>multi</strong></span> 
     </span>
     <span class='ocr_line' id='line_1_5' title="bbox 214 699 1347 800; baseline -0.005 -18"><span class='ocrx_word' id='word_1_32' title='bbox 214 705 342 782; x_wconf 84' lang='lat' dir='ltr'><strong>nobiles</strong></span> <span class='ocrx_word' id='word_1_33' title='bbox 361 716 437 781; x_wconf 90' lang='lat' dir='ltr'><strong>sunt</strong></span> <span class='ocrx_word' id='word_1_34' title='bbox 458 707 580 797; x_wconf 65' lang='lat' dir='ltr'><strong>gavisi.</strong></span> <span class='ocrx_word' id='word_1_35' title='bbox 605 706 678 800; x_wconf 82' lang='lat' dir='ltr'><strong>quia</strong></span> <span class='ocrx_word' id='word_1_36' title='bbox 696 701 783 774; x_wconf 89' lang='lat' dir='ltr'><strong>idem</strong></span> <span class='ocrx_word' id='word_1_37' title='bbox 801 704 896 776; x_wconf 88' lang='lat' dir='ltr'><strong>miles</strong></span> <span class='ocrx_word' id='word_1_38' title='bbox 914 702 1032 776; x_wconf 93' lang='lat' dir='ltr'><strong>multos</strong></span> <span class='ocrx_word' id='word_1_39' title='bbox 1051 699 1166 775; x_wconf 88' lang='lat' dir='ltr'><strong>diebus</strong></span> <span class='ocrx_word' id='word_1_40' title='bbox 1184 706 1254 778; x_wconf 89' lang='lat' dir='ltr'><strong>suis</strong></span> <span class='ocrx_word' id='word_1_41' title='bbox 1270 707 1347 800; x_wconf 82' lang='lat' dir='ltr'><strong>post</strong></span> 
     </span>
     <span class='ocr_line' id='line_1_6' title="bbox 219 799 1096 896; baseline -0.009 -15"><span class='ocrx_word' id='word_1_42' title='bbox 219 807 324 880; x_wconf 82' lang='lat' dir='ltr'><strong>eciam</strong></span> <span class='ocrx_word' id='word_1_43' title='bbox 342 807 503 878; x_wconf 82' lang='lat' dir='ltr'><strong>cruciatam</strong></span> <span class='ocrx_word' id='word_1_44' title='bbox 520 821 662 896; x_wconf 83' lang='lat' dir='ltr'><strong>magnos</strong></span> <span class='ocrx_word' id='word_1_45' title='bbox 681 803 865 876; x_wconf 83' lang='lat' dir='ltr'><strong>excoriavit</strong></span> <span class='ocrx_word' id='word_1_46' title='bbox 880 799 921 872; x_wconf 90' lang='lat' dir='ltr'><strong>ad</strong></span> <span class='ocrx_word' id='word_1_47' title='bbox 939 823 1096 892; x_wconf 84' lang='lat' dir='ltr'><strong>unguem.</strong></span> 
     </span>
    </p>

    <p class='ocr_par' dir='ltr' id='par_1_3' title="bbox 214 897 1402 2052">
     <span class='ocr_line' id='line_1_7' title="bbox 263 897 1346 996; baseline -0.004 -21"><span class='ocrx_word' id='word_1_48' title='bbox 263 900 398 976; x_wconf 84' lang='lat' dir='ltr'><strong>Eisdem</strong></span> <span class='ocrx_word' id='word_1_49' title='bbox 420 898 621 996; x_wconf 79' lang='lat' dir='ltr'><strong>temporibus</strong></span> <span class='ocrx_word' id='word_1_50' title='bbox 639 899 682 972; x_wconf 92' lang='lat' dir='ltr'><strong>de</strong></span> <span class='ocrx_word' id='word_1_51' title='bbox 699 921 816 972; x_wconf 89' lang='lat' dir='ltr'><strong>mense</strong></span> <span class='ocrx_word' id='word_1_52' title='bbox 840 897 1006 972; x_wconf 79' lang='lat' dir='ltr'><strong>decembri</strong></span> <span class='ocrx_word' id='word_1_53' title='bbox 1023 898 1261 974; x_wconf 90' lang='lat' dir='ltr'><strong>Hanemannus</strong></span> <span class='ocrx_word' id='word_1_54' title='bbox 1278 897 1346 971; x_wconf 93' lang='lat' dir='ltr'><strong>do-</strong></span> 
     </span>
     <span class='ocr_line' id='line_1_8' title="bbox 215 995 1346 1094; baseline -0.008 -18"><span class='ocrx_word' id='word_1_55' title='bbox 215 1004 323 1076; x_wconf 90' lang='lat' dir='ltr'><strong>minus</strong></span> <span class='ocrx_word' id='word_1_56' title='bbox 340 1003 373 1072; x_wconf 93' lang='lat' dir='ltr'><strong>in</strong></span> <span class='ocrx_word' id='word_1_57' title='bbox 391 995 629 1091; x_wconf 68' lang='lat' dir='ltr'><strong>Liehtenberg.</strong></span> <span class='ocrx_word' id='word_1_58' title='bbox 653 1002 706 1094; x_wconf 83' lang='lat' dir='ltr'><strong>qui</strong></span> <span class='ocrx_word' id='word_1_59' title='bbox 728 1019 892 1093; x_wconf 87' lang='lat' dir='ltr'><strong>spernens</strong></span> <span class='ocrx_word' id='word_1_60' title='bbox 916 996 1080 1068; x_wconf 87' lang='lat' dir='ltr'><strong>dominam</strong></span> <span class='ocrx_word' id='word_1_61' title='bbox 1098 995 1139 1069; x_wconf 89' lang='lat' dir='ltr'><strong>de</strong></span> <span class='ocrx_word' id='word_1_62' title='bbox 1155 997 1346 1091; x_wconf 63' lang='lat' dir='ltr'><strong>huningen,</strong></span> 
     </span>
     <span class='ocr_line' id='line_1_9' title="bbox 216 1095 1347 1266; baseline -0.008 -93"><span class='ocrx_word' id='word_1_63' title='bbox 216 1121 366 1174; x_wconf 91' lang='lat' dir='ltr'><strong>sororem</strong></span> <span class='ocrx_word' id='word_1_64' title='bbox 375 1096 527 1266; x_wconf 65' lang='lat' dir='ltr'><strong>Empchi.</strong></span> <span class='ocrx_word' id='word_1_65' title='bbox 546 1099 671 1169; x_wconf 87' lang='lat' dir='ltr'><strong>comitis</strong></span> <span class='ocrx_word' id='word_1_66' title='bbox 689 1096 730 1168; x_wconf 90' lang='lat' dir='ltr'><strong>de</strong></span> <span class='ocrx_word' id='word_1_67' title='bbox 742 1096 930 1191; x_wconf 72' lang='lat' dir='ltr'><strong>Lpningen.</strong></span> <span class='ocrx_word' id='word_1_68' title='bbox 947 1099 1122 1187; x_wconf 85' lang='lat' dir='ltr'><strong>coniugem</strong></span> <span class='ocrx_word' id='word_1_69' title='bbox 1141 1117 1236 1169; x_wconf 86' lang='lat' dir='ltr'><strong>suam</strong></span> <span class='ocrx_word' id='word_1_70' title='bbox 1252 1095 1347 1188; x_wconf 85' lang='lat' dir='ltr'><strong>legi-</strong></span> 
     </span>
     <span class='ocr_line' id='line_1_10' title="bbox 214 1191 1402 1291; baseline -0.004 -22"><span class='ocrx_word' id='word_1_71' title='bbox 214 1201 327 1272; x_wconf 88' lang='lat' dir='ltr'><strong>timam</strong></span> <span class='ocrx_word' id='word_1_72' title='bbox 341 1206 374 1267; x_wconf 93' lang='lat' dir='ltr'><strong>et</strong></span> <span class='ocrx_word' id='word_1_73' title='bbox 386 1218 444 1291; x_wconf 91' lang='lat' dir='ltr'><strong>pro</strong></span> <span class='ocrx_word' id='word_1_74' title='bbox 468 1218 534 1286; x_wconf 73' lang='lat' dir='ltr'><strong>am.</strong></span> <span class='ocrx_word' id='word_1_75' title='bbox 552 1194 679 1266; x_wconf 87' lang='lat' dir='ltr'><strong>cuidam</strong></span> <span class='ocrx_word' id='word_1_76' title='bbox 690 1192 780 1290; x_wconf 72' lang='lat' dir='ltr'><strong>hyse</strong></span> <span class='ocrx_word' id='word_1_77' title='bbox 797 1195 925 1267; x_wconf 89' lang='lat' dir='ltr'><strong>mulieri</strong></span> <span class='ocrx_word' id='word_1_78' title='bbox 943 1193 1071 1266; x_wconf 89' lang='lat' dir='ltr'><strong>adhesit</strong></span> <span class='ocrx_word' id='word_1_79' title='bbox 1088 1191 1283 1285; x_wconf 68' lang='lat' dir='ltr'><strong>adulterine,</strong></span> <span class='ocrx_word' id='word_1_80' title='bbox 1302 1215 1348 1266; x_wconf 83' lang='lat' dir='ltr'><strong>ex</strong></span> <span class='ocrx_word' id='word_1_81' title='bbox 1400 1257 1402 1264; x_wconf 82' lang='grc'>,</span> 
     </span>
     <span class='ocr_line' id='line_1_11' title="bbox 216 1290 1347 1391; baseline -0.001 -25"><span class='ocrx_word' id='word_1_82' title='bbox 216 1319 278 1391; x_wconf 88' lang='lat' dir='ltr'><strong>qua</strong></span> <span class='ocrx_word' id='word_1_83' title='bbox 302 1294 416 1389; x_wconf 87' lang='lat' dir='ltr'><strong>plures</strong></span> <span class='ocrx_word' id='word_1_84' title='bbox 438 1291 560 1366; x_wconf 89' lang='lat' dir='ltr'><strong>liberos</strong></span> <span class='ocrx_word' id='word_1_85' title='bbox 582 1295 782 1388; x_wconf 65' lang='lat' dir='ltr'><strong>procreauit.</strong></span> <span class='ocrx_word' id='word_1_86' title='bbox 808 1313 943 1386; x_wconf 90' lang='lat' dir='ltr'><strong>quarum</strong></span> <span class='ocrx_word' id='word_1_87' title='bbox 967 1313 1065 1364; x_wconf 90' lang='lat' dir='ltr'><strong>uuam</strong></span> <span class='ocrx_word' id='word_1_88' title='bbox 1084 1290 1149 1364; x_wconf 87' lang='lat' dir='ltr'><strong>lilio</strong></span> <span class='ocrx_word' id='word_1_89' title='bbox 1167 1290 1347 1365; x_wconf 86' lang='lat' dir='ltr'><strong>Goctzonis</strong></span> 
     </span>
     <span class='ocr_line' id='line_1_12' title="bbox 216 1389 1347 1484; baseline -0.005 -18"><span class='ocrx_word' id='word_1_90' title='bbox 216 1393 258 1466; x_wconf 90' lang='lat' dir='ltr'><strong>de</strong></span> <span class='ocrx_word' id='word_1_91' title='bbox 276 1392 441 1482; x_wconf 68' lang='lat' dir='ltr'><strong>Grostein.</strong></span> <span class='ocrx_word' id='word_1_92' title='bbox 465 1391 572 1464; x_wconf 89' lang='lat' dir='ltr'><strong>mihtis</strong></span> <span class='ocrx_word' id='word_1_93' title='bbox 589 1389 860 1482; x_wconf 73' lang='lat' dir='ltr'><strong>argentinensis.</strong></span> <span class='ocrx_word' id='word_1_94' title='bbox 884 1392 1087 1461; x_wconf 89' lang='lat' dir='ltr'><strong>matrimonio</strong></span> <span class='ocrx_word' id='word_1_95' title='bbox 1112 1389 1290 1484; x_wconf 64' lang='lat' dir='ltr'><strong>copulavit,</strong></span> <span class='ocrx_word' id='word_1_96' title='bbox 1313 1393 1347 1460; x_wconf 95' lang='lat' dir='ltr'><strong>in</strong></span> 
     </span>
     <span class='ocr_line' id='line_1_13' title="bbox 217 1486 1348 1583; baseline -0.005 -19"><span class='ocrx_word' id='word_1_97' title='bbox 217 1501 326 1564; x_wconf 78' lang='lat' dir='ltr'><strong>metro</strong></span> <span class='ocrx_word' id='word_1_98' title='bbox 343 1511 405 1564; x_wconf 91' lang='lat' dir='ltr'><strong>suo</strong></span> <span class='ocrx_word' id='word_1_99' title='bbox 421 1487 643 1580; x_wconf 80' lang='lat' dir='ltr'><strong>lichtenberg</strong></span> <span class='ocrx_word' id='word_1_100' title='bbox 662 1511 723 1583; x_wconf 90' lang='lat' dir='ltr'><strong>per</strong></span> <span class='ocrx_word' id='word_1_101' title='bbox 739 1487 929 1560; x_wconf 91' lang='lat' dir='ltr'><strong>Heinricum</strong></span> <span class='ocrx_word' id='word_1_102' title='bbox 953 1487 1054 1560; x_wconf 91' lang='lat' dir='ltr'><strong>filium</strong></span> <span class='ocrx_word' id='word_1_103' title='bbox 1071 1509 1167 1560; x_wconf 90' lang='lat' dir='ltr'><strong>suurn</strong></span> <span class='ocrx_word' id='word_1_104' title='bbox 1185 1497 1219 1558; x_wconf 89' lang='lat' dir='ltr'><strong>et</strong></span> <span class='ocrx_word' id='word_1_105' title='bbox 1234 1486 1348 1581; x_wconf 65' lang='lat' dir='ltr'><strong>Emp-</strong></span> 
     </span>
     <span class='ocr_line' id='line_1_14' title="bbox 216 1581 1348 1683; baseline -0.004 -23"><span class='ocrx_word' id='word_1_106' title='bbox 216 1587 355 1661; x_wconf 89' lang='lat' dir='ltr'><strong>chonem</strong></span> <span class='ocrx_word' id='word_1_107' title='bbox 380 1586 561 1683; x_wconf 91' lang='lat' dir='ltr'><strong>predictum</strong></span> <span class='ocrx_word' id='word_1_108' title='bbox 585 1589 786 1680; x_wconf 68' lang='lat' dir='ltr'><strong>captivatur.</strong></span> <span class='ocrx_word' id='word_1_109' title='bbox 814 1595 847 1656; x_wconf 90' lang='lat' dir='ltr'><strong>et</strong></span> <span class='ocrx_word' id='word_1_110' title='bbox 863 1585 951 1680; x_wconf 72' lang='lat' dir='ltr'><strong>Lysa</strong></span> <span class='ocrx_word' id='word_1_111' title='bbox 974 1587 1184 1680; x_wconf 75' lang='lat' dir='ltr'><strong>precipitatur</strong></span> <span class='ocrx_word' id='word_1_112' title='bbox 1200 1581 1241 1654; x_wconf 90' lang='lat' dir='ltr'><strong>ab</strong></span> <span class='ocrx_word' id='word_1_113' title='bbox 1262 1585 1348 1672; x_wconf 88' lang='lat' dir='ltr'><strong>alto;</strong></span> 
     </span>
     <span class='ocr_line' id='line_1_15' title="bbox 215 1681 1348 1782; baseline -0.004 -24"><span class='ocrx_word' id='word_1_114' title='bbox 215 1689 306 1782; x_wconf 89' lang='lat' dir='ltr'><strong>prius</strong></span> <span class='ocrx_word' id='word_1_115' title='bbox 323 1687 412 1758; x_wconf 91' lang='lat' dir='ltr'><strong>enim</strong></span> <span class='ocrx_word' id='word_1_116' title='bbox 429 1685 536 1757; x_wconf 89' lang='lat' dir='ltr'><strong>luerat</strong></span> <span class='ocrx_word' id='word_1_117' title='bbox 553 1693 659 1778; x_wconf 67' lang='lat' dir='ltr'><strong>capta.</strong></span> <span class='ocrx_word' id='word_1_118' title='bbox 678 1684 909 1780; x_wconf 90' lang='lat' dir='ltr'><strong>etpermuhas</strong></span> <span class='ocrx_word' id='word_1_119' title='bbox 927 1685 1107 1778; x_wconf 83' lang='lat' dir='ltr'><strong>peticiones</strong></span> <span class='ocrx_word' id='word_1_120' title='bbox 1125 1681 1260 1757; x_wconf 84' lang='lat' dir='ltr'><strong>dimissa</strong></span> <span class='ocrx_word' id='word_1_121' title='bbox 1277 1687 1348 1754; x_wconf 89' lang='lat' dir='ltr'><strong>itc-</strong></span> 
     </span>
     <span class='ocr_line' id='line_1_16' title="bbox 215 1777 1348 1879; baseline -0.006 -21"><span class='ocrx_word' id='word_1_122' title='bbox 215 1807 288 1858; x_wconf 83' lang='lat' dir='ltr'><strong>rtmr</strong></span> <span class='ocrx_word' id='word_1_123' title='bbox 315 1787 377 1879; x_wconf 89' lang='lat' dir='ltr'><strong>ipsi</strong></span> <span class='ocrx_word' id='word_1_124' title='bbox 399 1783 616 1854; x_wconf 91' lang='lat' dir='ltr'><strong>Hanemanno</strong></span> <span class='ocrx_word' id='word_1_125' title='bbox 644 1779 784 1871; x_wconf 77' lang='lat' dir='ltr'><strong>adhesit,</strong></span> <span class='ocrx_word' id='word_1_126' title='bbox 813 1789 847 1852; x_wconf 89' lang='lat' dir='ltr'><strong>et</strong></span> <span class='ocrx_word' id='word_1_127' title='bbox 873 1791 948 1875; x_wconf 91' lang='lat' dir='ltr'><strong>post</strong></span> <span class='ocrx_word' id='word_1_128' title='bbox 973 1779 1112 1852; x_wconf 90' lang='lat' dir='ltr'><strong>reditum</strong></span> <span class='ocrx_word' id='word_1_129' title='bbox 1138 1777 1179 1850; x_wconf 90' lang='lat' dir='ltr'><strong>ab</strong></span> <span class='ocrx_word' id='word_1_130' title='bbox 1207 1777 1290 1852; x_wconf 91' lang='lat' dir='ltr'><strong>urbe</strong></span> <span class='ocrx_word' id='word_1_131' title='bbox 1314 1783 1348 1851; x_wconf 93' lang='lat' dir='ltr'><strong>in</strong></span> 
     </span>
     <span class='ocr_line' id='line_1_17' title="bbox 216 1877 1349 1965; baseline -0.004 -11"><span class='ocrx_word' id='word_1_132' title='bbox 216 1885 330 1954; x_wconf 74' lang='lat' dir='ltr'><strong>uxoris</strong></span> <span class='ocrx_word' id='word_1_133' title='bbox 358 1891 392 1952; x_wconf 91' lang='lat' dir='ltr'><strong>et</strong></span> <span class='ocrx_word' id='word_1_134' title='bbox 418 1879 474 1952; x_wconf 89' lang='lat' dir='ltr'><strong>lilii</strong></span> <span class='ocrx_word' id='word_1_135' title='bbox 498 1888 636 1952; x_wconf 90' lang='lat' dir='ltr'><strong>mortem</strong></span> <span class='ocrx_word' id='word_1_136' title='bbox 661 1877 886 1952; x_wconf 82' lang='lat' dir='ltr'><strong>machinando.</strong></span> <span class='ocrx_word' id='word_1_137' title='bbox 922 1880 984 1965; x_wconf 81' lang='lat' dir='ltr'><strong>Qui</strong></span> <span class='ocrx_word' id='word_1_138' title='bbox 1009 1877 1247 1952; x_wconf 85' lang='lat' dir='ltr'><strong>Hanemannus</strong></span> <span class='ocrx_word' id='word_1_139' title='bbox 1265 1877 1349 1950; x_wconf 64' lang='lat' dir='ltr'><strong>‘duta</strong></span> 
     </span>
     <span class='ocr_line' id='line_1_18' title="bbox 217 1973 1058 2052; baseline -0.006 0"><span class='ocrx_word' id='word_1_140' title='bbox 217 1982 374 2052; x_wconf 89' lang='lat' dir='ltr'><strong>caucione</strong></span> <span class='ocrx_word' id='word_1_141' title='bbox 392 1977 433 2050; x_wconf 91' lang='lat' dir='ltr'><strong>de</strong></span> <span class='ocrx_word' id='word_1_142' title='bbox 451 1977 517 2050; x_wconf 88' lang='lat' dir='ltr'><strong>non</strong></span> <span class='ocrx_word' id='word_1_143' title='bbox 535 1975 794 2050; x_wconf 84' lang='lat' dir='ltr'><strong>exhereditando</strong></span> <span class='ocrx_word' id='word_1_144' title='bbox 811 1976 877 2050; x_wconf 89' lang='lat' dir='ltr'><strong>lilio</strong></span> <span class='ocrx_word' id='word_1_145' title='bbox 894 1973 1058 2049; x_wconf 88' lang='lat' dir='ltr'><strong>liberatur.</strong></span> 
     </span>
    </p>

    <p class='ocr_par' dir='ltr' id='par_1_4' title="bbox 214 2072 1351 2564">
     <span class='ocr_line' id='line_1_19' title="bbox 264 2072 1350 2168; baseline 0 -20"><span class='ocrx_word' id='word_1_146' title='bbox 264 2076 365 2148; x_wconf 89' lang='lat' dir='ltr'><strong>Anno</strong></span> <span class='ocrx_word' id='word_1_147' title='bbox 383 2075 468 2148; x_wconf 92' lang='lat' dir='ltr'><strong>dom.</strong></span> <span class='ocrx_word' id='word_1_148' title='bbox 487 2075 646 2148; x_wconf 88' lang='lat' dir='ltr'><strong>m.ccc.li.¹</strong></span> <span class='ocrx_word' id='word_1_149' title='bbox 670 2074 800 2165; x_wconf 83' lang='grc'>[1350]</span> <span class='ocrx_word' id='word_1_150' title='bbox 820 2077 913 2148; x_wconf 87' lang='lat' dir='ltr'><strong>venit</strong></span> <span class='ocrx_word' id='word_1_151' title='bbox 928 2073 1097 2168; x_wconf 73' lang='lat' dir='ltr'><strong>Nycolaus</strong></span> <span class='ocrx_word' id='word_1_152' title='bbox 1116 2072 1288 2149; x_wconf 88' lang='lat' dir='ltr'><strong>Laurencii</strong></span> <span class='ocrx_word' id='word_1_153' title='bbox 1306 2075 1350 2148; x_wconf 89' lang='lat' dir='ltr'><strong>de</strong></span> 
     </span>
     <span class='ocr_line' id='line_1_20' title="bbox 216 2171 1350 2266; baseline -0.002 -18"><span class='ocrx_word' id='word_1_154' title='bbox 216 2175 423 2266; x_wconf 73' lang='lat' dir='ltr'><strong>menseiulii.</strong></span> <span class='ocrx_word' id='word_1_155' title='bbox 440 2175 517 2247; x_wconf 93' lang='lat' dir='ltr'><strong>olim</strong></span> <span class='ocrx_word' id='word_1_156' title='bbox 534 2171 682 2246; x_wconf 83' lang='lat' dir='ltr'><strong>tribunus</strong></span> <span class='ocrx_word' id='word_1_157' title='bbox 692 2175 876 2263; x_wconf 68' lang='lat' dir='ltr'><strong>Romanus.</strong></span> <span class='ocrx_word' id='word_1_158' title='bbox 893 2173 1036 2264; x_wconf 85' lang='lat' dir='ltr'><strong>Pregam</strong></span> <span class='ocrx_word' id='word_1_159' title='bbox 1053 2174 1239 2264; x_wconf 83' lang='lat' dir='ltr'><strong>incognitus</strong></span> <span class='ocrx_word' id='word_1_160' title='bbox 1252 2173 1350 2264; x_wconf 76' lang='lat' dir='ltr'><strong>inibi3</strong></span> 
     </span>
     <span class='ocr_line' id='line_1_21' title="bbox 216 2269 1351 2368; baseline 0 -24"><span class='ocrx_word' id='word_1_161' title='bbox 216 2275 269 2367; x_wconf 85' lang='lat' dir='ltr'><strong>qui</strong></span> <span class='ocrx_word' id='word_1_162' title='bbox 287 2283 420 2367; x_wconf 83' lang='lat' dir='ltr'><strong>propter</strong></span> <span class='ocrx_word' id='word_1_163' title='bbox 437 2269 596 2368; x_wconf 90' lang='lat' dir='ltr'><strong>quosdam</strong></span> <span class='ocrx_word' id='word_1_164' title='bbox 614 2275 686 2344; x_wconf 91' lang='lat' dir='ltr'><strong>eius</strong></span> <span class='ocrx_word' id='word_1_165' title='bbox 705 2291 878 2346; x_wconf 89' lang='lat' dir='ltr'><strong>sermones</strong></span> <span class='ocrx_word' id='word_1_166' title='bbox 897 2269 1088 2361; x_wconf 83' lang='lat' dir='ltr'><strong>aPragensi</strong></span> <span class='ocrx_word' id='word_1_167' title='bbox 1105 2273 1262 2366; x_wconf 89' lang='lat' dir='ltr'><strong>episeopo</strong></span> <span class='ocrx_word' id='word_1_168' title='bbox 1280 2273 1351 2346; x_wconf 91' lang='lat' dir='ltr'><strong>de-</strong></span> 
     </span>
     <span class='ocr_line' id='line_1_22' title="bbox 214 2367 1350 2465; baseline 0.003 -22"><span class='ocrx_word' id='word_1_169' title='bbox 214 2375 334 2444; x_wconf 84' lang='lat' dir='ltr'><strong>tinetur</strong></span> <span class='ocrx_word' id='word_1_170' title='bbox 351 2369 405 2442; x_wconf 89' lang='lat' dir='ltr'><strong>diu</strong></span> <span class='ocrx_word' id='word_1_171' title='bbox 423 2373 592 2465; x_wconf 61' lang='lat' dir='ltr'><strong>captivum</strong></span> <span class='ocrx_word' id='word_1_172' title='bbox 610 2391 709 2464; x_wconf 89' lang='lat' dir='ltr'><strong>quem</strong></span> <span class='ocrx_word' id='word_1_173' title='bbox 726 2379 841 2465; x_wconf 88' lang='lat' dir='ltr'><strong>postea</strong></span> <span class='ocrx_word' id='word_1_174' title='bbox 860 2368 901 2441; x_wconf 91' lang='lat' dir='ltr'><strong>de</strong></span> <span class='ocrx_word' id='word_1_175' title='bbox 918 2387 1036 2441; x_wconf 88' lang='lat' dir='ltr'><strong>mense</strong></span> <span class='ocrx_word' id='word_1_176' title='bbox 1054 2367 1119 2442; x_wconf 91' lang='lat' dir='ltr'><strong>iulii</strong></span> <span class='ocrx_word' id='word_1_177' title='bbox 1130 2367 1271 2444; x_wconf 85' lang='lat' dir='ltr'><strong>Carolus</strong></span> <span class='ocrx_word' id='word_1_178' title='bbox 1284 2393 1350 2446; x_wconf 85' lang='lat' dir='ltr'><strong>rex</strong></span> 
     </span>
     <span class='ocr_line' id='line_1_23' title="bbox 214 2470 509 2564; baseline -0.003 -24"><span class='ocrx_word' id='word_1_179' title='bbox 214 2491 300 2564; x_wconf 86' lang='lat' dir='ltr'><strong>pape</strong></span> <span class='ocrx_word' id='word_1_180' title='bbox 316 2470 509 2541; x_wconf 85' lang='lat' dir='ltr'><strong>transmittit.</strong></span> 
     </span>
    </p>

    <p class='ocr_par' dir='ltr' id='par_1_5' title="bbox 213 2563 1449 3056">
     <span class='ocr_line' id='line_1_24' title="bbox 263 2563 1351 2660; baseline 0.005 -23"><span class='ocrx_word' id='word_1_181' title='bbox 263 2566 341 2638; x_wconf 82' lang='lat' dir='ltr'><strong>Rex</strong></span> <span class='ocrx_word' id='word_1_182' title='bbox 364 2587 493 2660; x_wconf 88' lang='lat' dir='ltr'><strong>quoque</strong></span> <span class='ocrx_word' id='word_1_183' title='bbox 518 2575 594 2638; x_wconf 89' lang='lat' dir='ltr'><strong>tuno</strong></span> <span class='ocrx_word' id='word_1_184' title='bbox 612 2568 708 2657; x_wconf 85' lang='lat' dir='ltr'><strong>[oct]</strong></span> <span class='ocrx_word' id='word_1_185' title='bbox 734 2563 918 2636; x_wconf 83' lang='lat' dir='ltr'><strong>infirmitate</strong></span> <span class='ocrx_word' id='word_1_186' title='bbox 941 2565 1141 2656; x_wconf 83' lang='lat' dir='ltr'><strong>gravissima</strong></span> <span class='ocrx_word' id='word_1_187' title='bbox 1160 2576 1194 2639; x_wconf 90' lang='lat' dir='ltr'><strong>et</strong></span> <span class='ocrx_word' id='word_1_188' title='bbox 1209 2565 1351 2642; x_wconf 82' lang='lat' dir='ltr'><strong>durabili</strong></span> 
     </span>
     <span class='ocr_line' id='line_1_25' title="bbox 214 2661 1349 2757; baseline 0.004 -21"><span class='ocrx_word' id='word_1_189' title='bbox 214 2662 389 2754; x_wconf 67' lang='lat' dir='ltr'><strong>detinetm,</strong></span> <span class='ocrx_word' id='word_1_190' title='bbox 417 2661 502 2757; x_wconf 89' lang='lat' dir='ltr'><strong>quod</strong></span> <span class='ocrx_word' id='word_1_191' title='bbox 530 2663 619 2736; x_wconf 89' lang='lat' dir='ltr'><strong>multi</strong></span> <span class='ocrx_word' id='word_1_192' title='bbox 646 2685 691 2737; x_wconf 81' lang='lat' dir='ltr'><strong>ex</strong></span> <span class='ocrx_word' id='word_1_193' title='bbox 714 2666 822 2735; x_wconf 83' lang='lat' dir='ltr'><strong>toxico</strong></span> <span class='ocrx_word' id='word_1_194' title='bbox 846 2661 966 2735; x_wconf 87' lang='lat' dir='ltr'><strong>lactum</strong></span> <span class='ocrx_word' id='word_1_195' title='bbox 993 2661 1098 2735; x_wconf 84' lang='lat' dir='ltr'><strong>faisse</strong></span> <span class='ocrx_word' id='word_1_196' title='bbox 1125 2663 1349 2740; x_wconf 76' lang='lat' dir='ltr'><strong>crediderumt.</strong></span> 
     </span>
     <span class='ocr_line' id='line_1_26' title="bbox 214 2758 1349 2840; baseline 0.005 -6"><span class='ocrx_word' id='word_1_197' title='bbox 214 2760 337 2834; x_wconf 90' lang='lat' dir='ltr'><strong>ldultos</strong></span> <span class='ocrx_word' id='word_1_198' title='bbox 354 2763 442 2832; x_wconf 93' lang='lat' dir='ltr'><strong>enim</strong></span> <span class='ocrx_word' id='word_1_199' title='bbox 460 2758 664 2834; x_wconf 89' lang='lat' dir='ltr'><strong>dominomm</strong></span> <span class='ocrx_word' id='word_1_200' title='bbox 681 2760 839 2834; x_wconf 90' lang='lat' dir='ltr'><strong>Bohemie</strong></span> <span class='ocrx_word' id='word_1_201' title='bbox 857 2758 1093 2836; x_wconf 85' lang='lat' dir='ltr'><strong>municionibus</strong></span> <span class='ocrx_word' id='word_1_202' title='bbox 1112 2772 1146 2833; x_wconf 89' lang='lat' dir='ltr'><strong>et</strong></span> <span class='ocrx_word' id='word_1_203' title='bbox 1162 2761 1257 2835; x_wconf 85' lang='lat' dir='ltr'><strong>bonis</strong></span> <span class='ocrx_word' id='word_1_204' title='bbox 1277 2769 1349 2840; x_wconf 87' lang='lat' dir='ltr'><strong>suis</strong></span> 
     </span>
     <span class='ocr_line' id='line_1_27' title="bbox 236 2857 1449 2953; baseline -0.002 -22"><span class='ocrx_word' id='word_1_205' title='bbox 236 2881 274 2931; x_wconf 92' lang='lat' dir='ltr'><strong>er</strong></span> <span class='ocrx_word' id='word_1_206' title='bbox 296 2868 422 2953; x_wconf 88' lang='lat' dir='ltr'><strong>patrem</strong></span> <span class='ocrx_word' id='word_1_207' title='bbox 447 2862 538 2952; x_wconf 86' lang='lat' dir='ltr'><strong>regis</strong></span> <span class='ocrx_word' id='word_1_208' title='bbox 564 2858 690 2933; x_wconf 91' lang='lat' dir='ltr'><strong>eisdem</strong></span> <span class='ocrx_word' id='word_1_209' title='bbox 714 2857 865 2952; x_wconf 86' lang='lat' dir='ltr'><strong>obligatis</strong></span> <span class='ocrx_word' id='word_1_210' title='bbox 891 2858 1055 2953; x_wconf 67' lang='lat' dir='ltr'><strong>spoliauit,</strong></span> <span class='ocrx_word' id='word_1_211' title='bbox 1083 2858 1211 2952; x_wconf 72' lang='lat' dir='ltr'><strong>dicens,</strong></span> <span class='ocrx_word' id='word_1_212' title='bbox 1235 2883 1296 2936; x_wconf 87' lang='lat' dir='ltr'><strong>eos</strong></span> <span class='ocrx_word' id='word_1_213' title='bbox 1315 2874 1352 2937; x_wconf 88' lang='lat' dir='ltr'><strong>et</strong></span> <span class='ocrx_word' id='word_1_214' title='bbox 1448 2893 1449 2928; x_wconf 70' lang='grc'>;</span> 
     </span>
     <span class='ocr_line' id='line_1_28' title="bbox 213 2881 1349 3056; baseline 0.004 -26"><span class='ocrx_word' id='word_1_215' title='bbox 213 2881 301 3030; x_wconf 79' lang='lat' dir='ltr'><strong>bene</strong></span> <span class='ocrx_word' id='word_1_216' title='bbox 324 2959 496 3050; x_wconf 86' lang='lat' dir='ltr'><strong>recepisse</strong></span> <span class='ocrx_word' id='word_1_217' title='bbox 518 2958 657 3054; x_wconf 88' lang='lat' dir='ltr'><strong>plurima</strong></span> <span class='ocrx_word' id='word_1_218' title='bbox 675 2959 759 3029; x_wconf 81' lang='lat' dir='ltr'><strong>ultm</strong></span> <span class='ocrx_word' id='word_1_219' title='bbox 783 2965 915 3030; x_wconf 90' lang='lat' dir='ltr'><strong>sortem.</strong></span> <span class='ocrx_word' id='word_1_220' title='bbox 953 2953 1129 3028; x_wconf 82' lang='lat' dir='ltr'><strong>Gorrvaluit</strong></span> <span class='ocrx_word' id='word_1_221' title='bbox 1145 2968 1254 3031; x_wconf 88' lang='lat' dir='ltr'><strong>autem</strong></span> <span class='ocrx_word' id='word_1_222' title='bbox 1273 2962 1349 3056; x_wconf 89' lang='lat' dir='ltr'><strong>ipse</strong></span> 
     </span>
    </p>

    <p class='ocr_par' dir='ltr' id='par_1_6' title="bbox 129 3052 1448 3934">
     <span class='ocr_line' id='line_1_29' title="bbox 129 3052 1350 3154; baseline 0.004 -28"><span class='ocrx_word' id='word_1_223' title='bbox 129 3067 196 3154; x_wconf 82' lang='grc' dir='ltr'><strong>1351Ι</strong></span> <span class='ocrx_word' id='word_1_224' title='bbox 212 3077 277 3128; x_wconf 85' lang='lat' dir='ltr'><strong>rex</strong></span> <span class='ocrx_word' id='word_1_225' title='bbox 299 3063 525 3149; x_wconf 88' lang='lat' dir='ltr'><strong>competenter</strong></span> <span class='ocrx_word' id='word_1_226' title='bbox 542 3064 575 3126; x_wconf 89' lang='lat' dir='ltr'><strong>et</strong></span> <span class='ocrx_word' id='word_1_227' title='bbox 598 3053 659 3127; x_wconf 92' lang='lat' dir='ltr'><strong>sub</strong></span> <span class='ocrx_word' id='word_1_228' title='bbox 684 3077 770 3127; x_wconf 90' lang='lat' dir='ltr'><strong>anno</strong></span> <span class='ocrx_word' id='word_1_229' title='bbox 794 3053 879 3126; x_wconf 93' lang='lat' dir='ltr'><strong>dom.</strong></span> <span class='ocrx_word' id='word_1_230' title='bbox 898 3054 1044 3127; x_wconf 82' lang='lat' dir='ltr'><strong>mcccli.</strong></span> <span class='ocrx_word' id='word_1_231' title='bbox 1063 3052 1106 3125; x_wconf 90' lang='lat' dir='ltr'><strong>de</strong></span> <span class='ocrx_word' id='word_1_232' title='bbox 1130 3077 1247 3130; x_wconf 87' lang='lat' dir='ltr'><strong>mense</strong></span> <span class='ocrx_word' id='word_1_233' title='bbox 1269 3063 1350 3131; x_wconf 90' lang='lat' dir='ltr'><strong>maii</strong></span> 
     </span>
     <span class='ocr_line' id='line_1_30' title="bbox 213 3151 1348 3248; baseline 0.005 -24"><span class='ocrx_word' id='word_1_234' title='bbox 213 3151 331 3226; x_wconf 91' lang='lat' dir='ltr'><strong>ducem</strong></span> <span class='ocrx_word' id='word_1_235' title='bbox 348 3153 485 3226; x_wconf 88' lang='lat' dir='ltr'><strong>Austrie</strong></span> <span class='ocrx_word' id='word_1_236' title='bbox 502 3155 643 3244; x_wconf 60' lang='lat' dir='ltr'><strong>ustum</strong></span> <span class='ocrx_word' id='word_1_237' title='bbox 666 3155 752 3225; x_wconf 90' lang='lat' dir='ltr'><strong>inter</strong></span> <span class='ocrx_word' id='word_1_238' title='bbox 769 3153 831 3224; x_wconf 91' lang='lat' dir='ltr'><strong>alia</strong></span> <span class='ocrx_word' id='word_1_239' title='bbox 848 3152 983 3223; x_wconf 88' lang='lat' dir='ltr'><strong>fratrem</strong></span> <span class='ocrx_word' id='word_1_240' title='bbox 1001 3175 1110 3240; x_wconf 70' lang='lat' dir='ltr'><strong>suum.</strong></span> <span class='ocrx_word' id='word_1_241' title='bbox 1128 3154 1348 3248; x_wconf 85' lang='lat' dir='ltr'><strong>patriarcham</strong></span> 
     </span>
     <span class='ocr_line' id='line_1_31' title="bbox 212 3248 1351 3345; baseline 0.003 -21"><span class='ocrx_word' id='word_1_242' title='bbox 212 3251 493 3345; x_wconf 69' lang='lat' dir='ltr'><strong>Apntygensen.</strong></span> <span class='ocrx_word' id='word_1_243' title='bbox 521 3250 763 3326; x_wconf 86' lang='lat' dir='ltr'><strong>reconciliando</strong></span> <span class='ocrx_word' id='word_1_244' title='bbox 791 3268 865 3322; x_wconf 91' lang='lat' dir='ltr'><strong>cum</strong></span> <span class='ocrx_word' id='word_1_245' title='bbox 893 3248 1010 3340; x_wconf 83' lang='lat' dir='ltr'><strong>duce³;</strong></span> <span class='ocrx_word' id='word_1_246' title='bbox 1040 3253 1145 3322; x_wconf 90' lang='lat' dir='ltr'><strong>amice</strong></span> <span class='ocrx_word' id='word_1_247' title='bbox 1172 3254 1277 3324; x_wconf 90' lang='lat' dir='ltr'><strong>eciam</strong></span> <span class='ocrx_word' id='word_1_248' title='bbox 1307 3277 1351 3327; x_wconf 86' lang='lat' dir='ltr'><strong>se</strong></span> 
     </span>
     <span class='ocr_line' id='line_1_32' title="bbox 213 3345 1448 3440; baseline 0.006 -22"><span class='ocrx_word' id='word_1_249' title='bbox 213 3369 338 3440; x_wconf 85' lang='lat' dir='ltr'><strong>gerens</strong></span> <span class='ocrx_word' id='word_1_250' title='bbox 356 3371 430 3419; x_wconf 91' lang='lat' dir='ltr'><strong>cum</strong></span> <span class='ocrx_word' id='word_1_251' title='bbox 447 3348 636 3420; x_wconf 89' lang='lat' dir='ltr'><strong>marchione</strong></span> <span class='ocrx_word' id='word_1_252' title='bbox 654 3348 696 3419; x_wconf 91' lang='lat' dir='ltr'><strong>de</strong></span> <span class='ocrx_word' id='word_1_253' title='bbox 709 3345 951 3440; x_wconf 84' lang='lat' dir='ltr'><strong>Braud&#39;enburg</strong></span> <span class='ocrx_word' id='word_1_254' title='bbox 968 3352 1039 3422; x_wconf 86' lang='lat' dir='ltr'><strong>eius</strong></span> <span class='ocrx_word' id='word_1_255' title='bbox 1058 3346 1260 3424; x_wconf 84' lang='lat' dir='ltr'><strong>adversariis</strong></span> <span class='ocrx_word' id='word_1_256' title='bbox 1278 3351 1349 3424; x_wconf 87' lang='lat' dir='ltr'><strong>ad·</strong></span> <span class='ocrx_word' id='word_1_257' title='bbox 1447 3369 1448 3386; x_wconf 58' lang='lat'>*</span> 
     </span>
     <span class='ocr_line' id='line_1_33' title="bbox 214 3444 1348 3544; baseline 0.007 -28"><span class='ocrx_word' id='word_1_258' title='bbox 214 3455 378 3517; x_wconf 86' lang='lat' dir='ltr'><strong>versatur.</strong></span> <span class='ocrx_word' id='word_1_259' title='bbox 405 3445 546 3534; x_wconf 82' lang='lat' dir='ltr'><strong>Quilibet</strong></span> <span class='ocrx_word' id='word_1_260' title='bbox 557 3450 661 3519; x_wconf 88' lang='lat' dir='ltr'><strong>eciam</strong></span> <span class='ocrx_word' id='word_1_261' title='bbox 672 3469 786 3519; x_wconf 89' lang='lat' dir='ltr'><strong>eorum</strong></span> <span class='ocrx_word' id='word_1_262' title='bbox 803 3444 947 3518; x_wconf 85' lang='lat' dir='ltr'><strong>barones</strong></span> <span class='ocrx_word' id='word_1_263' title='bbox 958 3448 1106 3538; x_wconf 68' lang='lat' dir='ltr'><strong>alterius,</strong></span> <span class='ocrx_word' id='word_1_264' title='bbox 1124 3451 1177 3542; x_wconf 91' lang='lat' dir='ltr'><strong>qui</strong></span> <span class='ocrx_word' id='word_1_265' title='bbox 1194 3457 1348 3544; x_wconf 88' lang='lat' dir='ltr'><strong>tempere</strong></span> 
     </span>
     <span class='ocr_line' id='line_1_34' title="bbox 212 3543 1346 3622; baseline 0.006 -8"><span class='ocrx_word' id='word_1_266' title='bbox 212 3564 328 3614; x_wconf 90' lang='lat' dir='ltr'><strong>eorum</strong></span> <span class='ocrx_word' id='word_1_267' title='bbox 344 3545 516 3616; x_wconf 91' lang='lat' dir='ltr'><strong>inimicicie</strong></span> <span class='ocrx_word' id='word_1_268' title='bbox 527 3543 568 3615; x_wconf 91' lang='lat' dir='ltr'><strong>de</strong></span> <span class='ocrx_word' id='word_1_269' title='bbox 586 3543 745 3617; x_wconf 89' lang='lat' dir='ltr'><strong>tradendo</strong></span> <span class='ocrx_word' id='word_1_270' title='bbox 763 3543 928 3616; x_wconf 90' lang='lat' dir='ltr'><strong>dominum</strong></span> <span class='ocrx_word' id='word_1_271' title='bbox 946 3567 1042 3618; x_wconf 89' lang='lat' dir='ltr'><strong>suum</strong></span> <span class='ocrx_word' id='word_1_272' title='bbox 1060 3567 1135 3616; x_wconf 93' lang='lat' dir='ltr'><strong>cum</strong></span> <span class='ocrx_word' id='word_1_273' title='bbox 1152 3545 1256 3618; x_wconf 88' lang='lat' dir='ltr'><strong>altero</strong></span> <span class='ocrx_word' id='word_1_274' title='bbox 1267 3550 1346 3622; x_wconf 88' lang='lat' dir='ltr'><strong>vias</strong></span> 
     </span>
     <span class='ocr_line' id='line_1_35' title="bbox 212 3641 1350 3738; baseline 0.006 -26"><span class='ocrx_word' id='word_1_275' title='bbox 212 3643 415 3736; x_wconf 72' lang='lat' dir='ltr'><strong>quesierant</strong></span> <span class='ocrx_word' id='word_1_276' title='bbox 438 3642 600 3736; x_wconf 85' lang='lat' dir='ltr'><strong>patefecit.</strong></span> <span class='ocrx_word' id='word_1_277' title='bbox 627 3641 775 3715; x_wconf 86' lang='lat' dir='ltr'><strong>hlarcbio</strong></span> <span class='ocrx_word' id='word_1_278' title='bbox 792 3645 910 3732; x_wconf 66' lang='lat' dir='ltr'><strong>eciam,</strong></span> <span class='ocrx_word' id='word_1_279' title='bbox 934 3646 1085 3738; x_wconf 88' lang='lat' dir='ltr'><strong>quemvis</strong></span> <span class='ocrx_word' id='word_1_280' title='bbox 1104 3665 1142 3716; x_wconf 89' lang='lat' dir='ltr'><strong>se</strong></span> <span class='ocrx_word' id='word_1_281' title='bbox 1160 3647 1350 3719; x_wconf 69' lang='lat' dir='ltr'><strong>exinanivit</strong></span> 
     </span>
     <span class='ocr_line' id='line_1_36' title="bbox 212 3739 1348 3838; baseline 0.005 -29"><span class='ocrx_word' id='word_1_282' title='bbox 212 3739 245 3810; x_wconf 92' lang='lat' dir='ltr'><strong>in</strong></span> <span class='ocrx_word' id='word_1_283' title='bbox 263 3743 422 3833; x_wconf 87' lang='lat' dir='ltr'><strong>expensis</strong></span> <span class='ocrx_word' id='word_1_284' title='bbox 433 3743 467 3810; x_wconf 94' lang='lat' dir='ltr'><strong>in</strong></span> <span class='ocrx_word' id='word_1_285' title='bbox 484 3739 640 3833; x_wconf 68' lang='lat' dir='ltr'><strong>marchia,</strong></span> <span class='ocrx_word' id='word_1_286' title='bbox 658 3751 768 3812; x_wconf 92' lang='lat' dir='ltr'><strong>tamen</strong></span> <span class='ocrx_word' id='word_1_287' title='bbox 786 3739 923 3812; x_wconf 82' lang='lat' dir='ltr'><strong>feliciter</strong></span> <span class='ocrx_word' id='word_1_288' title='bbox 939 3739 1162 3835; x_wconf 66' lang='lat' dir='ltr'><strong>triumphavit,</strong></span> <span class='ocrx_word' id='word_1_289' title='bbox 1181 3745 1348 3838; x_wconf 86' lang='lat' dir='ltr'><strong>victisque</strong></span> 
     </span>
     <span class='ocr_line' id='line_1_37' title="bbox 212 3833 1447 3934; baseline 0.003 -28"><span class='ocrx_word' id='word_1_290' title='bbox 212 3833 404 3934; x_wconf 84' lang='lat' dir='ltr'><strong>quibusdam</strong></span> <span class='ocrx_word' id='word_1_291' title='bbox 422 3835 659 3909; x_wconf 90' lang='lat' dir='ltr'><strong>municionibus</strong></span> <span class='ocrx_word' id='word_1_292' title='bbox 677 3837 893 3910; x_wconf 84' lang='lat' dir='ltr'><strong>inhabitantes</strong></span> <span class='ocrx_word' id='word_1_293' title='bbox 912 3841 1081 3912; x_wconf 88' lang='lat' dir='ltr'><strong>cremavit.</strong></span> <span class='ocrx_word' id='word_1_294' title='bbox 1446 3835 1447 3910; x_wconf 72' lang='grc' dir='ltr'>ἶ</span> 
     </span>
    </p>

    <p class='ocr_par' dir='ltr' id='par_1_7' title="bbox 209 3934 1447 4230">
     <span class='ocr_line' id='line_1_38' title="bbox 260 3934 1447 4027; baseline 0.007 -22"><span class='ocrx_word' id='word_1_295' title='bbox 260 3934 436 4008; x_wconf 87' lang='lat' dir='ltr'><strong>Romarius</strong></span> <span class='ocrx_word' id='word_1_296' title='bbox 454 3946 575 4027; x_wconf 69' lang='lat' dir='ltr'><strong>autem,</strong></span> <span class='ocrx_word' id='word_1_297' title='bbox 593 3935 695 4007; x_wconf 88' lang='lat' dir='ltr'><strong>frater</strong></span> <span class='ocrx_word' id='word_1_298' title='bbox 707 3938 792 4026; x_wconf 70' lang='lat' dir='ltr'><strong>eius.</strong></span> <span class='ocrx_word' id='word_1_299' title='bbox 809 3939 902 4008; x_wconf 90' lang='lat' dir='ltr'><strong>venit</strong></span> <span class='ocrx_word' id='word_1_300' title='bbox 919 3935 961 4006; x_wconf 92' lang='lat' dir='ltr'><strong>ad</strong></span> <span class='ocrx_word' id='word_1_301' title='bbox 977 3947 1114 4008; x_wconf 89' lang='lat' dir='ltr'><strong>matrem</strong></span> <span class='ocrx_word' id='word_1_302' title='bbox 1127 3939 1198 4011; x_wconf 91' lang='lat' dir='ltr'><strong>eius</strong></span> <span class='ocrx_word' id='word_1_303' title='bbox 1209 3941 1244 4010; x_wconf 91' lang='lat' dir='ltr'><strong>in</strong></span> <span class='ocrx_word' id='word_1_304' title='bbox 1255 3939 1348 4012; x_wconf 83' lang='lat' dir='ltr'><strong>Hol—</strong></span> <span class='ocrx_word' id='word_1_305' title='bbox 1446 3945 1447 3996; x_wconf 77' lang='lat' dir='ltr'><strong>t</strong></span> 
     </span>
     <span class='ocr_line' id='line_1_39' title="bbox 209 4030 1346 4128; baseline 0.005 -24"><span class='ocrx_word' id='word_1_306' title='bbox 209 4030 351 4104; x_wconf 91' lang='lat' dir='ltr'><strong>lendiam</strong></span> <span class='ocrx_word' id='word_1_307' title='bbox 379 4035 542 4107; x_wconf 87' lang='lat' dir='ltr'><strong>assistens</strong></span> <span class='ocrx_word' id='word_1_308' title='bbox 569 4036 663 4105; x_wconf 73' lang='lat' dir='ltr'><strong>matu·</strong></span> <span class='ocrx_word' id='word_1_309' title='bbox 690 4043 801 4106; x_wconf 89' lang='lat' dir='ltr'><strong>contra</strong></span> <span class='ocrx_word' id='word_1_310' title='bbox 829 4034 964 4106; x_wconf 81' lang='lat' dir='ltr'><strong>hotrem</strong></span> <span class='ocrx_word' id='word_1_311' title='bbox 992 4055 1088 4107; x_wconf 90' lang='lat' dir='ltr'><strong>suum</strong></span> <span class='ocrx_word' id='word_1_312' title='bbox 1113 4032 1346 4128; x_wconf 78' lang='lat' dir='ltr'><strong>Wilhelmum,</strong></span> 
     </span>
     <span class='ocr_line' id='line_1_40' title="bbox 211 4129 1347 4230; baseline 0.01 -32"><span class='ocrx_word' id='word_1_313' title='bbox 211 4150 308 4222; x_wconf 87' lang='lat' dir='ltr'><strong>quem</strong></span> <span class='ocrx_word' id='word_1_314' title='bbox 319 4139 407 4201; x_wconf 87' lang='lat' dir='ltr'><strong>terra</strong></span> <span class='ocrx_word' id='word_1_315' title='bbox 419 4131 472 4201; x_wconf 91' lang='lat' dir='ltr'><strong>illa</strong></span> <span class='ocrx_word' id='word_1_316' title='bbox 483 4153 543 4226; x_wconf 92' lang='lat' dir='ltr'><strong>pro</strong></span> <span class='ocrx_word' id='word_1_317' title='bbox 557 4129 687 4203; x_wconf 90' lang='lat' dir='ltr'><strong>domino</strong></span> <span class='ocrx_word' id='word_1_318' title='bbox 699 4131 740 4202; x_wconf 93' lang='lat' dir='ltr'><strong>ad</strong></span> <span class='ocrx_word' id='word_1_319' title='bbox 751 4131 938 4204; x_wconf 87' lang='lat' dir='ltr'><strong>mandatum</strong></span> <span class='ocrx_word' id='word_1_320' title='bbox 955 4135 1068 4205; x_wconf 86' lang='lat' dir='ltr'><strong>matris</strong></span> <span class='ocrx_word' id='word_1_321' title='bbox 1085 4136 1227 4228; x_wconf 82' lang='lat' dir='ltr'><strong>recepit3</strong></span> <span class='ocrx_word' id='word_1_322' title='bbox 1247 4159 1347 4230; x_wconf 86' lang='lat' dir='ltr'><strong>quam</strong></span> 
     </span>
    </p>
   </div>
   <div class='ocr_carea' id='block_1_3' title="bbox 265 4249 1293 4330">
    <p class='ocr_par' dir='ltr' id='par_1_8' title="bbox 265 4249 1293 4330">
     <span class='ocr_line' id='line_1_41' title="bbox 265 4249 1293 4330; baseline 0.006 -22"><span class='ocrx_word' id='word_1_323' title='bbox 265 4249 295 4323; x_wconf 87' lang='lat' dir='ltr'><strong>l)</strong></span> <span class='ocrx_word' id='word_1_324' title='bbox 314 4265 346 4310; x_wconf 80' lang='lat' dir='ltr'><strong>eo</strong></span> <span class='ocrx_word' id='word_1_325' title='bbox 366 4250 446 4326; x_wconf 79' lang='lat' dir='ltr'><strong>Uret,</strong></span> <span class='ocrx_word' id='word_1_326' title='bbox 465 4251 593 4311; x_wconf 72' lang='lat' dir='ltr'><strong>mccclii.</strong></span> <span class='ocrx_word' id='word_1_327' title='bbox 612 4253 644 4311; x_wconf 81' lang='lat' dir='ltr'><strong>t.</strong></span> <span class='ocrx_word' id='word_1_328' title='bbox 680 4251 711 4326; x_wconf 82' lang='lat'><strong>2)</strong></span> <span class='ocrx_word' id='word_1_329' title='bbox 731 4251 757 4309; x_wconf 93' lang='lat' dir='ltr'><strong>iu</strong></span> <span class='ocrx_word' id='word_1_330' title='bbox 777 4253 909 4312; x_wconf 84' lang='lat' dir='ltr'><strong>Budweis.</strong></span> <span class='ocrx_word' id='word_1_331' title='bbox 946 4254 977 4326; x_wconf 86' lang='lat'><strong>3)</strong></span> <span class='ocrx_word' id='word_1_332' title='bbox 996 4269 1062 4330; x_wconf 75' lang='lat' dir='ltr'><strong>rege</strong></span> <span class='ocrx_word' id='word_1_333' title='bbox 1079 4253 1112 4314; x_wconf 81' lang='grc' dir='ltr'><strong>Α.</strong></span> <span class='ocrx_word' id='word_1_334' title='bbox 1131 4255 1186 4316; x_wconf 84' lang='lat' dir='ltr'><strong>uad</strong></span> <span class='ocrx_word' id='word_1_335' title='bbox 1205 4255 1293 4319; x_wconf 66' lang='lat' dir='ltr'><strong>Uret</strong></span> 
     </span>
    </p>
   </div>
   <div class='ocr_carea' id='block_1_4' title="bbox 0 0 1460 4820">
    <p class='ocr_par' dir='ltr' id='par_1_9' title="bbox 0 0 1460 4820">
     <span class='ocr_line' id='line_1_42' title="bbox 0 0 1460 4820; baseline 0 0"><span class='ocrx_word' id='word_1_336' title='bbox 0 0 1460 4820; x_wconf 95' lang='lat' dir='ltr'><strong> </strong></span> 
     </span>
    </p>
   </div>
  </div>
 </body>
</html>
