3014 4822
259 217 333 296 464
662 212 792 274 ulunns
812 213 986 272 cononum.

260 391 417 463 nonnulle
434 393 539 462 eciam
549 413 596 461 ex
605 389 776 463 domorum
790 401 825 462 et
840 389 1042 464 edificiorum
1058 389 1286 485 preciosorum
1300 389 1395 465 mul·-

260 486 412 575 titudine3
435 491 520 560 inter
544 489 626 560 alias
649 489 757 583 alique
775 511 819 560 ex
836 489 946 583 populi
969 487 1174 562 inhabitantis
1198 487 1344 561 bonitate
1359 504 1396 561 et

260 585 487 680 pulcritudine,
505 590 610 658 eciam
627 585 691 656 alie
702 583 1007 659 cxinbabitancium
1025 590 1157 681 copiosa
1175 585 1394 678 multitudine,

261 682 401 777 deniqne
419 683 526 778 alique
544 705 590 756 ex
606 682 814 756 diversarum
839 687 994 775 gencium
1011 706 1174 756 concmsu
1191 694 1225 757 et
1242 707 1396 757 conver·
1490 723 1491 742 κ

261 783 407 870 sacione,
430 792 597 875 postremo
620 779 732 875 plmes
751 803 796 852 ex
812 781 876 852 looi
895 782 1143 874 principalitate„
1167 792 1202 854 et
1217 783 1330 854 utmno
1347 805 1397 856 cx
1490 779 1491 824 ³

259 879 323 950 loci
341 881 511 950 sanctitate
528 878 600 952 aliis
617 879 837 972 preferuntur,
856 889 890 950 et
906 882 1010 950 eciam
1026 879 1182 952 meliores
1199 878 1394 951 iudicantur.
1490 937 1491 972 ÷

260 975 309 1047 Tu
334 997 417 1067 ergo
441 979 557 1050 civitas
582 987 694 1050 sancta
718 979 826 1048 omnia
849 979 912 1048 ista
936 976 1007 1049 sola
1024 979 1057 1048 in
1076 987 1108 1048 te
1129 976 1394 1072 comprehendis.

260 1071 392 1144 Nullam
420 1077 507 1144 enim
534 1095 648 1168 parem
672 1083 705 1144 te
729 1093 864 1146 censeo.
901 1073 1026 1164 Magna
1051 1095 1103 1163 os,
1130 1077 1164 1146 in
1189 1073 1398 1166 longitudine

260 1168 386 1242 habens
405 1169 568 1242 dimidiam
583 1171 728 1260 leucam,
752 1173 834 1242 etin
851 1170 1019 1243 latitudine
1043 1173 1178 1242 terciam
1194 1171 1291 1244 leuce
1308 1194 1397 1265 par-

260 1278 337 1340 tem.
364 1267 419 1338 Ad
434 1269 513 1340 lune
528 1269 662 1341 novelle
675 1267 815 1359 figuram
833 1267 1051 1362 pulcherrime
1063 1290 1101 1340 es
1118 1269 1266 1341 formata.
1294 1267 1396 1341 liuro

261 1364 415 1458 pulchro,
442 1363 602 1455 mnibus,
630 1368 747 1438 meniis
775 1375 808 1437 et
834 1365 968 1440 fossatis
994 1363 1131 1440 fannus
1158 1388 1197 1438 es
1225 1367 1395 1440 conclusa.

260 1460 404 1554 Viginti¹
430 1466 531 1557 portis
557 1465 687 1556 magnis
710 1467 743 1534 in
766 1463 874 1536 fronto
900 1484 1067 1536 murorum
1090 1464 1225 1553 valan,
1249 1463 1397 1560 undique

260 1563 435 1655 perspicua
452 1571 486 1631 et
502 1559 642 1634 radiosa.
679 1559 845 1634 Montibus
862 1572 895 1634 et
912 1558 1047 1634 collibus
1064 1560 1157 1632 dete
1175 1560 1217 1632 ad
1234 1560 1318 1634 duas
1335 1562 1398 1635 vel

260 1667 329 1730 tres
354 1657 469 1732 leucas
492 1661 627 1730 remotis
651 1659 878 1732 circumcincta
902 1681 940 1733 es
964 1669 998 1732 et
1019 1669 1182 1752 cooperta.
1218 1657 1267 1731 Es
1288 1661 1397 1730 eciam

260 1753 394 1826 flumine
411 1753 629 1850 pulcherrimo
646 1754 758 1828 mundi
774 1755 883 1829 fulcita
896 1767 929 1830 et
941 1759 1084 1848 inignta.
1111 1755 1148 1828 ln
1165 1767 1255 1829 terra
1271 1759 1397 1850 optima

261 1873 308 1924 ex
324 1853 436 1942 melle,
459 1851 635 1942 numento,
656 1855 735 1926 vino
753 1863 786 1925 et
801 1853 887 1928 lactc
904 1877 944 1928 es
960 1855 1076 1928 locata.
1112 1852 1149 1926 ln
1167 1864 1200 1926 te
1218 1857 1326 1925 eciam
1344 1865 1399 1927 est

261 1946 432 2021 domorum
456 1961 489 2021 et
512 1948 712 2024 edificiorum
736 1961 1002 2045 sumptuosorum
1025 1973 1071 2023 ex
1097 1952 1204 2044 politis
1230 1949 1395 2044 lapidibus

263 2047 446 2136 [multitudo
464 2050 642 2143 copiosa].²
666 2047 791 2121 Blaviis
810 2059 875 2121 tota
892 2072 932 2120 es
949 2057 1034 2121 tecta
1048 2059 1082 2121 et
1097 2049 1252 2121 colorata.
1279 2047 1396 2121 Habes

261 2141 523 2239 conquesitas,
541 2149 659 2218 vineas
677 2155 711 2216 et
727 2149 873 2238 pomeria
886 2157 920 2218 et
934 2147 1008 2218 loca
1026 2144 1163 2239 plurima
1181 2149 1336 2240 spaciosa
1354 2145 1398 2217 ad

262 2241 432 2332 solacium,
456 2252 489 2314 et
509 2240 609 2314 rebus
633 2242 772 2332 singulis
797 2243 947 2316 emendis
971 2252 1004 2316 et
1024 2241 1209 2316 vendendis
1235 2242 1395 2316 ordinata.

260 2337 345 2410 Nam
370 2350 497 2434 septem
521 2341 668 2413 macellis
692 2339 793 2430 longe
811 2339 982 2429 distinctis,
1006 2351 1041 2411 et
1062 2339 1140 2412 ioris
1164 2339 1340 2413 duodecim
1357 2363 1395 2411 es

260 2435 395 2530 pulchre
413 2436 561 2508 distincta
573 2437 773 2510 etordinata.
800 2437 836 2508 Si
855 2441 959 2509 eciam
971 2436 1014 2508 de
1032 2447 1086 2508 tua
1103 2441 1254 2530 potencia
1271 2461 1397 2530 magna

262 2537 333 2630 quis
351 2533 524 2624 dubitaret
542 2537 678 2627 aspiciat
693 2531 736 2604 ad
753 2543 785 2604 te
804 2545 837 2606 et
854 2533 1052 2623 considerat,
1070 2534 1208 2626 qualiter
1223 2545 1258 2608 tu
1276 2539 1394 2608 civitas

259 2633 355 2722 regia
378 2642 453 2724 post
475 2641 531 2701 tue
549 2629 723 2704 christiane
748 2632 917 2723 religionis
942 2641 1069 2724 partum
1085 2633 1241 2704 inviolata
1259 2654 1396 2728 semper

260 2732 478 2822 permansisti.
505 2729 553 2800 'le
571 2731 751 2822 nunquam³
770 2729 885 2823 aliquis
903 2727 1009 2800 fidelis
1025 2727 1082 2800 vel
1098 2727 1239 2801 infidelis
1257 2728 1394 2804 domare

260 2829 371 2918 potuit.
409 2826 585 2920 Postquam
610 2829 697 2898 enim
725 2826 824 2898 fidem
848 2827 1033 2920 suscepisti,
1062 2827 1177 2898 civitas
1202 2825 1394 2920 prenobilis,

261 2921 407 2994 recidiva
425 2944 492 2995 non
514 2922 602 2994 luisti
620 2922 679 2996 sed
696 2925 730 2994 in
747 2920 965 3011 prestabilis,
990 2932 1122 3016 propter
1146 2923 1231 3016 quod
1249 2925 1394 2997 exaltata

262 3039 300 3090 es
329 3030 361 3090 et
387 3041 506 3091 nomen
535 3019 659 3093 habere
686 3023 834 3091 meruisti
856 3022 889 3090 in
916 3021 1014 3110 sigilli
1037 3022 1082 3090 tui
1108 3021 1393 3096 circumforaneis:

262 3116 386 3188 Sancto
414 3121 552 3189 Colonia
577 3128 688 3190 sancte
715 3137 850 3188 romono
874 3121 1008 3188 ccclesia
1030 3118 1138 3200 fidelia
1161 3120 1245 3200 filio.
1281 3118 1393 3192 indita

261 3212 416 3285 Almanie
434 3226 467 3286 et
483 3215 669 3310 principalis
695 3215 934 3309 metropolitani
957 3213 1058 3286 sedes
1080 3215 1274 3308 imperialis,
1298 3227 1334 3288 tu
1357 3237 1391 3286 cs

262 3311 430 3403 religionis
442 3314 593 3402 amatrirn
611 3311 833 3386 misericordie
844 3313 966 3400 nutrix,
982 3311 1151 3406 speculum
1162 3314 1253 3406 pacis
1264 3323 1391 3385 etcon-

263 3407 386 3498 oordie‚
410 3408 516 3480 fomes
540 3411 679 3499 iusticie,
703 3419 808 3482 mater
823 3406 1015 3502 prudencie,
1039 3410 1155 3480 civitas
1173 3405 1289 3482 libera.
1324 3407 1389 3481 'libi

263 3507 351 3575 enim
367 3527 434 3576 non
451 3508 587 3600 precipit
609 3505 759 3580 dominus
783 3505 971 3598 temporalis
989 3527 1098 3598 neque
1116 3505 1201 3578 iilius
1218 3509 1388 3601 iniquitatis

263 3599 446 3673 dominatur
462 3607 517 3675 tui.
550 3603 645 3691 Quod
662 3607 695 3674 in
712 3612 744 3675 te
762 3613 825 3692 est
842 3605 887 3673 tui
905 3613 938 3674 et
954 3613 1083 3674 tuorum
1100 3602 1241 3674 filiorum
1258 3615 1321 3676 est
1350 3601 1387 3672 Et

263 3720 361 3770 nemo
379 3711 431 3772 est
447 3703 502 3795 qui
518 3700 608 3772 dicit:
627 3725 685 3772 cur
701 3703 744 3772 ita
760 3698 866 3772 iacis?
891 3698 978 3771 Vale
996 3719 1080 3790 crgo
1097 3703 1213 3772 civitas
1231 3713 1343 3774 sanda
1357 3707 1388 3768 at

262 3817 379 3871 ornnes
403 3801 457 3892 qui
478 3799 512 3868 in
535 3809 567 3869 te
593 3808 669 3871 sunt
685 3808 719 3868 et
735 3799 788 3892 qui
806 3807 838 3868 te
855 3797 972 3868 valere
996 3794 1196 3870 desiderant.
1233 3795 1385 3870 Omnibus

262 3895 434 3968 consilium
445 3907 535 3966 tuam
547 3893 790 3990 implorantibus
808 3894 980 3968 consilium
997 3897 1218 3968 communicas
1235 3893 1381 3987 benigne.

261 3988 300 4066 In
317 4001 349 4064 te
365 3992 489 4087 pollent
506 3993 640 4066 consilia
658 4001 692 4064 et
708 3990 793 4065 bona
810 3995 1007 4084 eommunia
1030 4002 1141 4064 mutua
1162 3989 1384 4068 benivolencia

317 4138 347 4206 l)
372 4139 417 4198 xxi
442 4141 469 4198 in
494 4142 542 4198 dar
559 4139 737 4213 wireburga
755 4139 797 4200 hs.
816 4140 865 4199 der
883 4139 1017 4202 chronica.
1053 4139 1086 4210 2)
1105 4157 1154 4198 aas
1171 4139 1221 4199 der
1239 4143 1384 4212 emanata

264 4209 304 4266 bs.
323 4209 368 4266 W.
404 4213 435 4281 3)
455 4228 487 4267 so
506 4211 562 4286 W.,
580 4229 693 4286 namque
710 4213 742 4270 Α.
