2900 4820
347 235 867 296 rrnuuusnunwnununornsts
1096 239 1168 314 209

52 413 114 502 risi
129 413 364 486 reformacioni
382 412 523 490 obstare.
550 415 742 510 Volensque
760 413 943 509 procedere
956 424 1067 486 contra
1079 415 1169 485 Tre-

51 533 229 602 uerensem,
246 511 338 583 idem
354 511 575 586 Treverensis
594 512 907 607 archiepiscopatum
926 511 1169 604 Mogontinum,

50 614 145 700 quem¹
167 620 322 704 potenter
340 614 453 701 tenuit,
478 611 617 706 capitulo
635 613 827 703 resignavit.
872 609 1055 704 Capitulum
1073 633 1169 700 vero,

48 711 212 797 presertim
228 711 390 800 magister
399 707 562 782 lohannes
574 707 816 803 Underschopl,
828 706 974 780 decanus
986 708 1075 781 sedis
1087 731 1170 804 pro-

50 806 144 894 visus
163 804 364 878 adherentes
375 809 575 902 imperatori
593 805 773 900 predictum
784 805 973 876 Heinrionm
985 806 1169 901 archiepis-

49 923 168 994 copum,
191 903 352 995 ligantem
378 927 415 978 se
440 909 543 999 primo
568 908 702 999 principi
723 901 837 994 [1337
853 903 1010 994 iun.29]‚
1033 908 1170 977 retentis

48 1001 74 1067 in
90 1000 239 1071 manibus
257 1003 385 1096 capitali
403 1025 468 1074 sex
485 1006 600 1074 castris
619 1013 651 1073 et
668 1000 821 1072 abiuratis
845 1023 905 1094 per
928 1023 1017 1090 eum„
1041 1025 1084 1072 ne
1103 1025 1171 1074 va-

47 1100 124 1166 riare
137 1101 256 1192 possit
274 1101 412 1172 scilicet:
431 1098 637 1195 Oppenhein,
654 1098 796 1190 Bingena
814 1097 993 1189 Erenvels5
1004 1099 1170 1170 Stnrhen-

47 1191 142 1286 berg7
166 1195 324 1268 Lonstein
342 1207 375 1268 et
392 1195 611 1290 strumberg,
636 1195 839 1269 concorditer
856 1208 1062 1291 receperunt.
1109 1199 1171 1286 Qui

48 1302 75 1360 et
91 1303 206 1386 postea
227 1293 398 1367 ferventer
415 1298 603 1390 imperatori
620 1295 757 1368 adhesit.

48 1443 92 1512 lie
109 1445 267 1534 tooropio
286 1450 464 1534 procando
481 1451 629 1536 principi
648 1467 671 1518 a
690 1467 768 1538 repe
787 1449 949 1519 Boionio.

112 1579 191 1652 Rex
209 1603 338 1676 quoque
355 1578 526 1672 nolente,
551 1580 669 1654 videns
688 1605 810 1654 senon
835 1583 1010 1677 prolicere
1037 1605 1076 1656 se
1099 1607 1174 1658 cum

46 1678 186 1772 principe
204 1679 408 1766 reformaviu
426 1676 615 1770 homagium
632 1680 810 1775 prestando
830 1681 936 1753 eidem
957 1680 1172 1774 [1339n1arz

46 1771 118 1862 20].
159 1776 311 1870 Dotoque
330 1787 418 1848 certa
437 1781 575 1870 pecunia
592 1776 740 1850 Bohemo
761 1802 822 1872 per
838 1779 1030 1853 Australem
1055 1784 1087 1851 in
1112 1805 1174 1852 re-

47 1893 256 1968 compensam
274 1872 410 1945 ducatus
429 1873 608 1967 Karinthie,
637 1899 711 1947 oum
729 1874 876 1950 Australi
894 1877 1080 1950 concordati
1099 1889 1174 1952 sunt

48 1967 198 2062 [ogerus
218 1983 251 2042 et
268 1971 434 2042 Bohemus
456 1971 568 2064 [1336
580 1983 641 2044 oct.
655 1973 704 2065 9].
753 1975 1046 2072 Quantumcunque
1065 1987 1174 2048 autern

47 2063 240 2141 Benedictus
259 2092 343 2164 papa
362 2069 403 2139 ad
421 2068 664 2142 absolucionem
682 2074 834 2167 principis
853 2075 1024 2162 niteretum
1042 2077 1074 2145 in
1092 2098 1176 2169 pre-

47 2162 135 2236 dictis
152 2165 293 2238 Francie
311 2177 344 2236 et
361 2167 482 2261 Apulie
500 2166 635 2259 regibus
654 2180 687 2240 et
703 2173 796 2264 quasi
819 2170 969 2242 onmihus
995 2172 1175 2243 cardinali-

46 2258 118 2350 ms,
136 2265 280 2336 seductis
298 2286 358 2358 per
375 2287 448 2353 eos,
466 2288 643 2338 assensum
660 2265 785 2338 hahere
802 2270 959 2362 nequivit.
987 2267 1083 2341 Unde
1096 2280 1175 2340 tan-

49 2355 121 2430 dem
138 2360 258 2454 legatis
298 2365 429 2457 rinoipis
448 2385 530 2456 sepe
548 2363 589 2434 ad
614 2367 737 2436 curiam
755 2363 977 2456 venientibus,
1005 2365 1120 2460 quihus
1145 2377 1177 2437 et

46 2455 141 2548 legati
159 2463 251 2551 regis
270 2384 410 2531 drancio
426 2459 538 2555 plures
562 2465 596 2532 in
623 2465 711 2533 curia
729 2463 950 2535 verecundius
974 2462 1175 2536 inserebant:

46 2560 131 2640 quod
145 2561 269 2627 nullum
281 2568 418 2647 possent
431 2560 552 2629 holere
571 2561 678 2648 finem,
703 2558 885 2655 respondit,
910 2583 1085 2634 asserens:
1113 2565 1177 2634 sibi

47 2651 104 2722 hoc
119 2675 184 2724 non
202 2657 245 2725 ol
263 2657 400 2746 homine,
418 2659 478 2728 sod
493 2677 515 2725 o
531 2667 644 2728 sancto
661 2661 779 2747 spiritu
798 2660 1000 2748 inspiratum.
1036 2659 1079 2732 Et
1096 2683 1176 2732 cre·

45 2747 126 2822 ditur
142 2750 301 2825 habuisse
318 2755 352 2824 in
369 2757 489 2844 animoa
515 2753 699 2827 huiusmodi
724 2756 996 2828 relorrnacionem
1018 2781 1083 2830 non
1102 2779 1176 2830 cum

46 2859 130 2920 tuoto
147 2849 272 2923 honore
297 2860 329 2921 et
353 2849 523 2924 commodo
548 2851 682 2948 predicti
705 2857 797 2946 regis
823 2863 856 2924 et
881 2854 983 2944 sedis,
1012 2856 1071 2928 sed
1097 2877 1171 2929 cum

46 2967 156 3020 eorum
174 2949 370 3021 detrimento
388 2959 421 3020 et
445 2949 601 3022 scandalo
626 2973 878 3045 processuram
906 2951 992 3048 quod
1016 2965 1049 3025 et
1072 2956 1174 3048 ipsius

46 3050 133 3136 regis
151 3045 336 3120 discrimina
363 3046 543 3142 subscripta
568 3047 801 3122 demonstrant.
854 3047 896 3118 Et
914 3061 1055 3122 extunc
1078 3074 1175 3146 papo7

46 3145 100 3234 qui
117 3141 153 3213 ah
171 3149 281 3236 inicio,
300 3148 391 3239 quasi
411 3155 548 3216 mortem
567 3168 633 3218 non
651 3171 783 3238 curans,
802 3169 842 3218 ea
854 3168 917 3240 que
936 3150 1042 3239 gessit
1052 3151 1085 3219 in
1097 3151 1175 3218 ani-

47 3261 101 3308 mo
119 3244 278 3336 patefecit
298 3253 419 3314 motum
438 3267 533 3316 suum
551 3242 658 3316 didicit
675 3246 851 3317 occultare.

98 3337 133 3410 ln
148 3339 262 3412 diebus
280 3342 343 3412 illis
357 3339 585 3432 [1338marz]
598 3340 694 3436 Spire
712 3342 1000 3416 convenientibus:
1018 3345 1176 3440 principe,

48 3433 196 3510 Heinrico
206 3436 1182 3534 MogontinoarchiepiscopmitemArgentinensiAugusw

46 3536 144 3622 tensi,
159 3535 348 3625 Eistetensi
375 3535 535 3631 Spirensi,
560 3535 712 3610 Coriensi
730 3549 763 3612 et.
780 3535 971 3634 quibusdam
989 3541 1061 3612 aliis
1079 3543 1176 3634 epis-

47 3633 139 3724 eopis
153 3637 321 3728 provincie
339 3631 517 3725 llloguncie
536 3639 738 3723 convocatis
764 3638 939 3730 missisque
957 3660 1017 3731 per
1035 3660 1093 3711 eos
1117 3638 1176 3709 lit-

48 3731 132 3797 teris
147 3742 177 3802 et
193 3734 330 3822 nunciis,
355 3732 479 3804 scilicet
496 3735 650 3827 episcopo
669 3731 820 3805 Coriensi
842 3744 875 3804 et
893 3733 1033 3806 Gerlaco
1058 3735 1175 3806 comite

48 3823 91 3893 de
112 3823 283 3920 ansowa
301 3827 342 3900 ad
360 3851 477 3923 papam
495 3851 554 3924 pro
572 3827 784 3902 absolucione
800 3834 967 3927 principis
994 3841 1027 3902 et
1044 3828 1175 3903 delibe-

48 3933 123 3992 rato
142 3947 196 4018 per
211 3949 282 4017 eos,
300 3929 328 3999 si
346 3949 429 4020 papa
447 3927 562 4017 nollet7
581 3925 665 4022 quod
683 3932 801 4001 iterum
820 3931 1001 4002 convenire
1017 3926 1177 4000 deberent

48 4017 265 4114 deliberaturi,
289 4023 365 4120 quid
383 4027 423 4095 sit
439 4023 623 4096 faciendum
642 4048 818 4120 supereo:
846 4049 920 4099 cum
938 4048 1020 4120 papa
1039 4029 1176 4098 nuncios

49 4123 229 4212 recepisset
245 4121 400 4214 henigne,
427 4145 524 4193 mane
541 4127 668 4197 nunciis
687 4122 770 4196 llens
789 4122 1064 4219 conquerebatur,
1091 4123 1177 4218 quod

108 4247 143 4316 1)
164 4267 231 4321 quem
250 4251 312 4312 iehlt
331 4253 357 4308 in
377 4253 404 4308 B.

107 4369 390 4417 nonnnnnronruec
928 4374 964 4430 14
