2960 4832
355 223 876 286 namnrouscncmssuanovan.
1134 229 1188 304 85

71 393 219 492 predictus
231 394 508 470 oomesAlbertus
521 396 661 489 aggredi
678 396 820 472 volebat
838 397 881 470 Et
897 397 973 470 dura
983 395 1189 494 perabrupta
1205 413 1276 469 isse

71 497 211 567 montium
227 503 261 564 et
279 499 428 588 pervias
445 498 656 568 inconsuetas
678 493 875 568 ascenderet
898 517 971 566 cum
989 498 1071 584 suta
1094 498 1189 570 miles

70 595 291 684 imperterritus
309 591 481 664 llainricus
498 591 541 662 de
559 590 786 684 Clingenberg
802 615 876 664 cum
893 589 1019 666 duobus
1037 592 1079 664 de
1090 591 1190 666 Hon-

70 687 143 779 lnrg
152 699 184 758 et
193 687 266 760 aliis
277 689 386 762 multis
400 687 560 761 nobilibus
572 693 709 785 primam
720 693 825 760 aciem
835 687 986 778 ducebat,
1000 699 1118 762 etcum
1128 689 1189 763 sibi

70 785 213 878 deputatis
224 785 355 858 hostem
366 789 495 858 invasit.
513 786 575 872 om
586 789 693 858 statim
704 808 779 856 eum
791 809 865 857 curn
876 807 987 858 secum
1004 807 1189 858 remanen-

69 880 275 956 tibuslanceis
286 879 531 956 transfixenmt.
549 883 694 972 Quorum
701 893 1024 976 mortemsequentes
1036 882 1188 956 videntes

70 979 221 1070 lugierunt
237 1003 314 1051 oum
331 979 397 1052 filio
414 981 538 1052 comitis
556 980 703 1074 predicti
722 983 774 1073 qui
792 979 851 1051 luit
867 1002 966 1052 causa
984 979 1131 1052 alliciens
1144 1002 1189 1050 ne

71 1075 152 1146 ieret
166 1081 370 1172 compositio„
387 1099 484 1172 quam
495 1074 815 1150 abbasFaboriensis
828 1073 1068 1150 etDisterinus¹
1088 1075 1189 1147 obtu-

70 1173 161 1244 lerant
176 1184 209 1244 et
223 1173 416 1246 tractabant.
437 1173 480 1246 Et
497 1174 582 1268 quod
600 1171 742 1268 superbe
759 1184 974 1247 recusaverat
989 1197 1063 1245 curn
1081 1195 1188 1244 vere-

71 1268 170 1341 cundia
187 1275 309 1360 amisit,
327 1283 360 1342 et
375 1280 421 1342 tot
436 1269 564 1342 nobiles
582 1283 616 1342 et
631 1270 805 1365 pedestres
818 1270 860 1342 da
871 1269 1008 1364 dyocesi
1019 1271 1188 1342 Consen-

71 1370 151 1437 tensi
166 1365 287 1439 ibidem
305 1379 381 1440 sunt
396 1371 507 1457 occist,
523 1368 611 1466 qnod
621 1389 793 1442 numerum
803 1366 978 1466 proborum
989 1365 1029 1442 ab
1041 1368 1111 1442 aliis
1122 1388 1189 1442 non

74 1464 149 1536 valui
166 1463 383 1560 tumgucre.

75 1631 224 1720 Quomodo
240 1637 360 1704 iterum
376 1638 445 1706 due
461 1639 590 1706 Amase
611 1639 699 1706 oenit
718 1639 753 1705 tn
770 1635 930 1724 Sueoiom,
953 1644 987 1706 et
1009 1637 1189 1726 increpem

155 1732 285 1820 obsedit,
304 1741 338 1802 et
351 1737 490 1819 qaedam
507 1737 548 1803 de
565 1737 717 1822 episcopo
733 1735 969 1804 Cortstoatlcnai
985 1733 1137 1804 lolaonel

111 1861 185 1934 ltem
200 1885 288 1934 anno
305 1863 348 1934 lii.
366 1867 432 1934 xiii.
449 1865 514 1935 kal.
536 1865 601 1936 iulii
625 1864 775 1936 doninus
792 1862 950 1938 Albanius
968 1865 1189 1938 cannosum

74 1957 154 2028 Stiria
164 1959 375 2031 etllarintbie
386 1964 478 2032 venit
493 1965 526 2032 in
543 1973 653 2055 partes
661 1960 800 2032 Swevie
812 1971 844 2032 et
854 1963 1021 2054 Argoae,
1038 1961 1189 2036 etlilium

77 2077 153 2126 suum
174 2055 322 2127 secundo
348 2061 495 2149 genitum
518 2061 650 2129 nomine
670 2057 870 2130 Fridericum
894 2058 1050 2130 infantem
1074 2081 1189 2132 secum

78 2150 190 2223 adduxit
199 2152 240 2223 de
250 2155 399 2226 Austria.
417 2153 459 2226 Et
477 2177 518 2225 eo
535 2155 884 2249 temporeSwioenses
896 2153 1192 2230 canallensibus

77 2245 320 2323 lucernensibus
337 2249 591 2323 Thuricensibus
609 2252 761 2346 oppidum
780 2252 898 2323 dictum
909 2253 984 2342 an
1000 2251 1192 2326 obsiderunt

78 2343 227 2436 quoderat
243 2348 337 2419 ducis
355 2347 502 2442 predicti
526 2347 611 2442 quod
629 2369 667 2420 se
685 2348 773 2419 dedit
795 2347 948 2443 predictis
966 2349 1189 2422 Veliensibus.

77 2438 137 2532 lpse
151 2465 228 2515 vero
244 2443 316 2515 dux
338 2444 502 2539 predictus
520 2467 593 2518 cum
612 2467 672 2517 suo
690 2449 849 2533 exercitu
872 2449 982 2539 inquo
999 2455 1093 2516 erant
1110 2467 1190 2518 ser·

79 2539 180 2611 vitores
197 2544 343 2635 episcopi
360 2540 662 2634 Babenbergensisq
681 2545 824 2637 episcopi
846 2541 1190 2632 cinnomannorum

79 2631 416 2729 andenburgensis2,
428 2661 541 2710 comes
557 2638 769 2712 Eberhardus
780 2638 1058 2731 aewrncnberg,
1076 2661 1189 2712 comes

80 2727 229 2806 Ludrdeus
247 2734 291 2805 de
309 2732 485 2828 Oetingen„
508 2757 621 2807 comes
646 2735 688 2806 de
710 2735 922 2826 Nmenberg„
946 2759 1059 2809 comcs
1075 2735 1189 2808 Eber-

80 2823 178 2901 hardus
187 2829 227 2901 de
234 2829 378 2926 Kyburg
388 2840 420 2903 et
430 2833 482 2904 alii
494 2831 554 2904 sibi
565 2831 765 2904 confederati
776 2854 874 2927 snpra
886 2833 1052 2929 descripti
1061 2832 1191 2905 obsedit

81 2921 242 3017 lburagum
261 2931 320 3002 xit.
341 2927 406 3000 lral.
431 2933 561 3021 augrrsti
591 2930 660 3020 [iul.
685 2929 761 3020 211.
861 2929 903 3000 Et
929 2930 1006 3002 dnm
1028 2929 1070 3002 ibi
1098 2941 1191 3003 esset

83 3034 220 3095 vencnrnt
236 3024 326 3113 sibi³q
344 3026 430 3118 quod
447 3030 617 3120 provisum
634 3037 726 3098 esset
743 3048 804 3098 suo
822 3029 1018 3098 cancellario
1034 3027 1191 3099 videlicet

83 3121 213 3206 magistro
233 3121 371 3196 Iohanni
394 3122 437 3192 de
460 3124 602 3194 ecclesia
620 3121 875 3208 constantiensi„
899 3128 952 3216 qui
975 3121 1016 3193 ab
1038 3121 1189 3194 ornnibns

84 3215 261 3300 presentibus
273 3219 334 3290 init
350 3220 475 3291 electus
493 3219 706 3291 concorditer.
724 3220 792 3291 Sed
803 3223 950 3314 provisio
959 3219 1043 3290 lacta
1054 3219 1113 3290 luit
1129 3240 1190 3313 per

84 3327 177 3400 papam
192 3313 396 3388 Clementem
415 3319 459 3386 vi.
478 3319 533 3386 vii.
552 3316 624 3388 idus
642 3318 708 3386 iulii
727 3317 796 3405 [inl.
818 3317 870 3408 91.
898 3316 1003 3402 Quam
1020 3326 1130 3387 umen
1148 3315 1190 3388 ad

86 3411 188 3499 tempus
208 3416 340 3484 rennuit
363 3421 534 3506 acceptare
559 3423 691 3506 propter
714 3412 852 3506 predam
871 3416 1031 3508 promissa
1049 3416 1082 3485 in
1100 3417 1190 3485 curia

85 3497 160 3590 inca,
174 3515 281 3580 tamen
298 3513 371 3581 sine
390 3529 450 3581 suo
467 3508 629 3580 mandato.
658 3509 705 3580 At
727 3520 838 3582 tamen
855 3510 986 3582 tandem
1009 3513 1190 3605 provisioni

86 3592 151 3668 lacte
165 3609 326 3678 consensit
347 3604 391 3676 ad
415 3608 601 3676 instantiam
617 3606 753 3700 predicti
769 3606 889 3678 doruini
906 3607 1011 3696 dacis,
1028 3607 1089 3681 sed
1105 3629 1190 3702 pro-

87 3695 164 3766 missa
179 3702 309 3774 solvere
326 3703 501 3772 recusavit.
530 3701 572 3773 Et
588 3700 719 3774 idicirco
734 3702 858 3776 litteras
875 3725 941 3775 non
958 3702 1068 3774 habuit
1083 3725 1190 3797 usque

89 3785 118 3856 ad
130 3791 234 3869 tasum
250 3801 396 3893 corporis
405 3797 522 3870 Christi
539 3803 616 3870 anni
631 3799 699 3888 liii,
717 3810 751 3871 et
766 3812 844 3872 tuno
859 3800 991 3872 buerunt
1001 3799 1191 3872 Constantia

89 3883 226 3972 ltllt'rate.
242 3895 286 3967 Et
301 3906 413 3968 wrcen
428 3915 545 3968 omnes
562 3899 765 3970 municiones
790 3896 849 3969 sibi
872 3895 1005 3968 luerunt
1020 3899 1191 3987 assignate

91 3991 231 4079 mteqnam
251 3993 378 4065 litteras
397 3987 535 4064 haberet
553 4002 587 4064 et
607 4005 780 4087 summram
799 3993 1022 4066 Constantiam
1044 3995 1188 4065 intraret

116 4109 139 4176 1)
149 4115 309 4194 pommus.
325 4137 356 4176 aa
365 4120 416 4177 soll
430 4122 502 4178 wohl
511 4121 677 4178 Dissentinus
688 4123 802 4178 boissen.
819 4121 1189 4199 2)llarclribrandenburgen·

92 4173 125 4236 tn
135 4182 169 4238 ire
180 4187 216 4245 bs.
235 4191 264 4260 3)
278 4191 365 4248 littera
379 4191 482 4248 scheint
495 4209 528 4248 nu
543 4191 639 4248 ieblen.
