2900 4820
404 262 570 320 biA'l'lHldS
589 259 930 319 nbsswsnssttnounsts.
1157 260 1229 335 273

103 437 221 534 aliquot
239 436 475 512 municionibus
492 441 604 534 napob'
619 441 712 532 regis
722 437 861 512 Frunoie
872 460 918 512 ex
928 435 994 510 filio
1011 439 1230 532 primogenito
1246 444 1316 501 ¹349

102 535 254 611 vendens
273 537 380 628 [mitra
400 535 463 626 14]
482 537 584 610 frater
601 548 653 612 est
668 535 858 610 Predioator
874 536 1035 610 ellectum¹

104 688 254 780 Qualiter
270 691 476 760 liotdeioinus
496 691 697 761 treberensis
714 691 979 779 orodiapiscopes
996 691 1161 761 continet
1171 687 1230 759 lo-

198 788 339 858 bannem
355 791 396 858 de
412 789 626 878 bicbtcnberp
637 791 840 878 prepositum
854 791 1117 878 Arpentinensern
1132 790 1230 857 oica-

199 889 286 956 narn
319 889 524 976 episcopatus
550 890 602 957 sni
628 891 663 957 in
690 887 915 976 spiritualibus
942 893 975 958 et
1001 885 1231 974 temporalibus

200 1003 317 1056 oensis

140 1115 1231 1196 BaldeninusautemTreverensisoumxlii.annisecclesiamsuam

101 1219 248 1289 rexisset
258 1240 298 1289 ao
314 1228 447 1313 propter
464 1220 593 1292 senium
613 1241 653 1289 ao
670 1221 879 1292 tenacitatem
896 1217 1034 1313 amplius
1052 1217 1146 1312 quasi
1162 1216 1230 1294 non'

100 1313 289 1408 proliceret,
308 1338 382 1388 oum
399 1315 589 1411 frequenter
598 1316 762 1390 solitarius
774 1320 876 1390 vitam
886 1318 979 1410 quasi
990 1314 1229 1388 Cmtusiensis²

99 1411 250 1504 duceret,
272 1409 452 1486 lobannem
470 1412 512 1484 de
529 1412 761 1508 biebtenberg,
785 1417 838 1509 qui
859 1417 892 1485 in
908 1414 1148 1506 Argentinensi
1166 1435 1230 1486 eo·

99 1511 204 1582 clesin
230 1513 483 1606 preposituram,
512 1509 719 1602 decanatum,
747 1513 925 1584 cantoriam
949 1521 982 1584 et
1004 1514 1230 1606 pmoematnm

99 1607 200 1681 simul
215 1607 359 1700 tenebat,
378 1609 545 1682 valentem
556 1619 589 1680 et
604 1608 790 1705 providum,
807 1613 841 1680 in
858 1607 1077 1704 spiritualibus
1091 1618 1124 1681 et
1141 1619 1231 1682 tem-

99 1701 267 1799 poralibus
286 1709 591 1780 amministratorem
608 1717 642 1778 et
658 1710 818 1782 vicarium
835 1705 1004 1802 deputavit
1022 1707 1230 1798 [c.nov.5].³

98 1857 151 1930 De
173 1861 419 1932 ministratione
445 1862 587 1931 Cononis
610 1863 651 1932 da
680 1857 882 1932 Votlemtain
908 1868 1026 1932 contra
1050 1881 1175 1952 popam
1203 1869 1235 1932 et

206 1961 379 2030 dertosam
391 1963 567 2048 montrum.
1226 1998 1229 2008 =

151 2093 247 2166 Cano
270 2115 355 2167 vero
379 2093 421 2165 do
438 2093 669 2184 Velkenstein,
693 2095 841 2167 minister
864 2093 1009 2168 Heinrioi
1034 2092 1229 2187 Mogontini,

96 2194 205 2264 invito
222 2211 319 2286 papa,
343 2211 427 2283 rege
445 2202 479 2264 ot
496 2189 638 2264 Gerlaoo
655 2194 790 2286 proviso
808 2191 897 2267 sedis
915 2195 1053 2264 viriliter
1076 2195 1232 2264 ammini-

97 2293 212 2362 strat:4
235 2291 298 2376 Qui
314 2289 502 2382 Heinrious,
520 2288 606 2384 quod
623 2293 657 2361 in
675 2287 838 2386 quondam
848 2289 1016 2364 Giinthero
1034 2289 1076 2361 de
1087 2289 1232 2362 Swarn-

96 2384 190 2480 burg
216 2386 356 2459 fideliter
378 2392 498 2480 egerit,
521 2387 680 2462 laudatur.
717 2385 839 2461 Bovan‘
862 2409 946 2463 vero
968 2387 1105 2484 perfidie
1133 2385 1232 2458 dda-

97 2495 241 2557 mantur.

97 2639 151 2712 ne
169 2645 272 2710 moro
285 2620 443 2710 'ronanus
460 2641 501 2712 ue
522 2641 692 2730 ammon
709 2585 1233 2730 maerensmaerens

149 2769 291 2846 Eisdem
306 2770 506 2867 temporibus
525 2783 651 2846 mortno
668 2775 702 2845 in
719 2777 808 2845 curia
821 2771 967 2846 Iohanne
985 2772 1027 2844 de
1041 2769 1233 2864 Gttttingen,

95 2873 261 3040 titii
275 2869 496 3039 iiiiii
514 2869 1234 3042 ttdtbitttttbtibitibi

96 3063 296 3160 providerat
313 2989 572 3162 [1345],glpuem
590 3076 723 3161 propter
739 2991 929 3160 potedoianl
942 3122 949 3137 .
969 3120 976 3137 .
996 3069 1020 3137 ,⁵
1034 3065 1076 3135 da
1090 2990 1233 3135 lloheu-

95 3162 177 3236 loeb
195 3161 376 3236 detentoris
394 3162 541 3236 obtinere
558 3167 716 3259 nequivit,
745 3162 787 3234 de
803 3167 876 3258 ipso
895 3165 1085 3258 episcopatu
1102 3161 1234 3232 Frisiu-

158 3293 188 3362 l)
207 3293 292 3348 Breve
309 3291 406 3349 tamen·
416 3299 521 3367 tempus
540 3299 614 3349 stans
633 3295 659 3350 in
679 3293 774 3350 ordina
793 3309 921 3364 egressus
941 3293 1026 3348 lactus
1040 3295 1083 3347 est
1095 3289 1236 3347 cardinalis

96 3369 127 3420 et
144 3363 323 3436 posmodum
361 3364 497 3420 aaiarcba.
525 3365 580 3420 llex
599 3371 685 3421 nutem
698 3364 810 3422 Karolus
825 3365 959 3419 Romanus
979 3361 1091 3419 eundem
1112 3379 1145 3417 ne
1164 3368 1236 3418 otem

95 3436 216 3518 lapsi,
240 3435 330 3518 lilium·
374 3435 443 3493 roris
454 3452 526 3504 sua,
551 3436 584 3517 da
603 3436 663 3507 ipso
683 3435 856 3522 Delphinum,
874 3434 926 3528 'qui
944 3441 987 3490 est
1004 3435 1113 3518 lendum
1131 3379 1164 3490 εἰ
1177 3433 1237 3516 ὑἰηι-

93 3511 351 3645 tinctitiis
371 3505 530 3643 iiiiii
549 3505 1238 3650 tiniantistititrttrttttsbttttt:

94 3647 175 3704 inde.
200 3647 274 3717 lolgt
291 3649 363 3706 neob
382 3649 425 3705 bei
443 3650 515 3705 Ursi.
550 3649 580 3704 4³
599 3650 628 3705 ln
646 3650 678 3704 A.
698 3649 769 3720 lolgt
787 3648 854 3705 noch
873 3648 1061 3704 amministrat:
1087 3661 1235 3727 omnesque

95 3721 208 3776 rmum
228 3726 256 3776 et
274 3718 393 3775 redditus
412 3736 481 3792 quos
500 3719 613 3775 ecclesie
633 3719 790 3791 collegiata,
815 3720 871 3775 siva
914 3735 1013 3775 ersone
1038 3717 1154 3790 private,
1178 3731 1234 3770 srva

95 3791 268 3846 monasteria
286 3789 477 3862 religiosorum
495 3797 522 3846 et
540 3791 657 3847 omnium
682 3791 864 3848 indifferenter
882 3737 913 3846 ll
932 3789 1091 3874 moguntino
1111 3803 1165 3842 non
1185 3803 1235 3858 pa-

95 3859 224 3917 rensium
244 3867 317 3917 extra
337 3861 465 3919 civitatem
479 3860 646 3932 bioguneiom
666 3863 822 3932 existentes,
841 3863 897 3916 sive
916 3862 1098 3930 consisterent¹
1111 3859 1137 3912 in
1156 3856 1237 3912 blado

93 3931 143 3988 vel
165 3930 194 3986 in
213 3931 292 4002 vino,
316 3933 418 4005 recepit
435 3941 462 3988 et
480 3932 514 3989 ad
533 3939 648 3990 castrum
668 3939 694 3988 et
712 3934 745 3988 ad
764 3931 928 3990 municiones
955 3929 1006 3986 sibi
1032 3928 1166 3985 subiectas
1186 3925 1237 3981 de-

95 4001 192 4068 duxit,
210 4009 305 4060 tenens
325 4019 432 4076 semper
449 4003 592 4063 familiares
612 4011 691 4060 tutet
704 4009 803 4074 tarrtos,
822 4002 895 4076 quod
907 4001 934 4056 in
947 4001 999 4057 biis
1013 4000 1151 4082 Gerlsoum
1171 4013 1238 4069 pro-

94 4075 194 4131 visum
220 4091 271 4130 neo
294 4091 361 4132 suos
387 4075 553 4131 formidabat.
583 4075 673 4132 Gessit
698 4075 767 4131 enim
793 4091 867 4131 snam
893 4071 1162 4130 amministrnmonem
1184 4071 1236 4124 tam

93 4144 228 4216 viriiiter,
246 4148 317 4220 qnod
332 4147 363 4202 in
383 4143 487 4204 civitate
505 4146 646 4217 moguncia
666 4146 808 4203 familiares
828 4145 880 4216 sui,
898 4143 958 4217 ipso
977 4142 1099 4213 Kunone,
1118 4145 1147 4224 ut
1166 4141 1238 4196 lere-

95 4217 211 4345 batrffii)
232 4225 393 4300 annuentes
408 4218 438 4274 G.
467 4217 501 4274 da
528 4218 702 4276 Ansenbrueb
731 4235 808 4276 suom
837 4214 1046 4275 concanonicum
1076 4213 1240 4272 occiderunt.

157 4396 454 4444 sosuaaaeonrnes.
994 4393 1029 4456 10
