3012 4820
272 235 343 316 ooo
666 232 1018 300 nostrosnuoam.

187 425 258 484 1338
344 413 498 511 Sequitur
513 415 729 488 iuramentum
747 415 867 488 iactum
883 435 946 508 par
961 413 1111 488 dominos
1122 414 1286 512 principes
1303 413 1391 488 eiac-

271 523 360 586 tores
379 518 464 587 sacri
488 517 613 610 imperii
637 518 669 586 in
693 514 839 608 lostayn
863 517 995 584 civitate
1019 513 1138 584 domini
1166 511 1392 608 archiepiscopi

271 609 535 704 maguntinensis
554 633 655 707 super
671 612 792 684 flumen
810 613 920 702 Regni
948 621 1105 705 presente
1129 610 1260 683 domino
1287 610 1393 683 Ludo-

155 713 157 716 ’
269 713 345 781 vico
362 713 414 804 iiii.
434 711 656 782 Romanorum
674 714 884 806 imperatore¹
908 719 941 781 et
957 709 1029 782 aliis
1043 707 1242 804 principibus
1257 708 1394 781 atberu-

269 805 365 881 nibus
398 807 574 879 Alemania
608 830 694 880 anno
721 808 841 879 domini
867 807 1130 879 mosomum.
1163 807 1395 901 quintodecimo

270 903 323 974 die
341 909 465 978 mensis
483 906 565 977 iulii:
583 907 653 976 Noc
673 907 835 976 amnuo
851 907 1170 994 orcbieptscopttt-
1184 904 1225 994 (i.
1244 905 1394 996 199.)-

269 1009 303 1072 ct
317 1023 430 1074 comm
447 1006 621 1092 quenlibet
634 1007 851 1094 eiuqotatbn.²

318 1103 397 1175 Post
413 1102 531 1173 dictum
547 1105 764 1173 iuramentum
780 1101 900 1173 iactum
917 1111 950 1174 et
966 1097 1161 1196 publicatum
1180 1123 1241 1196 per
1251 1101 1394 1173 dominos

269 1202 431 1295 principes
450 1203 534 1271 sacri
552 1203 678 1294 imperii
702 1202 863 1273 electores
887 1202 920 1270 in
944 1199 998 1271 dio
1021 1200 1127 1271 sutura
1152 1199 1275 1272 iactum
1292 1200 1349 1271 suit
1366 1209 1396 1269 et

269 1294 465 1389 publicatum
483 1295 643 1391 quoddam
663 1299 912 1371 instrumentum
930 1296 1094 1391 publicum
1112 1319 1214 1391 super
1237 1295 1303 1369 hac
1325 1319 1396 1368 ma-

269 1397 349 1466 teria
367 1405 401 1466 ut
424 1394 560 1466 inferius
585 1398 782 1468 sentinetur:
808 1399 846 1466 Ia
864 1400 994 1466 nemim
1021 1399 1147 1466 domini
1164 1435 1206 1448 -
1228 1395 1270 1484 (i.
1291 1392 1396 1484 1992)

272 1533 313 1548 ·-
331 1497 519 1582 principum
536 1513 625 1564 mens
641 1497 784 1566 resedit.³

316 1590 471 1685 Sequitur
494 1589 633 1685 quedem
658 1591 716 1676 tex
739 1590 906 1686 publicata
924 1602 957 1663 et
983 1593 1195 1686 pronunciata
1216 1613 1280 1685 per
1304 1613 1398 1664 sere-

268 1790 498 1880 imperatorem
522 1808 587 1856 una
611 1809 684 1858 cum
709 1786 905 1860 electoribus
931 1791 1016 1860 sacri
1041 1789 1167 1881 imperii
1191 1785 1398 1880 presentibus

269 1883 535 1978 archiepiscopis,
547 1886 881 1981 episcopisprelutis„¹
898 1889 1086 1980 prepositis
1104 1882 1291 1976 abbatibus,
1310 1887 1399 1980 prio-

268 1978 370 2071 ribus„
386 1983 553 2072 religiosis
571 1983 755 2074 eteleriets,
773 1981 1025 2072 marchionibus
1043 1979 1200 2071 ducibus„
1218 1981 1398 2070 conturbus,

268 2077 456 2164 homnibus,
475 2077 627 2168 dominis,
644 2085 835 2175 capitaneis
852 2079 1054 2170 rectoribus„
1078 2079 1238 2152 iudicibus
1265 2091 1301 2152 et
1326 2079 1398 2152 offi-

268 2172 402 2268 cialibus
420 2198 507 2247 anno
527 2177 647 2249 bomini
665 2181 930 2250 mcccxxxuiii.
950 2177 1003 2250 die
1018 2182 1063 2251 vi.
1082 2181 1207 2250 mensis
1225 2181 1398 2270 augustiin

268 2273 528 2365 Franchenvort„
546 2286 580 2346 et
596 2279 700 2346 eciam
718 2278 751 2346 in
770 2275 980 2348 Confluenoia
1008 2279 1139 2348 civitate
1163 2275 1398 2370 archiepiscopi

265 2373 485 2444 'l'reverensis
503 2395 605 2467 super
621 2373 742 2445 flumen
759 2374 871 2466 Regni
891 2393 1002 2446 coram
1020 2376 1235 2448 serenissimo
1253 2376 1398 2468 principe

266 2469 397 2542 domino
412 2469 572 2542 Aduardo
588 2493 671 2563 rege
690 2471 814 2563 Anglie
832 2481 865 2542 et
886 2471 1079 2566 supradictis
1096 2471 1232 2565 prelatis
1249 2483 1287 2542 et
1302 2469 1399 2542 nobi·
1478 2513 1479 2570 3

265 2565 350 2640 iibus
368 2567 512 2640 secunda
535 2567 589 2639 die
606 2575 730 2642 mensis
754 2567 949 2664 septembris
974 2568 1123 2641 eiusdem
1148 2571 1225 2640 anni
1249 2570 1399 2662 solemp-
1478 2571 1479 2626 ἶ

264 2668 350 2736 niter
366 2664 543 2760 publicata:
570 2667 754 2739 bodemen
775 2671 831 2738 det
846 2672 966 2757 procia
982 2669 1203 2738 amomon
1219 2670 1400 2758 imperator
1478 2671 1479 2674 ’

264 2771 298 2833 ct
310 2783 437 2852 semper
451 2769 665 2853 ooqosbuod
679 2775 824 2836 clansam
843 2770 894 2836 rei
903 2770 1102 2837 memoriam.
1128 2767 1398 2854 metuentesque
1478 2779 1479 2860 ᾗ

266 2901 309 2911 -
338 2865 379 2930 ot.
405 2865 460 2931 ote
480 2867 611 2953 cumi
639 2881 727 2935 corto
754 2867 879 2934 domiui
897 2866 1154 2936 mcccccmotti.
1175 2868 1275 2953 repsi
1297 2865 1397 2935 sosoi
1478 2869 1479 2890 ¹

264 2969 354 3028 auno
376 2962 473 3048 cotti,
493 2964 625 3050 imperti
646 2981 724 3033 uero
743 2965 807 3032 stt
926 2993 929 3000 ·
1478 2965 1479 2968 ’

337 3057 419 3144 Quia
442 3058 588 3130 nonnulli
613 3059 723 3132 clerici
746 3065 783 3132 'et
804 3061 877 3132 laici
894 3065 1087 3134 iuraverunt
1113 3069 1146 3131 et
1162 3063 1396 3154 promiserunt,

263 3175 329 3226 non
352 3153 488 3227 obedire
513 3155 645 3228 domino
667 3155 834 3232 Ludovico
856 3161 909 3230 iiii.
944 3159 1167 3231 Romanorum
1194 3159 1396 3252 imperatori,

263 3251 455 3345 preberent⁵
468 3254 636 3342 auxilium,
654 3256 824 3328 consilium
839 3256 1044 3344 etfavorem,
1062 3253 1299 3328 dubitaverunt
1317 3277 1396 3350 pre-

264 3348 358 3439 dicti,
386 3373 429 3422 nn
448 3361 623 3424 teneantur
647 3353 689 3423 ad
711 3356 814 3446 ipsius
838 3353 1085 3427 observativam
1109 3355 1285 3426 iuramenti
1309 3365 1395 3424 etun

261 3446 339 3518 iilud
361 3447 486 3544 absque
500 3451 681 3522 animarum
693 3473 826 3524 suarum
836 3451 983 3546 periculo
994 3445 1250 3523 etdetrimento⁶
1262 3452 1393 3525 valcant

263 3541 455 3618 observare.
501 3546 554 3617 Ad
589 3571 686 3642 quam
721 3547 959 3622 dubitacionem
989 3549 1092 3622 irater
1119 3547 1330 3641 Bonogracia
1355 3547 1395 3618 ds

263 3641 303 3728 (t.
322 3643 424 3738 200.)
449 3643 613 3735 Pergamo
637 3645 759 3718 ordinis
777 3647 913 3718 fratrum
931 3645 1094 3719 biinorum
1113 3649 1147 3717 in
1164 3657 1307 3741 utroque
1324 3649 1391 3718 iore

264 3743 387 3832 peritus
405 3740 508 3831 drmit,
526 3753 561 3814 ut
578 3747 736 3838 seqrturn
754 3743 1030 3838 respondendum.

316 3838 369 3910 Ad
386 3839 563 3934 predictam
582 3845 787 3936 questionem
803 3840 928 3936 absque
941 3841 1038 3914 dubio
1049 3853 1101 3916 est
1111 3842 1300 3936 dicendum
1311 3839 1391 3940 quod

262 3935 319 4026 ilii,
337 3941 390 4030 qui
409 3938 474 4008 tate
493 3941 708 4010 iuramentum
727 3939 889 4030 iecemnt„
907 3939 949 4012 ed
967 3943 1038 4012 cius
1055 3939 1311 4014 observanciam
1328 3961 1389 4014 non

261 4041 421 4107 tenentur.
457 4035 500 4107 Et
515 4037 581 4107 taio
603 4039 820 4109 iuramentum
846 4059 913 4110 non
935 4048 1074 4133 possunt
1097 4041 1169 4111 sine
1197 4039 1389 4111 detrimento

315 4179 347 4265 i)
363 4181 513 4310 imperatori
533 4183 573 4240 bs.
610 4183 640 4253 2)
659 4183 790 4255 gedruekt
808 4185 991 4256 Sitzungsber.
1012 4185 1037 4244 d.
1056 4185 1169 4244 Wiener
1186 4187 1270 4246 atad.
1287 4186 1387 4258 iiJOi.

261 4251 292 4322 3)
310 4253 375 4309 ibrri.
411 4255 454 4311 03.
491 4257 522 4326 4)
541 4256 625 4328 chg.
645 4257 709 4314 Lod.
729 4275 753 4314 n.
774 4256 852 4315 1922.
888 4261 919 4330 5)
939 4275 972 4316 so
991 4257 1035 4314 die
1053 4259 1093 4314 bs.
1121 4259 1152 4328 6)
1170 4260 1326 4316 detrimenta
1351 4259 1388 4314 bs.
