2900 4820
196 267 268 342 292
376 263 595 323 courmotrro
614 264 781 324 llb'l'llllAE
800 264 1140 326 leEWENBUllGENSlS.

113 447 353 532 retrocessit,
381 445 564 516 associatus
591 440 741 514 omnibus
772 441 991 516 cardinalibus
1019 441 1060 514 ad
1088 442 1170 514 duas
1198 445 1326 534 leucas2

196 541 323 631 dicens
349 563 388 614 se
405 545 521 612 timere
540 563 578 614 se
597 561 656 611 eos
680 541 818 634 amplius
842 561 910 612 non
926 545 1086 613 visurum.
1122 541 1198 614 Rex
1216 551 1327 613 eutem

195 643 228 711 in
246 640 332 714 festo
357 635 481 733 pasche
500 641 584 733 [apr.
603 639 642 728 5]
670 648 845 710 coronatus
863 662 882 709 a
900 637 1119 712 cardinalibus
1136 639 1246 732 Pyses
1264 663 1328 710 re-

195 741 334 810 vertitur
351 741 425 831 quia
443 759 481 808 se
500 759 566 807 non
583 758 774 810 mansurum
791 739 824 806 in
841 734 923 807 urbe
941 740 1097 831 promisit.
1124 735 1328 830 Imperatore

196 846 306 907 autem
333 833 373 906 eb
398 832 479 905 urbe
497 837 529 904 in
548 832 601 904 die
627 836 852 906 coronacionis
878 833 1070 923 recedente,
1095 835 1188 906 sectis
1216 837 1327 908 multis

195 932 347 1006 militibus
366 953 467 1026 super
484 939 596 1026 ponte,
614 951 722 1025 eoque
740 927 881 1026 quinque
899 929 1015 1004 diebus
1033 943 1110 1005 ante
1128 930 1251 1026 pascha
1270 933 1327 1004 le-

194 1033 356 1102 litantem
374 1028 455 1101 urbe
482 1029 670 1122 templaque
685 1031 840 1102 visitante
864 1029 1005 1101 latenter
1021 1041 1055 1102 et
1079 1033 1110 1100 in
1128 1033 1328 1103 reversione

195 1124 438 1201 aSenensibus
457 1137 491 1197 et
507 1128 578 1198 eliis
597 1126 744 1218 gloriose
760 1135 908 1220 receptu
927 1125 1064 1198 duorum
1082 1127 1216 1200 fratrum
1235 1125 1327 1200 lilio-

194 1247 267 1296 rum
284 1223 447 1319 quondam
464 1227 618 1319 principis
635 1222 801 1316 Moregie,
825 1245 908 1317 quos
926 1223 1082 1316 Ungarus
1100 1249 1119 1296 a
1138 1227 1327 1319 captivitate

193 1322 334 1416 reliquit,
362 1343 447 1394 unus
472 1325 578 1393 iunior
597 1324 631 1391 in
648 1321 769 1415 Apulia
793 1343 931 1392 manens
961 1319 1021 1394 sibi
1046 1325 1251 1416 companium
1270 1323 1328 1394 vel

194 1423 385 1493 societatem
409 1441 585 1492 assumens
609 1429 643 1490 et
664 1417 880 1490 Ludewicum
903 1419 1099 1512 patruelem,
1127 1418 1328 1492 scribentem

193 1539 232 1591 se
248 1538 367 1610 regem
384 1517 508 1611 sycilie
526 1528 559 1588 et
576 1515 751 1588 habentem
768 1514 948 1587 Iohannem
966 1517 1129 1610 quondam
1146 1521 1325 1610 coniugem

193 1614 331 1686 Andree
354 1617 446 1706 regis
470 1614 606 1705 iugulati
624 1624 658 1686 et
682 1617 753 1685 eius
777 1612 932 1703 dominia,
956 1613 1108 1686 dilectum
1132 1618 1228 1686 nimis
1254 1615 1328 1688 sedi

193 1712 384 1808 apostolice
408 1711 626 1784 vehementer
651 1708 843 1799 infestabet3
870 1710 954 1782 alter
971 1734 1054 1784 vero
1078 1716 1194 1802 maior,
1221 1717 1329 1807 quiet

193 1821 290 1880 autea
315 1809 449 1900 dudum,
477 1809 590 1882 forsan
619 1809 782 1899 simulate,
810 1830 922 1880 mrum
947 1807 1075 1882 Franco
1098 1810 1237 1905 patmeli
1264 1831 1327 1882 suc

192 1906 330 2000 Ungarc
354 1906 498 1978 duellum
522 1905 648 1996 indixit
673 1917 817 1978 castrum
843 1905 1056 1979 fortissimum
1080 1909 1268 1998 Provincie2
1292 1911 1328 1978 in

192 2026 257 2099 quo
274 2004 361 2076 idem
378 2003 578 2077 ludewicus
596 2004 787 2078 thesaurum
805 2025 901 2076 suum
918 2002 1039 2095 habuit,
1066 2003 1230 2096 obtinens,
1256 2008 1328 2076 mi-

192 2102 294 2193 litem
323 2102 364 2173 de
392 2125 456 2197 quo
484 2101 650 2195 predictus
677 2099 877 2173 ludouvicus
910 2101 1053 2193 confidit,
1084 2101 1327 2176 custodientem

191 2209 348 2292 escun,
367 2203 420 2295 qui
438 2211 471 2272 et
485 2199 665 2273 Clementis
682 2221 767 2293 pape
785 2197 895 2270 habuit
911 2199 1024 2291 liliam
1042 2223 1116 2273 cum
1134 2221 1239 2272 uxore
1257 2199 1326 2272 de-

192 2300 280 2388 iecit,
306 2295 456 2371 omnibus
473 2321 535 2392 per
552 2319 629 2368 eum
644 2299 811 2392 occupatis
829 2299 862 2368 in
880 2307 988 2370 castro
1005 2301 1156 2392 repertis.
1189 2297 1242 2368 Dc
1260 2319 1327 2392 quo

191 2418 266 2467 uum
300 2419 384 2492 pepe
411 2395 721 2488 Petregoriecnsem
755 2393 973 2484 cardinalem,
1006 2399 1154 2490 ipsorum
1187 2395 1327 2468 bobum

191 2493 391 2566 avunculum
409 2503 443 2564 et
460 2493 618 2587 quosdam
636 2492 718 2564 alios
736 2491 922 2566 cardinales
940 2491 1000 2564 sibi
1017 2493 1172 2566 faventes
1184 2493 1226 2564 de
1243 2493 1327 2564 lau-

190 2595 272 2662 toria
290 2589 428 2664 baberet
445 2601 618 2685 suspectos
636 2593 728 2662 eteis
747 2587 951 2662 oblacionem
968 2590 1069 2685 pillei,
1087 2595 1149 2684 ipsi
1159 2613 1244 2662 vero
1262 2587 1331 2663 sibi

191 2687 388 2762 divisionem
406 2692 519 2783 cepitis
537 2690 751 2777 minarentur,
768 2689 867 2758 nimie
884 2689 1055 2760 Avinicne
1072 2688 1229 2762 scandale
1247 2700 1329 2762 sunt

191 2783 334 2859 suborta.
368 2788 523 2880 Papaque
540 2787 738 2879 conquesitis
763 2783 981 2878 stipendiariis
1006 2785 1048 2856 ed
1071 2786 1327 2858 custodiendum

191 2903 230 2956 se
247 2887 280 2954 in
297 2885 436 2977 palacio,
461 2904 536 2955 cum
553 2883 835 2974 Petragcricensis
854 2905 928 2954 cum
946 2887 1015 2956 suis
1033 2885 1145 2978 plures
1163 2882 1328 2956 cardina-

189 2980 269 3052 lium
285 2985 479 3054 assistentes
496 3002 582 3075 papc
600 2979 642 3050 de
661 2983 729 3054 suis
747 2981 846 3053 curiis
864 2983 1031 3074 eiecisset,
1049 3003 1132 3076 papa
1147 2980 1328 3054 Rodanum

189 3081 223 3149 in
239 3081 416 3152 tuicionem
432 3077 550 3150 Franci
567 3080 727 3150 transivit.

239 3175 310 3250 Hiis
328 3174 443 3250 diebus
463 3179 548 3271 [apr.
560 3175 623 3266 17]
637 3176 758 3248 Veneti
776 3175 895 3250 ducem
912 3183 1021 3250 suum¹
1036 3201 1111 3249 cum
1129 3175 1328 3271 quibusdam

190 3274 262 3348 aliis
282 3275 494 3348 decollarunt

104 3582 175 3642 test
239 3567 355 3666 [Anne
371 3571 492 3645 domini
509 3570 726 3662 m.cco.l.vi.]²
743 3575 776 3644 in
793 3573 879 3646 leste
896 3571 982 3644 beati
999 3567 1088 3644 Luce
1109 3570 1329 3664 evangeliste

190 3674 267 3763 [oct
283 3669 350 3760 18]
371 3674 492 3743 canuit
517 3672 633 3741 civitas
650 3668 783 3744 Basilee
809 3691 855 3742 ex
871 3669 1062 3744 vehementi
1089 3679 1269 3743 terremotu
1287 3682 1329 3743 et

187 3770 281 3864 plura
298 3779 405 3842 castra
424 3779 459 3840 et
474 3769 538 3840 elia
555 3765 681 3839 edificia
699 3779 902 3840 corruerunt.
935 3767 995 3839 lllc
1013 3778 1209 3840 terremotus
1228 3772 1329 3840 venit

187 3871 274 3938 cuca
287 3887 451 3961 vesperas
465 3877 500 3938 et
511 3869 545 3937 in
562 3868 712 3960 sequenti
730 3875 827 3936 nocte
844 3864 966 3938 fiebant
982 3864 1056 3958 plus
1074 3887 1171 3962 quam
1189 3865 1327 3956 decern,

187 3984 234 4038 ex
249 3962 366 4059 quibus
384 3967 489 4036 eciam
514 3964 589 4059 plus
615 3985 713 4056 quam
730 3961 945 4058 quadraginta
972 3974 1080 4034 cestra
1099 3966 1184 4034 circa
1201 3961 1326 4057 Basy-

187 4060 273 4132 leam
290 4072 367 4136 sunt
383 4061 559 4136 subverse.
584 4061 649 4132 Per
666 4060 779 4155 plures
798 4063 902 4131 eciam
914 4060 986 4133 dics
1001 4070 1180 4155 sequentes
1198 4058 1328 4135 fiebant

187 4158 299 4253 plures
316 4169 405 4230 terre
421 4171 539 4234 motus.

240 4279 270 4353 l)
287 4281 371 4339 llario
389 4281 500 4339 Felierc
536 4281 569 4354 2)
588 4281 668 4340 Diese
687 4279 815 4354 iabrzebl,
833 4279 860 4338 in
879 4281 910 4339 Α.
930 4280 1048 4353 lcblend
1067 4295 1114 4338 aus
1134 4278 1205 4337 Urst.
