3014 4822
465 200 619 260 annuas
637 201 687 258 sul
705 199 936 260 Pulmonis.
1194 199 1261 276 471

136 378 279 452 dinalem
305 400 335 450 s..
350 377 474 450 Nicolai
496 381 529 448 in
553 400 689 450 carcere
714 379 862 453 Tulliano
884 380 917 448 in
935 376 1093 470 Angliam
1116 377 1157 450 ad
1180 376 1268 450 idem
1284 385 1353 444 tata

135 480 308 568 negotium
325 475 465 571 quadam
482 479 698 570 proventione
716 474 986 570 promovendum.
1015 475 1077 562 Qui
1094 473 1267 548 cardinalis

133 575 294 648 infinitam
317 577 488 668 pecuniam
510 597 528 644 a
552 576 705 667 personis
728 574 962 646 ecclesiasticis
985 582 1017 642 et
1040 569 1267 646 claustralibus

135 671 298 746 subtiliter
315 675 491 764 expetitam
509 683 543 742 et
559 670 723 743 obtentam
740 674 930 765 reportavit.
962 669 1044 742 Item
1062 692 1146 764 papa
1163 673 1268 742 misso

134 767 384 842 Suvcnebaldo¹
412 772 532 840 avertit
547 769 744 840 Ravennam
767 767 807 839 ah
831 771 1029 862 imperatore
1054 766 1267 862 quondamei

134 868 371 942 fidelissimam.
395 867 576 960 Imperator
593 877 702 938 autem
720 868 829 940 missis
847 865 948 938 literis
960 864 1001 938 ad
1014 887 1133 937 omnes
1151 864 1278 936 eccle-

133 969 203 1038 sias
221 963 428 1038 cathedrales
446 976 480 1035 et
496 963 538 1034 ad
554 987 657 1056 reges
675 963 867 1036 christianos
886 963 1009 1055 allegat
1028 967 1112 1057 [apr.
1132 960 1209 1053 201,
1228 984 1267 1035 ae

133 1067 254 1136 iniuste
271 1084 290 1133 a
308 1085 392 1157 papa
410 1067 736 1134 excommunicatum.

181 1160 261 1255 lpso
272 1181 358 1231 anno
370 1158 540 1232 Corradus
553 1159 761 1232 Coloniensis
772 1161 898 1232 electus
910 1160 1153 1233 dissensionem
1163 1160 1267 1232 movit

132 1268 246 1332 oonua
275 1262 426 1332 comitem
452 1255 660 1330 Seinensem.
699 1257 761 1344 Qui
792 1279 904 1332 comes
931 1279 1006 1330 curn
1034 1257 1167 1328 exalia
1195 1259 1266 1349 ripa

133 1355 243 1430 Rheni
265 1359 410 1428 exercitu
429 1354 570 1428 adunato
595 1353 753 1426 inhiberet
775 1359 946 1430 transitum
963 1353 1071 1427 Rheni
1088 1358 1119 1425 in
1144 1365 1266 1426 terram

132 1475 228 1526 suam
246 1453 354 1526 electo
371 1453 560 1526 Coloniensi
577 1452 662 1546 apud
678 1451 827 1523 Bonnam
845 1457 1030 1540 constitum,
1047 1455 1139 1522 cives
1160 1449 1265 1522 Colo-

132 1555 270 1622 nienses
289 1573 361 1624 com
380 1551 487 1622 multis
505 1547 645 1622 navibus
664 1553 796 1622 armatis
810 1559 844 1620 et
854 1553 1017 1644 apparatis
1033 1553 1068 1620 in
1085 1547 1266 1622 subsidium

134 1650 230 1720 electi
241 1647 390 1718 Bonnam
408 1649 560 1718 celeriter
573 1647 762 1718 adveniunt.
787 1647 925 1742 Propter
937 1669 1074 1743 quorum
1086 1645 1265 1717 adventum

133 1749 333 1840 inopinatum
361 1757 475 1816 exona
501 1767 622 1837 guerra
647 1767 720 1816 oum
746 1743 871 1816 honore
895 1745 990 1816 electi
1015 1755 1092 1816 tunc
1109 1745 1264 1836 temporis

132 1847 267 1938 quievit
304 1843 420 1916 Paucis
438 1841 553 1914 diebus
571 1845 768 1936 interpositis
787 1865 860 1913 conr
878 1843 1004 1914 cautela
1023 1851 1056 1913 et
1071 1840 1264 1912 dissimula-

132 1945 224 2014 tione
246 1941 371 2013 electus
388 1939 529 2012 Romam
552 1939 767 2033 proficiscitur
783 1943 895 2034 paucis
919 1939 982 2012 hoo
999 1936 1186 2011 solentibus.
1222 1935 1265 2010 Et

133 2037 175 2108 ihi
192 2061 211 2108 a
230 2061 313 2132 papa
337 2037 547 2110 confirmatus
567 2047 689 2108 etcum
708 2035 888 2108 Wilhelmo
905 2035 1079 2109 Leodiensi
1102 2037 1265 2130 postulato

133 2137 281 2208 similiter
298 2135 487 2206 confirmato
512 2155 628 2206 mense
646 2137 733 2206 ionio
751 2134 792 2205 ad
810 2138 944 2228 patriam
962 2143 1098 2205 remeat.
1135 2131 1265 2206 Rebel-

132 2234 220 2306 lione
245 2243 355 2312 autam
378 2231 532 2304 nobilium
558 2242 645 2302 terre
663 2243 774 2303 contra
793 2235 900 2324 ipsum
918 2233 1057 2303 electum
1084 2230 1264 2326 pullulante

133 2331 220 2402 idem
238 2330 363 2401 electus
382 2341 525 2402 castrum
543 2330 723 2418 Turrense,
745 2327 871 2400 civibus
890 2325 1139 2400 Coloniensihos
1157 2331 1264 2420 ipsum

132 2425 381 2510 adiuvantibus„
408 2427 545 2499 viriliter
565 2437 720 2520 occupat,
744 2437 778 2497 et
794 2449 855 2520 per
872 2426 954 2498 duas
978 2447 1119 2518 magnas
1142 2445 1264 2513 naves,

133 2547 237 2620 opere
265 2521 400 2596 mirabili
429 2547 503 2596 oum
536 2523 791 2618 propugnaculis
819 2534 853 2594 et
878 2521 1029 2617 pontibus
1058 2531 1265 2618 preparatam

132 2633 242 2693 turres
260 2625 384 2694 comitis
403 2621 445 2692 de
456 2621 568 2694 Monte
587 2626 671 2714 capit
688 2633 721 2693 et
738 2621 845 2710 diruit,
863 2631 1022 2692 etomnes
1041 2631 1149 2692 turres
1166 2623 1265 2692 castri

132 2722 321 2812 antiquitate
356 2719 519 2814 collapsas
553 2718 750 2790 reedificans
784 2722 918 2812 suisque
946 2722 1116 2806 muniens„
1151 2719 1265 2788 turrim

132 2821 238 2890 sancti
251 2815 413 2888 lleriberti
432 2818 579 2888 similiter
596 2815 787 2888 incastellat.
815 2815 1048 2908 Congregetur
1063 2817 1172 2908 itaqua
1189 2813 1266 2886 hinc

131 2913 211 2986 inde
238 2916 347 2986 militia
375 2925 408 2984 et
431 2915 499 2986 dux
522 2914 563 2986 de
590 2911 774 3000 Limburoln
802 2916 855 3006 qui
879 2924 913 2985 et
936 2935 1048 2986 comas
1073 2912 1115 2983 de
1137 2911 1265 3000 nonio,

95 3084 97 3090 ,
131 3011 275 3084 electum
292 3035 366 3083 cunr
385 3015 453 3083 suis
471 3009 622 3083 militibus
634 3022 665 3082 et
678 3011 895 3082 Coloniensas
914 3013 998 3081 circa
1016 3011 1102 3082 idem
1121 3019 1265 3080 castrum

131 3107 269 3182 diffusos
283 3119 316 3180 et
328 3107 446 3180 ibidem
465 3109 676 3180 adversarios
693 3107 854 3201 intrepide
872 3118 1106 3200 exspectantes
1124 3105 1265 3198 aggredi

131 3227 199 3278 non
216 3205 407 3278 audebant²
439 3206 565 3278 Verum
584 3207 709 3277 electus
728 3228 800 3276 cum
818 3227 916 3276 manu
934 3203 1043 3277 valida
1061 3215 1182 3275 terram
1200 3225 1264 3275 co·

133 3307 220 3374 mitis
231 3303 396 3376 deblonte
414 3307 528 3398 partim
547 3305 772 3397 pertransiens
785 3305 882 3374 intrat
894 3312 1016 3373 terram
1033 3303 1158 3373 cunulis
1169 3299 1265 3396 sey-

130 3403 258 3472 nensis.
293 3399 348 3472 Ad
366 3405 458 3474 ouius
475 3400 654 3472 adventum
673 3400 747 3472 dicti
764 3400 832 3471 dux
850 3410 882 3470 et
899 3421 1011 3471 comes
1030 3402 1129 3470 territi
1147 3420 1265 3493 pacem

131 3521 206 3570 oum
225 3519 268 3569 eo
283 3502 408 3588 ineunt
431 3521 528 3592 quam
551 3501 739 3570 iuramentis
759 3508 791 3568 et
812 3500 939 3590 scriptis
965 3497 1114 3588 sigillatis
1137 3495 1264 3568 oonhr-

130 3605 231 3666 mant.
268 3595 347 3668 Dux
370 3608 480 3668 autem
496 3595 685 3683 Brahantie,
709 3617 825 3688 pacem
848 3598 933 3666 inter
950 3595 1090 3666 electum
1109 3604 1142 3665 et
1161 3593 1264 3666 dictos

130 3691 251 3764 ducem
270 3704 304 3764 et
320 3699 471 3766 comitem
493 3697 582 3788 prius
600 3715 619 3764 a
638 3715 676 3764 se
694 3693 801 3764 datam
825 3714 984 3764 asserens
1002 3689 1042 3762 ab
1060 3692 1166 3762 electo
1184 3693 1264 3761 vio-

130 3791 244 3878 laam,
272 3794 334 3884 ipsi
362 3790 480 3864 bellurn
508 3791 618 3862 indicit
644 3813 708 3860 nec
735 3791 834 3862 multo
862 3800 935 3882 post
958 3798 1106 3882 tempore
1133 3785 1263 3860 inducit.

130 3887 217 3958 Nam
235 3893 412 3982 assumptis
430 3911 545 3962 secum
562 3893 647 3960 circa
659 3889 743 3961 lxxx
756 3888 853 3958 millia
872 3885 1064 3958 bellatorum
1082 3895 1147 3956 tarn
1165 3887 1264 3978 equi-

129 3995 198 4056 tnm
226 4008 324 4080 quam
352 3987 495 4080 peditum
523 3997 643 4058 terram
671 3981 987 4075 electi'ingreditun
1014 3986 1122 4054 omnia
1149 3981 1264 4077 predia

130 4084 363 4174 ecelesiarum,
380 4083 434 4157 uhi
451 4089 622 4158 transitum
632 4085 720 4174 lacit,
738 4083 867 4179 spoliat
884 4083 1034 4174 angariat
1044 4080 1100 4152 vel
1111 4079 1262 4153 incendit.

187 4205 217 4277 l)
238 4205 286 4264 der
305 4212 409 4280 spateae
427 4207 507 4280 pohst
524 4207 657 4264 lunooena
671 4205 715 4262 Ν,
752 4205 784 4276 2)
803 4219 835 4262 ιο
855 4203 899 4260 die
916 4201 957 4260 ha.
970 4202 1043 4259 wohl
1061 4207 1124 4260 stott
1142 4201 1263 4260 audebat
