3010 4822
465 219 935 286 amuassnrsumuuoms.
1193 229 1262 304 491

139 403 198 480 sibi
223 401 453 478 auxiliantibus
477 411 584 476 eastra
610 401 765 476 Friderioi
789 402 965 492 irraadnntq
994 425 1094 498 super
1120 406 1268 478 ineuntes
1284 411 1355 470 tata

136 507 275 590 mount
292 502 366 574 aliis
379 500 544 574 t'neidatis
557 502 630 574 aliis
643 505 745 597 captis
759 499 879 595 predas
893 503 1033 596 rapiam,
1051 501 1166 574 domos
1185 523 1268 575 sno-

138 600 294 688 oendunt,
318 601 430 692 siepte
450 597 665 672 desevientes
688 597 730 670 ad
754 603 928 672 tentorium
947 597 1122 687 unisset,
1146 601 1270 672 soiliaet

136 695 317 795 presidium
333 693 376 766 ibi
393 706 595 768 exstnuetum
612 696 803 790 prooedunt.
835 697 961 769 Verum
979 695 1167 770 custodibus
1183 719 1268 790 pro-

138 797 213 869 dieti
232 793 366 888 presidii
385 813 424 866 se
442 793 579 866 viriliter
594 792 846 868 defendentibus
867 796 1065 868 Parmenses
1083 795 1269 889 prevalue-

137 905 213 968 runt
232 903 267 964 et
286 891 417 964 eliraeta
435 893 612 964 munitione
625 913 791 965 eameram
802 891 958 964 Friderioi
972 896 1115 987 eupiunt,
1134 894 1269 964 invento

136 997 170 1064 in
188 1015 230 1063 ea
247 1001 282 1061 et
298 987 406 1062 ablato
422 987 577 1061 thesauro
594 989 636 1060 ad
649 988 863 1084 quadraginin
881 991 967 1062 milia
980 1009 1165 1062 marearum
1183 992 1270 1062 esti-

136 1100 235 1163 mato.
261 1086 447 1158 Friderieus
472 1095 581 1158 autern
605 1086 648 1160 de
665 1085 790 1160 insidiis
808 1085 868 1160 sibi
884 1091 918 1160 in
934 1091 991 1160 via
1007 1089 1122 1180 positis
1147 1087 1268 1182 inipso

137 1190 316 1262 venatione
329 1187 471 1258 mmritus
485 1183 527 1255 ad
541 1195 648 1258 eastra
661 1183 797 1276 regredi
815 1187 933 1258 statuit.
959 1183 1028 1256 Sed
1044 1187 1120 1258 uiso
1139 1188 1269 1258 eminus

135 1290 217 1377 igne
236 1288 268 1354 in
286 1285 359 1354 loeo
372 1293 554 1355 castrorum
571 1285 707 1378 susque
726 1306 745 1354 a
761 1286 878 1356 enanis
891 1280 1091 1374 bagientibus
1109 1293 1142 1355 et
1159 1280 1268 1356 sibiiu

136 1387 194 1456 via
210 1378 470 1469 ooemrentibus,
493 1378 537 1450 de
553 1380 670 1452 ellectu
687 1379 877 1476 proditionis
894 1381 1090 1453 nortbertus
1108 1390 1142 1452 et
1160 1383 1270 1453 animo

137 1489 380 1568 consternatus,
405 1481 439 1548 in
465 1477 516 1552 bis
538 1481 701 1570 angustiis
719 1477 916 1552 Cremonam
937 1479 1090 1550 solenter
1106 1480 1269 1570 ntdngere

136 1573 343 1672 properabat
378 1575 445 1648 Atti
465 1573 627 1666 dicebant,
653 1575 852 1648 Friderioum
874 1579 1005 1668 cognita
1023 1597 1068 1646 ex
1087 1585 1270 1650 medorum

136 1673 289 1747 moendio
311 1672 482 1744 madidans
506 1672 548 1744 ad
571 1695 736 1746 eameram
753 1673 887 1769 presidii
905 1677 956 1746 sui
972 1673 1126 1748 festinum
1143 1693 1270 1767 prope-

135 1790 247 1861 rasse,
267 1782 301 1844 et
316 1774 495 1864 exportatis
514 1771 732 1865 personaliter
756 1769 948 1866 quibusdam
967 1772 1119 1862 insigniis
1137 1781 1169 1841 et
1183 1791 1269 1863 pre-

135 1867 323 1943 tiosioribus
341 1867 513 1958 clenodiis,
530 1869 644 1960 bugam
662 1891 784 1942 versus
802 1869 1000 1940 &emonam
1019 1867 1175 1964 pavidum
1191 1889 1270 1939 ma-

136 1978 280 2038 tnrasse.
316 1965 429 2038 Saluta
449 1977 559 2038 autem
579 1987 640 2060 per
662 1965 749 2039 buna
767 1965 899 2038 modum
916 1965 1086 2039 obsidione
1103 1966 1269 2036 Panaen-

136 2068 223 2139 sium
239 2062 425 2135 Frideriens
443 2073 625 2135 eommotus
649 2063 690 2134 ad
714 2063 977 2159 impediendum,
1001 2085 1045 2134 ne
1068 2085 1129 2156 pen
1151 2083 1269 2156 mam

136 2162 292 2232 vidualia
308 2171 446 2255 possent
468 2159 610 2248 babereq
635 2164 846 2233 munitionem
871 2181 965 2234 snam
988 2171 1100 2232 nonna
1118 2161 1269 2231 Parmam

136 2281 238 2354 supra
255 2268 388 2352 pontem
413 2256 455 2328 de
478 2279 582 2352 prope
598 2269 818 2330 oonstruetam
843 2259 1059 2352 multiplicatis
1080 2254 1268 2328 eustadibus

135 2359 285 2452 precepit
300 2358 422 2429 brutius
442 2354 606 2430 eustodin'.
632 2355 675 2426 llt
692 2359 740 2429 sio
756 2360 789 2428 in
806 2353 960 2450 Apuliam
978 2357 1149 2450 prooessit

186 2454 265 2526 Post
287 2457 379 2527 euius
401 2475 574 2526 recessum
598 2454 761 2526 llenrions
786 2453 870 2526 filius
899 2475 979 2527 suus
1003 2451 1179 2539 naturalis,
1205 2473 1268 2524 rex

136 2550 307 2637 flironte,
337 2553 371 2624 in
399 2553 640 2642 oongressione
667 2550 773 2622 habita
801 2562 915 2622 eontra
937 2551 1171 2622 Bolonienses¹
1195 2556 1270 2643 post

135 2651 272 2739 longam
287 2647 565 2738 daemomonem,
588 2670 684 2744 mam
703 2659 837 2721 manue
855 2660 889 2720 et
905 2649 1043 2720 uiriliter
1059 2655 1268 2734 exemerat

137 2745 272 2818 tandem
289 2747 400 2819 lassus
417 2749 556 2840 eapitur²
574 2758 608 2819 at
625 2744 772 2818 onslodie
790 2749 1001 2840 mansipatur.

185 2841 315 2918 Eadem
331 2865 418 2916 anno
435 2843 554 2939 hyems
582 2841 775 2941 inpartibus
792 2846 913 2918 nostris
930 2854 997 2916 tota
1015 2852 1088 2914 erat
1103 2851 1268 2936 eornupte,

136 2941 291 3036 pluvialis
305 2952 339 3013 et
350 2945 484 3014 omnino
495 2947 648 3032 remissa
665 2945 708 3013 ita
722 2941 808 3035 quod
827 2963 889 3036 per
905 2951 1005 3013 totam
1018 2940 1163 3034 hyemen
1179 2941 1268 3010 dno-

134 3039 198 3111 bus
216 3037 345 3128 diebns‚
358 3038 693 3135 etbootnterpolnus,
711 3038 836 3110 modion
853 3039 979 3130 glooies
997 3040 1144 3110 estvisa.
1172 3035 1268 3107 Unde

133 3142 168 3209 in
187 3134 400 3230 subsequenti
417 3147 523 3210 estate
539 3138 673 3228 irriges„
697 3137 774 3208 lieet
800 3135 1003 3206 abundanter
1023 3137 1267 3228 provenissent,

133 3235 275 3305 motum
294 3245 461 3328 speratum
478 3255 546 3306 non
562 3233 755 3324 reddebant,
780 3231 841 3306 sed
862 3243 895 3303 et
912 3236 1025 3306 vinum
1041 3233 1118 3304 lieet
1133 3231 1268 3302 multum

133 3353 202 3404 nen
219 3329 306 3404 bene
322 3335 425 3425 potnit
443 3336 608 3404 maturari.

184 3429 287 3500 Anno
310 3429 430 3500 dondm
458 3431 643 3503 meexlix.
669 3440 743 3523 posi
770 3428 890 3502 ledum
917 3427 1149 3523 pondendonis
1172 3424 1269 3498 beate
1284 3435 1354 3493 1249

133 3529 276 3616 virginis
299 3525 379 3616 [leb.
391 3527 430 3616 2]
449 3549 511 3599 rex
523 3527 722 3598 Wilbelmus
741 3525 869 3599 obsedit
887 3525 1110 3597 Bobardiam.³
1133 3522 1268 3596 Indutils

134 3633 246 3694 antem
263 3623 306 3694 ab
322 3623 677 3718 oppidanisBobardiel
695 3627 803 3718 petitis
822 3634 855 3694 et
870 3622 1131 3696 conditionaliter
1146 3645 1166 3691 a
1182 3641 1267 3713 rege

133 3719 277 3793 monis
293 3741 357 3792 rex
374 3721 591 3815 progrediens
614 3720 743 3796 obsedit
766 3732 908 3794 oastnrm
925 3725 1056 3812 regium
1072 3718 1268 3811 lugalbeim

135 3817 222 3911 quod
239 3829 316 3912 post
332 3817 453 3914 aliquot
471 3819 543 3892 dies
560 3817 696 3892 obtinuit
712 3822 926 3910 resignatum.

182 3913 316 3988 lnterim
338 3913 417 3987 obiit
442 3917 547 4005 [marn
566 3917 608 4008 9]
634 3917 787 4012 Syln‘dm
810 3915 1075 4007 Moguntinensis
1099 3915 1266 4010 arehiepi-

133 4033 269 4107 soopus,
286 4015 340 4084 vir
349 4017 579 4105 magnanimus
597 4025 631 4086 et
646 4019 680 4088 in
692 4012 831 4104 agendis
842 4012 1029 4085 industrius.
1063 4012 1181 4086 Clarus
1198 4035 1265 4086 au-

189 4157 219 4228 l)
238 4159 379 4217 Solouieu.
397 4161 438 4216 bs.
475 4161 507 4230 2)
525 4161 553 4218 in
573 4163 620 4220 der
639 4165 757 4220 seblacbt
776 4163 818 4219 bei
832 4161 951 4219 Fossalta
972 4161 1067 4218 bsiliab
1087 4179 1141 4218 von
1155 4163 1267 4221 blodena

135 4231 206 4288 1249
224 4231 277 4290 mai
294 4231 339 4290 26.
376 4233 407 4304 3)
426 4231 492 4290 snb.
511 4233 551 4290 bs.
