2982 4824
310 222 486 282 tttitotttmt
500 222 689 282 monebunt!
708 225 1074 286 semimortuorum.
1183 229 1255 306 663

125 403 278 476 Tuseinm
303 402 434 492 mittitur
455 398 619 475 lobnnnes
636 398 823 490 Breteldus,
838 400 959 476 'militie
983 409 1151 494 ebenum,
1174 425 1256 478 nor-

124 521 206 596 pore
223 498 350 592 quidem
370 519 494 592 pervus
512 497 572 572 sed
590 509 700 572 mente
717 501 958 591 magnanimus.
991 499 1053 572 llio
1076 503 1164 572 enim
1180 524 1256 576 oum

3 593 6 598 ’
124 598 274 671 ducentis
299 593 448 669 militibus
466 594 598 670 Gelliois
618 606 651 669 et
673 594 864 690 quibusdem
883 595 1079 672 Florentinis
1103 596 1257 672 militibus

125 693 252 768 Guelfis
270 696 406 766 transito
423 703 522 789 ponte
533 693 613 768 Eleo
623 698 712 766 iuxta
730 705 886 784 oestrum,
907 695 992 789 quod
1008 693 1122 768 dieitur
1133 693 1256 788 eote,

115 789 312 866 'videnubus
334 793 485 883 iuimiois,
508 802 609 864 totum
633 792 787 887 populum
810 796 948 866 ciuitatis
964 791 1125 868 Senensis
1143 804 1177 864 et
1192 816 1256 869 oo-

124 894 255 964 mitetus
275 888 425 962 eiusdem
447 913 521 964 oum
538 890 627 962 mille
645 892 831 984 quingentis
849 889 1023 986 equitibusa
1047 912 1129 986 quos
1147 889 1256 965 bebo·-

123 987 221 1076 bunt,
248 1009 384 1082 quornm
409 986 599 1062 lbeotoniei
625 988 737 1082 plures
765 998 878 1078 erent,
905 988 1043 1062 viriliter
1069 1009 1256 1081 eggressus

126 1084 241 1179 [1269
265 1087 369 1176 iun.]‚
395 1089 438 1158 ite
462 1095 497 1166 ut
523 1083 709 1160 substinere
736 1084 864 1180 pondus
890 1087 984 1181 prelii
1013 1108 1078 1160 non
1102 1085 1256 1162 valentes

90 1181 93 1186 ’
123 1205 241 1258 omnes
259 1193 468 1256 verterentur
490 1182 664 1276 iniugem.
692 1181 838 1256 Fuerunt
862 1193 971 1256 eutem
996 1186 1178 1278 quingenti,
1201 1187 1256 1278 qui

122 1287 157 1354 in
175 1302 290 1375 nempe
307 1291 384 1354 sunt
399 1281 572 1370 interlecti,
596 1291 629 1352 et
643 1279 774 1354 totidem
793 1303 839 1356 ex
857 1283 907 1354 eie
925 1281 1101 1372 vulnerati,
1119 1280 1205 1376 quod
1222 1291 1256 1361 et

122 1381 185 1474 ipsi
202 1389 278 1472 post
292 1377 406 1469 frugem
423 1387 498 1452 suut
514 1382 641 1450 mortui.
667 1376 704 1450 ln
723 1376 786 1450 boo
801 1377 906 1474 prelio
923 1375 1183 1470 Provinuanue,
1200 1381 1256 1474 qui

123 1485 196 1548 erut
212 1478 305 1570 quusi
323 1474 523 1550 Senensium
550 1475 714 1567 dominus,
741 1486 855 1572 ceptus
872 1478 978 1548 extitit
994 1486 1029 1546 et
1043 1478 1187 1566 eooisns,
1211 1479 1255 1552 itu

122 1574 210 1669 quod
237 1595 337 1667 super
360 1596 488 1646 murum
515 1595 715 1667 suspensum
741 1573 839 1646 fuerit
866 1583 971 1670 eaput
1004 1571 1130 1646 Dicitur
1153 1577 1255 1664 enin,

122 1670 210 1767 quod
234 1691 305 1744 som
328 1673 480 1743 moveret
502 1674 701 1766 ipsenoote,
728 1669 813 1766 quod
834 1683 932 1767 onput
947 1673 1018 1742 eius
1037 1667 1256 1746 extollebatur
1288 1691 1290 1694 ·

121 1774 154 1842 in
172 1770 283 1842 ultum
345 1767 419 1840 ultis
437 1777 546 1840 eutem
564 1767 678 1840 dieitur
697 1789 854 1842 narrasse
871 1769 935 1842 boo
951 1789 1136 1862 sompnum,
1160 1770 1254 1863 qussi

121 1864 335 1962 protenderet
358 1863 418 1938 sibi
435 1863 557 1950 bonum
580 1876 614 1938 et
638 1888 677 1938 se
699 1863 742 1936 de
769 1865 916 1940 hostibus
940 1876 1111 1962 reportare
1134 1869 1255 1940 trium·-

121 1965 233 2060 pbum.
253 1963 354 2034 Eram
371 1973 449 2035 tuno
465 1965 537 2058 ipse
553 1966 586 2034 in
605 1967 736 2036 civitate
749 1962 893 2038 Senensi
910 1976 944 2038 et
960 1973 1068 2038 tentus
1085 1966 1181 2038 timor
1197 1966 1255 2036 in-

121 2065 211 2134 vnsit
227 2061 406 2154 fugientes,
423 2070 459 2132 ut
469 2059 510 2132 ud
524 2063 688 2134 civitatem
705 2083 772 2132 non
788 2061 955 2154 lugerent,
974 2060 1035 2134 sed
1047 2059 1089 2133 ud
1102 2062 1164 2134 elie
1181 2062 1255 2134 loen

120 2159 338 2248 diverterent
362 2161 435 2252 quin
454 2160 482 2230 si
498 2155 661 2232 lohannes
679 2157 822 2230 Bretnldi
846 2156 888 2228 ed
905 2162 1070 2230 civitatem
1093 2179 1152 2232 eos
1170 2179 1255 2252 per-³

120 2278 268 2351 sequens
287 2277 365 2328 mox
381 2257 546 2346 venisset,
571 2257 625 2350 qui
643 2277 717 2327 enm
734 2253 927 2329 detenderet
943 2275 1008 2328 non
1028 2253 1154 2328 luisset
1181 2255 1254 2328 llee

120 2357 209 2428 enim
232 2357 368 2426 viotorin
393 2354 442 2426 sio
462 2350 642 2426 Gibellinos
669 2352 787 2425 deiecit
808 2356 841 2424 in
865 2352 997 2442 iussin,
1021 2360 1057 2424 ut
1080 2353 1144 2426 iem
1168 2353 1253 2428 utun

120 2473 315 2548 eomparere
327 2471 393 2523 non
410 2459 557 2544 possent.
578 2449 749 2524 Nemeum
766 2459 881 2544 postea
897 2449 1136 2526 lebennesiem
1147 2449 1253 2525 dietus

119 2571 223 2644 super
239 2550 347 2644 Pyses
364 2547 578 2622 eonduxiseet
598 2550 792 2639 eueroitumv
818 2571 979 2644 oppenere
1005 2568 1072 2621 non
1088 2550 1160 2622 nusi
1177 2556 1255 2624 sunt

118 2659 216 2722 extre
234 2668 372 2720 murum.
1249 2699 1251 2704 .

170 2745 250 2820 Post
262 2744 327 2816 beo
336 2742 519 2839 Gregorius
537 2744 698 2834 deoinms,
717 2765 791 2816 eum
802 2741 844 2816 etl
859 2743 1032 2816 concilium
1049 2753 1254 2838 properaret,

119 2854 155 2916 et
171 2865 235 2918 rex
251 2865 325 2916 oum
352 2865 394 2915 eo
411 2865 532 2918 versus
548 2841 748 2914 Florentium
771 2845 995 2937 pervenisset,
1016 2862 1132 2935 paoem
1154 2840 1254 2916 leoe-

118 2951 197 3015 nmt
218 2943 302 3014 inter
319 2938 499 3016 Gibellinos
524 2951 560 3014 et
577 2937 730 3012 Guellos³
751 2939 864 3032 [1273
888 2941 943 3012 iul.
963 2941 1041 3032 151,
1065 2943 1254 3035 quemvisu

119 3037 249 3112 Guelfie
267 3061 333 3113 non
354 3041 396 3112 sit
411 3049 525 3134 postne
544 3037 732 3112 observate.

170 3135 219 3209 lte
264 3159 283 3208 e
301 3135 394 3209 utel
412 3158 515 3209 unum
532 3138 574 3209 sit
590 3135 717 3208 dinero:
738 3158 801 3208 rex
817 3133 871 3207 bio
885 3134 996 3208 Sieilie
1011 3134 1167 3234 linerolus,
1184 3157 1254 3227 go-

119 3257 205 3308 nere
250 3257 384 3324 renous,
408 3237 502 3327 regis
518 3232 675 3306 lodovini
692 3234 897 3306 serenissimi
915 3232 1013 3324 filius,
1034 3231 1143 3306 militie
1160 3241 1254 3306 stre-

120 3353 222 3422 nnus,
240 3341 274 3403 et
290 3331 376 3427 quod
393 3331 454 3406 biis
473 3342 524 3406 est
539 3330 691 3404 omnibus
708 3333 827 3421 meins,
844 3329 909 3402 lide
927 3330 1104 3404 oetbolious
1120 3333 1254 3404 etiuxte
1341 3411 1350 3428 .

119 3428 646 3616 tltlmtbtlittilt
664 3427 1254 3622 institutionibus

119 3633 295 3698 oentenlus
320 3647 385 3698 nee
407 3626 489 3700 ebes
515 3647 658 3720 unquam
681 3623 836 3698 babuisse
861 3624 1025 3715 enodatur,
1049 3627 1081 3695 in
1104 3620 1196 3716 oybis
1221 3631 1255 3694 et

119 3718 251 3819 potibus
268 3745 388 3818 porcus
406 3725 513 3818 potius
530 3745 628 3817 quem
645 3721 812 3817 profusus,
829 3726 863 3794 in
874 3724 1081 3796 vestimentis
1092 3730 1254 3814 etpenpe

120 3821 297 3894 exterioris
319 3831 454 3894 emotus
479 3819 564 3892 eden
590 3829 812 3915 temperatus,
844 3829 879 3890 ut
902 3819 1044 3914 simplex
1066 3817 1160 3890 miles
1188 3839 1255 3890 non

120 3920 275 4010 oognitrm
292 3918 463 4008 videntum
480 3918 677 3992 ioculatores
697 3939 764 3990 uon
780 3925 885 4006 ouret,
902 3939 967 3990 neo
981 3914 1045 3990 illis
1063 3916 1169 4010 eliqua
1187 3913 1254 3986 do—

118 4025 198 4103 nnt;
215 4037 291 4088 rnre
309 4013 538 4091 venationibus
556 4025 609 4089 est
624 4017 780 4127 intentum
799 4025 833 4086 et
849 4017 877 4088 si
894 4012 1067 4108 eliqueutln
1085 4011 1196 4111 veriet
1214 4034 1253 4086 se

157 4223 160 4229 ,
176 4163 207 4234 1)
225 4163 416 4222 nordweetlieb
435 4181 489 4226 von
504 4165 591 4222 siene.
628 4163 659 4234 2)
677 4165 848 4224 Provennnno
864 4161 976 4226 Sereni.
998 4163 1043 4235 ,3)
1062 4159 1193 4236 gedruotn
1211 4177 1252 4238 ep.
1335 4216 1337 4222 .

120 4234 292 4294 thrdtu'ein
311 4236 383 4293 Nove
403 4236 476 4295 subs.
498 4235 523 4310 1,
543 4235 672 4295 too-tlt.
