3012 4820
491 263 656 328 nicolaos
676 266 839 328 tttttourrt.

98 444 179 518 toris
197 442 327 533 electio,
344 451 379 514 et
396 441 439 514 de
455 443 528 516 iure
545 442 665 516 domini
682 443 839 518 ludevici
856 447 909 518 iiii.
927 447 1131 540 imperatoris
1149 449 1231 518 etin
1248 455 1317 514 rste

99 540 216 636 quibus
243 541 363 612 lactum
394 552 447 615 est
472 564 533 637 per
554 543 729 618 nonnullos
754 565 900 618 summos
923 541 1093 638 pontifices
1119 555 1233 616 contra

98 644 169 734 ipsa
190 642 261 710 iura
278 636 420 710 indebite
438 649 473 710 et
488 641 619 713 iniuste.

148 755 277 827 Primus
295 756 449 828 articulus
466 766 530 846 est,
549 756 635 850 quod
652 767 717 828 tam
745 755 787 828 de
814 759 885 830 iure
911 780 1008 852 quam
1034 779 1079 828 ex
1102 760 1232 852 antiqua

100 863 133 923 et
147 853 297 944 legitime
314 856 494 949 prescripta
513 878 553 925 ac
569 853 700 926 obtenta
719 855 974 944 consuetudineq
993 879 1057 950 que
1077 856 1233 950 prolege

100 950 268 1024 servande
289 962 353 1040 est,
371 961 517 1047 potestas
536 961 570 1024 et
585 957 760 1025 auctoritas
777 954 874 1048 plena
900 954 1044 1046 eligendi
1064 975 1181 1044 regem
1199 963 1234 1024 et

100 1051 330 1143 imperatorem
347 1048 571 1121 Romanorum
589 1052 729 1144 pertinet
746 1048 788 1121 ad
805 1049 1069 1146 archiepiscopos
1087 1061 1120 1122 et
1136 1053 1232 1144 prin-

100 1150 192 1240 cipes
210 1147 398 1234 Alamanie,
416 1143 458 1216 ad
476 1145 670 1220 electionem
693 1150 817 1243 imperii
831 1152 1022 1222 constitutos
1041 1158 1232 1242 atempore,

101 1266 164 1338 quo
181 1242 389 1315 'teuthonicis
401 1249 556 1335 regnum'
578 1245 727 1318 Romane
745 1246 887 1318 ecclesie
898 1267 1094 1318 eoncessum
1112 1255 1176 1332 est,
1198 1255 1234 1316 ut

100 1341 142 1411 de
161 1345 234 1435 ipsa
251 1343 470 1412 concessione
489 1340 603 1414 dicitur
620 1345 654 1413 iu
671 1343 812 1417 decretis
830 1342 883 1413 De
903 1365 1072 1416 consecra.
1090 1342 1132 1414 di.
1150 1365 1184 1414 v.
1203 1367 1232 1413 c.

103 1439 139 1508 ln
156 1443 211 1510 die
228 1449 260 1511 et
277 1439 310 1510 in
328 1439 398 1512 aliis
417 1437 553 1530 turdus,
572 1462 635 1534 quc
653 1439 822 1514 brevitatis
840 1445 952 1532 gracia
966 1440 1173 1512 dimittuntur.
1191 1438 1235 1511 Et

101 1535 189 1630 quod
207 1559 251 1606 ex
268 1537 338 1610 sola
357 1538 518 1609 electione
536 1542 681 1631 ipsorum
699 1537 1018 1633 archiepiscoporum
1048 1547 1082 1608 et
1107 1540 1234 1632 princi-

101 1656 179 1728 pum
204 1635 329 1708 electus
353 1635 490 1707 edicitur
518 1657 620 1708 verus
645 1659 707 1708 rex
730 1637 953 1710 Romanorum
985 1645 1020 1706 et
1045 1637 1234 1728 imperator,

102 1733 207 1802 eciam
225 1742 399 1827 antequam
416 1729 605 1826 inungetur,
623 1745 836 1806 consecretur
853 1743 886 1806 et
897 1742 1084 1822 cananeum
1102 1743 1137 1804 ut
1146 1742 1236 1826 patet

102 1853 163 1924 per
180 1827 271 1918 titud
288 1827 373 1925 quod
390 1831 511 1922 legitur
528 1841 561 1903 et
577 1840 706 1903 notatur
721 1835 807 1906 xciii.
820 1829 860 1902 di.
878 1856 906 1903 o.
927 1833 1100 1920 „Lepinus
1117 1834 1149 1902 in
1167 1841 1234 1904 tex.

103 1939 136 1998 et
154 1928 222 2020 glo.
241 1932 368 2020 signata
387 1951 490 2022 super
509 1927 629 2000 verbo²
647 1933 885 2019 imperatorem,
903 1931 977 2024 quia
988 1931 1158 2024 imperium
1169 1950 1237 2002 non

102 2024 242 2097 habetur
259 2050 278 2096 a
295 2049 378 2120 papa
396 2025 457 2098 sed
475 2050 493 2098 a
512 2027 583 2100 solo
602 2026 665 2098 deo
689 2030 780 2100 xxiii.
805 2050 834 2121 q.
859 2031 911 2100 iiii.
937 2051 965 2099 c.
993 2029 1173 2118 omarum,
1203 2036 1237 2098 et

104 2135 243 2219 utraque
260 2133 406 2218 potestas
424 2134 488 2194 tam
507 2126 682 2219 imperialis
711 2147 807 2219 quam
834 2123 1026 2220 pontificalis
1051 2123 1237 2196 immediate

105 2233 161 2296 est
179 2221 286 2295 solum
304 2244 322 2292 a
341 2219 417 2310 deo,
434 2225 467 2292 in
483 2223 606 2294 Auten.
651 2223 820 2312 eromodo
845 2231 995 2312 oporteat
1015 2225 1240 2314 episcoparet

105 2329 229 2390 ceteros
250 2323 387 2390 clericos
403 2322 452 2389 od
466 2323 612 2390 ordinem
625 2323 767 2411 perduci
783 2323 814 2390 in
826 2322 994 2414 principioq
1005 2323 1120 2413 etipse
1136 2329 1237 2414 pote-

105 2428 208 2490 states
228 2441 247 2488 a
267 2415 330 2489 deo
348 2426 425 2488 sunt
441 2415 602 2507 distincte,
620 2416 706 2512 quod
723 2441 801 2509 una,
819 2419 944 2490 scilicet
965 2415 1161 2510 imperielim
1185 2425 1237 2490 est

103 2515 212 2588 solum
230 2517 263 2585 in
281 2513 527 2608 temporalibus„
545 2515 620 2606 alia,
639 2515 762 2587 scilicet
778 2513 990 2609 pontificalis,
1009 2523 1062 2587 est
1078 2513 1184 2586 solum
1202 2517 1236 2585 in

103 2611 344 2706 spiritualibus,
371 2622 406 2682 ut
428 2610 583 2706 probatur
609 2614 699 2686 xcvi.
726 2611 767 2684 di.
792 2637 820 2684 c.
867 2615 945 2682 Cum
968 2615 1014 2684 od
1031 2631 1140 2684 oerum
1157 2621 1190 2684 et
1206 2635 1236 2684 c

103 2712 142 2780 ln
159 2713 331 2800 scripturo
347 2719 381 2780 ct
397 2733 425 2780 c.
451 2711 488 2780 St
504 2713 682 2799 imperator
699 2721 732 2784 et
749 2712 781 2781 in
799 2710 921 2782 Auten.
953 2709 1005 2780 Dc
1031 2708 1096 2780 lide
1113 2731 1236 2782 manu-

103 2811 299 2901 scriptomm
317 2818 351 2877 et
367 2807 504 2878 cautela.
524 2799 559 2882 δ.
580 2808 610 2878 1.
629 2817 671 2879 et.
687 2831 721 2879 x.
741 2807 782 2880 di.
808 2833 835 2880 c.
866 2809 1028 2898 montom
1048 2811 1082 2878 in
1106 2817 1172 2879 tex.
1203 2815 1237 2878 et

104 2906 172 2996 glo.
196 2905 285 2976 unde
311 2908 344 2976 in
368 2902 599 2998 temporalibus
622 2927 687 2976 non
715 2909 844 3000 possed
868 2905 1024 3000 appellari
1048 2903 1089 2976 ad
1117 2925 1236 3000 papam

104 3008 179 3098 quia
198 3002 387 3098 temporalia
405 3000 446 3073 ad
463 3025 580 3096 papam
599 3025 664 3074 non
682 3005 857 3096 pertinent
875 3013 909 3074 ut
933 3001 1048 3074 dicitur
1072 3012 1165 3072 extra
1183 3001 1235 3072 Dc
1282 3043 1286 3052 ·

103 3099 395 3196 appellacionibus.
414 3123 441 3171 c.
464 3101 502 3170 St
513 3103 649 3188 duodus
667 3122 732 3171 nec
749 3098 790 3171 de
809 3104 858 3174 eis
876 3122 959 3195 papa
972 3110 1080 3194 potest
1090 3098 1235 3171 iudicare

104 3220 170 3270 nec
186 3220 225 3270 se
242 3201 466 3286 intromittere
494 3209 587 3270 extra
620 3198 684 3288 Qui
705 3199 770 3281 fito·
791 3203 859 3271 rint
878 3201 1014 3286 lepttr'mr'
1038 3221 1065 3269 c.
1095 3197 1236 3268 Comum

105 3308 139 3368 et
155 3294 208 3366 De
226 3293 350 3368 iudiciis
369 3317 397 3366 c.
416 3295 523 3384 Novit,
541 3307 574 3367 et
590 3296 698 3366 omnia
716 3297 906 3390 temporalia
931 3305 1007 3368 sunt
1030 3297 1235 3389 imperatoris

105 3417 133 3465 c.
153 3393 204 3463 Ile
220 3397 447 3482 parmenam
470 3397 718 3483 praeempttooe.
742 3415 772 3488 q.
798 3395 819 3466 l.
849 3397 935 3465 Bene
952 3413 975 3463 o
993 3393 1135 3464 chae⁵
1153 3401 1187 3462 et
1203 3391 1235 3463 li.

105 3491 147 3562 ad
164 3488 461 3584 legendumne
478 3492 499 3563 l
517 3493 715 3581 Deprecatio
740 3491 802 3582 [η.
853 3491 895 3564 Et
917 3493 1008 3564 xxiii.
1036 3513 1066 3585 q.
1091 3513 1118 3562 c.
1147 3492 1236 3560 Corr-

105 3593 220 3660 oem'or
236 3600 271 3662 et
286 3593 353 3662 viii.
372 3587 413 3661 di.
432 3615 459 3665 c.
484 3591 556 3681 Quo
574 3595 645 3660 iore
662 3599 696 3660 et
715 3587 834 3662 Auten.
852 3587 1103 3662 Deconsulibus
1121 3590 1153 3658 in
1171 3585 1237 3657 line

107 3787 206 3856 sertis
231 3788 263 3855 in
294 3789 462 3857 sentencia
489 3783 678 3880 precedenti
698 3806 759 3879 per
776 3784 941 3856 dominum
965 3782 1167 3855 Ludovicum
1184 3783 1238 3852 iiii.

107 3881 331 3954 Romanorum
349 3885 578 3977 imperatorem
591 3882 805 3978 proramque
822 3883 930 3975 incipit
940 3883 1123 3952 ludovicum
1133 3897 1240 3968 qum-

106 3989 166 4068 ms,
183 3979 284 4074 plene
301 3978 455 4074 probetur
473 3991 506 4052 et
522 3980 704 4051 ostenditur
721 3980 895 4053 evidenter
917 3990 951 4051 et
967 3982 1072 4049 eciam
1096 3979 1126 4047 iu
1151 3977 1239 4048 ulle-

161 4155 191 4224 l)
263 4154 354 4212 'meni
389 4153 420 4226 2)
439 4155 495 4214 libo
514 4155 555 4213 hs.
592 4155 623 4226 3)
642 4161 737 4231 poscet
754 4157 796 4213 hs.
832 4155 863 4225 4)
888 4152 1060 4228 quadriennio
1087 4152 1127 4212 irs.
1164 4156 1195 4226 5)
1214 4171 1237 4218 c.

106 4225 197 4286 mc.
265 4227 333 4283 m.
370 4227 401 4296 6)
420 4229 449 4285 ll.
469 4228 537 4286 xtv.
556 4227 583 4286 2.
862 4259 869 4270 ·

161 4405 422 4452 murmuraremus
436 4409 456 4452 r.
992 4403 1029 4470 30
