3014 4822
250 253 322 326 396
512 248 622 307 sorau
641 247 765 306 ursrcu
786 245 1118 304 amnueruauuusus.

250 459 400 535 Nuunu
425 459 691 547 HISTORICAE
716 457 962 532 ECCLESIAE
987 453 1149 532 SANUl'l
1171 454 1379 531 ΒΑΒΊῊΟ-
1495 458 1496 474 ³

287 575 457 652 Loutnut
481 573 921 650 FRANKOFURDENSIS.
967 575 1073 648 1474.
1101 575 1206 648 1475.
1234 573 1341 647 1485.

298 823 399 894 Α444
416 820 537 892 domini
547 820 797 892 mcccclxxiv.
810 820 863 892 die
873 823 1103 893 conversionis
1115 819 1205 891 Pauli
1219 822 1300 910 [ian.
1313 819 1378 912 25]

247 919 445 992 Fredcricus
463 918 686 990 Romanorum
710 921 899 1014 imperator,
925 917 993 989 dux
1010 919 1146 991 Austrie
1165 927 1226 988 otc.
1247 921 1382 990 inu-avit

249 1019 414 1090 civitatem
441 1014 740 1088 Franciurdensem
767 1039 829 1112 per
854 1027 981 1111 portam
1008 1014 1275 1108 Galgenportcm
1305 1020 1380 1110 quia

248 1117 341 1186 veuit
358 1113 400 1185 44
417 1112 562 1207 partibus
579 1111 797 1185 inferioribus.
830 1113 873 1184 Et
888 1135 1033 1207 persone
1049 1113 1091 1184 44
1108 1111 1210 1185 tribus
1228 1113 1381 1206 collegiis

247 1209 481 1284 dederuntsibi
492 1209 623 1282 obviam
634 1233 740 1306 usque
751 1209 791 1282 ad
803 1222 929 1308 portam
946 1221 1125 1306 pretaetam
1142 1232 1217 1281 cum
1233 1211 1381 1306 reliquiis

248 1310 428 1404 etpulsatis
445 1305 595 1382 omnibus
607 1313 786 1402 campania
807 1308 904 1381 nichil
923 1306 1379 1402 mutantesusqueadsorum

248 1428 417 1502 equorum.
454 1403 578 1477 Ibidem
602 1405 751 1477 domnus
771 1412 949 1502 imperator
966 1409 1058 1478 venit
1076 1404 1199 1476 sedens
1217 1409 1250 1476 in
1268 1429 1380 1492 curru,
1497 1437 1498 1440 ¹

248 1516 282 1576 et
298 1503 428 1599 quando
445 1504 525 1575 vidit
548 1505 715 1597 reliquias
743 1502 914 1578 descendit
930 1503 972 1574 44
989 1527 1086 1575 curru
1104 1501 1145 1574 44
1162 1513 1285 1574 terram
1303 1513 1380 1576 unte

247 1613 417 1697 aspectum
435 1605 548 1696 capitis
567 1603 670 1673 sancti
686 1601 920 1690 Bartholcmei„
943 1598 1123 1672 osculando
1144 1611 1250 1694 caput
1287 1601 1382 1674 Tunc

247 1711 423 1772 succentor
439 1702 574 1792 incepit:
597 1702 765 1796 Advenitti
780 1701 1017 1789 desiderabitis,
1043 1719 1106 1792 quo
1123 1697 1212 1768 linito
1229 1720 1381 1792 respon-

247 1801 387 1870 sorium:
411 1798 533 1868 Iactum
550 1800 694 1887 deducit,
710 1819 799 1892 resp.
825 1799 885 1868 Vos
902 1800 1155 1886 siccatione,
1173 1805 1239 1866 ant.
1261 1797 1290 1867 0
1308 1801 1382 1868 4444

248 1907 310 1967 eto.
346 1893 388 1966 Et
410 1892 604 1966 introeundo
631 1916 747 1966 omncs
773 1916 932 1990 campane
958 1892 1171 1988 pulsabantur
1193 1915 1255 1987 per
1279 1891 1385 1965 totam'

248 1995 427 2080 civitatem,
455 2002 488 2062 et
514 1996 691 2086 imperator
718 1991 918 2088 sequebatur
944 1995 1192 2088 processionem
1219 1994 1252 2060 in
1281 2013 1380 2062 curru

247 2111 353 2184 usque
364 2087 406 2160 ad
417 2091 609 2160 cimiterium
625 2101 791 2178 nostrum3
809 2101 886 2162 tunc
898 2087 1069 2162 descendit
1079 2099 1112 2160 et
1121 2091 1181 2159 ivit
1191 2087 1233 2184 44
1244 2086 1380 2160 chorum

247 2186 468 2279 geniculando
485 2197 561 2258 ante
573 2187 685 2259 altaro.
713 2189 805 2262 Tuuc
816 2197 990 2261 succentor
1000 2190 1134 2258 iterum:
1152 2187 1238 2256 Ecce
1248 2191 1385 2257 aduenit

248 2289 434 2356 dominator
451 2289 601 2356 dominus
618 2297 679 2358 etc.
705 2285 785 2358 Post
799 2285 864 2357 boc
880 2288 1047 2376 organista
1065 2286 1199 2377 incepit:
1226 2285 1268 2354 Te
1286 2287 1382 2356 44444

248 2383 444 2456 laudamus!
467 2405 530 2478 quo
553 2381 643 2455 finito
666 2394 799 2478 portans
824 2393 920 2476 caput
941 2386 1044 2454 sancti
1060 2379 1283 2454 Bartholcmei
1299 2383 1385 2474 legit
1499 2459 1500 2474 ἰ

247 2503 336 2576 resp.
355 2483 494 2552 Domine
510 2484 635 2552 solcum
652 2481 711 2568 [44
726 2482 857 2572 regem!
890 2483 1023 2552 Sulcum
1045 2481 1104 2566 soc
1115 2482 1275 2570 populum
1292 2489 1383 2550 turen
1499 2483 1500 2486 ’

249 2580 400 2650 domim
444 2580 584 2650 Domine
610 2579 965 2650 nundinationem!
1010 2581 1168 2650 Dominio
1196 2579 1359 2648 vobiscum
1367 2579 1383 2646 i

252 2677 406 2747 Oramus:
429 2679 525 2766 Deru,
550 2682 607 2764 qui
629 2682 769 2748 contois
793 2679 879 2748 betto
903 2686 963 2748 etc.
1000 2677 1073 2764 Quo
1096 2675 1186 2746 linito
1202 2677 1382 2769 imperator

249 2778 354 2846 emmo
376 2776 551 2846 ecclesiam
576 2775 763 2847 ascendens
787 2773 828 2844 44
853 2797 983 2846 currum
1008 2771 1117 2845 44444
1141 2771 1183 2844 44
1205 2771 1382 2867 hospitium

249 2893 344 2943 suum
361 2870 525 2943 Bruufels.

297 2967 379 3040 ltem
404 2968 533 3063 quando
556 2971 665 3044 clerus
684 2975 789 3046 exivit
805 2971 847 3042 44
864 2971 1006 3044 ecclesia
1031 2981 1156 3058 nostra,
1182 2981 1260 3041 tunc
1284 2971 1383 3042 clau-

249 3065 410 3138 debantur
431 3089 548 3140 omues
573 3071 670 3140 ienuc
695 3091 799 3164 usque
825 3067 867 3138 ad
890 3067 1068 3140 adventum
1093 3078 1251 3140 nostrum.
1290 3068 1385 3140 Tunc

249 3165 404 3236 consules
421 3163 611 3237 ordinarunt
634 3177 777 3239 armatos
802 3168 887 3237 circa
912 3170 1044 3236 ianuam
1068 3169 1274 3259 superiorem
1296 3170 1382 3238 circa

249 3263 352 3333 altare
378 3261 687 3335 sancteKatherme
714 3275 747 3335 et
771 3265 867 3334 ctiam
887 3273 962 3334 ante
980 3262 1128 3352 chorum5
1153 3265 1202 3335 sic
1218 3262 1305 3357 quod
1323 3274 1383 3334 tu·-

248 3359 369 3431 multus
387 3361 497 3454 populi
514 3382 579 3431 non
597 3363 699 3454 potuit
715 3365 847 3432 intrare.
883 3360 956 3432 Nec
973 3359 1122 3432 monachi
1145 3383 1209 3432 nac
1233 3361 1384 3432 scolares

247 3454 410 3529 intrabant
427 3459 616 3546 ecclesiam„
635 3456 694 3530 sed
706 3469 898 3530 manserunt
907 3461 940 3528 in
952 3458 1078 3552 capella
1093 3459 1196 3530 sancti
1208 3457 1384 3531 Michaelis

248 3556 338 3624 etin
362 3557 531 3644 cimiterio„
558 3556 643 3649 quod
668 3559 844 3651 principes,
870 3559 1019 3644 comites,
1042 3554 1198 3644 barones„
1224 3558 1386 3628 muitarcs

248 3663 283 3722 et
305 3652 358 3723 alii
384 3649 511 3726 nobiles
535 3651 708 3746 replebant
730 3653 874 3728 chorum.
910 3651 994 3724 Item
1018 3657 1103 3725 circa
1130 3657 1384 3749 processionem

246 3749 380 3822 luerunt
412 3749 560 3822 ordinate
593 3761 683 3822 certe
710 3773 854 3846 persone
880 3750 1086 3845 respiciendo
1112 3755 1386 3846 processionem:

247 3849 352 3942 primo
370 3869 456 3920 unus
474 3851 650 3922 cononicus
668 3851 754 3922 circa
775 3859 941 3943 portantes
958 3845 1112 3946 reliquias
1130 3859 1164 3922 ct
1178 3845 1249 3922 'tres
1267 3853 1387 3924 meam

248 3943 290 4016 44
309 3946 450 4018 ecclesia
467 3956 579 4020 nostra
597 3969 662 4018 una
681 3969 755 4018 cum
772 3957 967 4018 succentore
984 3959 1097 4020 nostro
1114 3951 1199 4020 circa
1217 3969 1386 4044 personas

248 4044 391 4115 ecclesie
418 4055 531 4116 nostre
554 4055 589 4114 et
611 4046 747 4116 aliarum
771 4044 908 4116 duarum
932 4045 1157 4118 ecclesiarum.
1194 4045 1278 4118 Item
1303 4051 1388 4142 qui-

248 4137 327 4212 libet
343 4140 424 4212 4444
441 4139 552 4215 habuit
568 4147 665 4214 etiam
682 4166 783 4215 unum
800 4143 971 4213 stobilsrer
993 4142 1200 4237 respiciendo
1217 4165 1387 4239 personas

249 4259 329 4308 suas
348 4249 381 4308 et
397 4241 482 4311 circa
501 4241 648 4312 scolares
665 4251 814 4313 rectores
833 4250 866 4311 et
882 4241 987 4312 locati.
