2982 4824
247 185 319 260 632
423 183 600 242 tttrtotttttb
620 183 813 246 utouttttttttt
831 185 938 245 ousta
958 183 1198 245 tttt’tsttbtotttttt.

247 366 350 438 Persa
371 371 405 434 et
421 358 544 452 Meuia,
562 361 737 434 dominium
755 385 851 435 suurn
863 385 968 458 usque
984 365 1016 436 in
1035 361 1241 436 Antiochiam
1253 375 1374 436 exten·
1477 349 1478 444 J

248 460 355 534 debat
406 457 504 532 Alter
519 483 603 532 vero
620 460 723 533 irater
739 460 842 534 dictus
860 472 913 534 est
923 460 1112 552 Suludinus,
1130 465 1183 556 qui
1200 460 1375 534 dominium

247 557 381 633 tenebat
396 563 428 630 in
447 557 595 654 Ethiopia
613 569 647 630 et
662 558 796 654 Egypto
813 583 854 631 ae
869 559 941 634 aliis
958 560 1067 633 nuuc
1091 564 1199 632 tenis.
1249 560 1375 632 Primus

248 659 350 732 frater
366 657 467 730 lilium
483 655 605 747 babuit,
624 661 677 752 qui
694 656 897 730 Norrauliuus
915 667 968 732 est
984 657 1101 747 dictus,
1120 660 1212 732 cuius
1229 670 1376 753 tempore

246 779 310 830 rex
325 754 516 828 Bauduinus
534 765 755 847 estmonuus,
773 758 827 850 qui
844 767 988 829 eratrcx
1000 755 1281 830 leroseb'mitanus
1293 779 1375 830 armo

248 855 368 927 domini
380 855 532 926 nnlnit
544 853 630 928 leste
641 864 755 927 sancte
768 853 915 947 Agame
926 853 1091 928 februario
1102 877 1219 928 mense
1232 853 1315 948 [leb.
1326 858 1373 946 5.]
1477 883 1478 890 ¹

248 951 406 1048 Sequenti
424 951 477 1025 die
494 952 536 1024 de
552 951 682 1024 Barucb
703 975 778 1024 aum
797 956 829 1024 in
846 951 1028 1026 lerusalem
1045 961 1262 1048 portaverunt
1279 975 1376 1026 oum·
1477 995 1478 1038 3

248 1073 313 1148 que
329 1054 419 1124 iuxta
439 1051 626 1146 sepulerum
653 1049 774 1124 domini
800 1063 990 1146 posuerunt.
1023 1051 1095 1123 Fuit
1120 1062 1230 1124 autem
1259 1052 1377 1147 plano-

248 1161 300 1224 tos
328 1160 405 1222 tunc
430 1153 614 1240 maximus,
641 1171 707 1221 non
735 1149 842 1221 solum
870 1148 1145 1240 maenianorum,
1184 1149 1246 1222 seul
1283 1154 1377 1223 etiam

247 1259 281 1321 et
297 1245 510 1320 turchorum.
545 1247 638 1319 tunc
654 1245 826 1319 Nonedini
844 1250 909 1320 iam
928 1247 1002 1322 dicti
1019 1247 1161 1322 barones
1174 1247 1377 1322 Christianos

247 1348 477 1439 cogitaverunt
499 1344 682 1436 invadereq
711 1357 862 1440 tanquam
891 1349 943 1441 qui
976 1349 1159 1420 existerent
1181 1350 1255 1419 sine
1286 1345 1377 1420 duce.

246 1442 340 1533 Quod
367 1467 440 1517 cum
468 1441 652 1518 Nonadino
683 1465 744 1518 suu
773 1443 904 1516 domino
927 1446 1135 1534 retulissenta
1166 1444 1222 1516 ille
1247 1455 1284 1516 ut
1310 1457 1379 1518 erat

248 1545 381 1637 sapiens
399 1542 480 1614 dixit
495 1545 563 1616 eis:
589 1544 661 1613 ltoc
677 1545 860 1614 outtaoemo
885 1542 1032 1633 lomet&
1058 1547 1162 1615 omno
1188 1548 1277 1614 orum
1301 1565 1379 1634 pecs

247 1661 334 1712 nunc
349 1643 443 1712 debet
459 1646 602 1731 compoti
622 1643 834 1732 Christianis,
851 1647 909 1730 qut
935 1646 1100 1713 minum
1122 1662 1215 1713 mum
1233 1646 1378 1732 ptoroat.

247 1743 292 1812 Et
305 1741 385 1810 bona
402 1743 513 1828 utique
526 1741 606 1826 stare
622 1740 744 1830 debeat,
763 1743 843 1828 outo
857 1743 967 1812 nullm
976 1743 1213 1830 totbpm'ocepc
1223 1746 1382 1812 remancat

249 1842 284 1909 io
300 1847 398 1908 ono.
430 1837 507 1910 Post
524 1836 611 1908 bunc
628 1847 737 1908 autem
754 1841 828 1933 quia
846 1859 912 1910 non
935 1839 1112 1933 reliquerat
1135 1839 1255 1930 filium,
1278 1839 1379 1911 frater

248 1939 320 2009 eius
338 1939 470 2008 nomine
487 1935 677 2008 Amerious¹
698 1938 731 2008 in
747 1959 866 2028 regem
884 1947 936 2010 est
952 1947 1137 2009 coronans.

295 2035 370 2105 Duo
395 2030 522 2106 nobiles
550 2033 592 2106 de
614 2055 720 2128 regno
742 2033 881 2106 Francia
906 2057 980 2108 cum
1005 2035 1087 2107 ultra
1113 2057 1205 2107 mare
1240 2033 1282 2107 ad
1306 2036 1377 2109 loca

247 2142 360 2208 sancta
378 2130 540 2206 visitanda
558 2136 743 2223 venissent„
761 2155 835 2205 cum
852 2131 894 2203 ad
919 2137 1049 2228 propria
1072 2135 1136 2204 iarn
1153 2133 1321 2224 redirent,
1347 2145 1378 2206 ot

246 2229 449 2306 Nonadinus
475 2235 507 2302 in
540 2228 686 2326 partibus
715 2231 921 2326 'lbipolitanis
954 2255 1028 2304 cam
1056 2234 1203 2305 onerum
1239 2253 1378 2306 securus

246 2334 444 2426 quiesceret,
462 2328 652 2424 quibusdam
682 2327 741 2403 sibi
767 2328 957 2402 Christianis
982 2331 1054 2404 aliis
1083 2331 1215 2404 sociatis
1238 2333 1273 2402 in
1302 2353 1378 2404 eum

246 2427 352 2504 subito
379 2432 561 2518 irruerunt,
589 2428 762 2523 multisque
786 2430 904 2502 occisis
932 2431 1049 2502 exeis
1077 2428 1196 2500 multos
1222 2431 1322 2500 cuam
1346 2441 1379 2502 et

246 2537 413 2622 ceperunt.
464 2525 540 2620 lpse
564 2524 767 2599 Norradinus
798 2549 899 2622 super
922 2525 1063 2622 quodam
1089 2530 1233 2598 iumento
1258 2531 1377 2602 evas't.

245 2623 347 2698 Anno
364 2646 449 2696 vere
465 2623 585 2696 domini
603 2625 769 2696 mclxvi.
795 2623 999 2698 Norradinus
1023 2627 1244 2718 congregavit
1270 2647 1379 2698 exer-

246 2727 343 2798 citum
361 2731 484 2794 etcum
504 2720 695 2796 Christianis
712 2721 962 2818 imperatoribus
980 2722 1154 2796 Antioobie
1181 2722 1268 2795 lacto
1290 2745 1379 2797 con-

246 2843 367 2914 gressu
391 2822 510 2894 multos
534 2824 619 2916 cepit
640 2822 737 2913 regni
767 2818 1017 2894 lerosolimitani
1050 2819 1213 2912 baronesq
1240 2843 1327 2917 quos
1347 2828 1379 2895 in

244 2917 355 3014 Alapb
371 2921 558 3013 captivavit.
601 2917 669 2991 Sed
688 2941 774 2990 anno
791 2919 911 2991 domini
929 2921 1106 2993 nnlnvu.
1124 2941 1188 2992 rex
1199 2919 1380 2996 Americus

242 3015 482 3090 Alexandriam
499 3015 628 3091 obsedit
644 3027 677 3088 et
697 3021 793 3112 capit,
819 3017 906 3090 lacto
922 3029 1018 3112 pacto
1045 3039 1117 3090 cum
1136 3017 1295 3091 Saladino
1312 3018 1380 3090 ibi-

244 3115 320 3187 dem
337 3116 475 3206 inclusoq
494 3115 579 3211 quud
597 3137 673 3188 eum
691 3114 782 3186 abire
799 3119 1014 3210 permitteret,
1032 3114 1094 3188 sibi
1106 3116 1221 3188 madito
1232 3119 1378 3190 civitate.

244 3213 338 3309 Cepit
354 3224 389 3285 et
404 3235 468 3287 rex
485 3215 660 3287 Amerious
679 3213 841 3308 quandam
859 3213 955 3285 aliam
973 3217 1137 3288 civitatem
1161 3219 1286 3286 cunctis
1305 3216 1378 3287 lere

243 3317 315 3383 eius
340 3309 571 3386 habitatoribus
598 3313 777 3386 intersectis
804 3333 976 3406 regnoque
1001 3311 1122 3406 ogypu
1149 3313 1257 3384 multis
1281 3315 1379 3386 mulis

242 3409 350 3482 illatis.
377 3407 552 3484 Saladinus
571 3433 611 3482 eo
629 3421 777 3506 tempore
790 3408 959 3504 Calipbum
976 3409 1093 3481 oceidit
1109 3431 1219 3505 acpro
1233 3433 1276 3482 eo
1288 3433 1377 3504 reg-

241 3510 343 3581 navit.
395 3506 437 3580 Et
454 3511 527 3603 quia
545 3519 617 3581 erat
633 3508 731 3580 bomo
746 3510 875 3600 largus,
893 3507 1036 3603 prudens
1055 3517 1090 3579 et
1112 3506 1312 3597 bettioosus,
1330 3513 1377 3581 ti·-

242 3617 395 3679 muerunt
411 3607 583 3701 plurimum
602 3605 787 3698 Christiani,
804 3604 978 3702 habitoque
996 3606 1150 3678 conscilio
1166 3606 1207 3678 ad
1226 3609 1377 3702 impera-

241 3714 347 3778 torem
375 3703 586 3777 Fredericum
610 3715 644 3776 et
667 3704 708 3775 atl
732 3727 850 3798 regam
874 3705 1013 3777 Francia
1039 3703 1240 3777 lodovicum
1273 3715 1307 3778 et
1335 3704 1375 3776 ml

240 3803 420 3875 Henrieum
437 3825 553 3896 regern
571 3803 694 3896 Anglie
721 3803 867 3898 aliosque
891 3802 1034 3876 barones
1061 3807 1190 3878 nuntios
1216 3806 1376 3875 miserunt

241 3911 274 3974 et
296 3903 419 3973 litteras
447 3923 507 3996 pro
535 3925 702 3975 succursu.
749 3901 895 3995 Cumque
920 3904 952 3973 in
977 3902 1084 3994 galeis
1108 3911 1142 3972 et
1167 3903 1247 3972 tritis
1275 3905 1373 3973 armis

241 4009 274 4070 et
291 4004 423 4072 armatis
445 4023 484 4072 ac
507 3997 701 4072 victualibus
719 3999 885 4072 honoratis
910 4021 1102 4073 succursum
1118 4021 1185 4072 non
1211 3999 1372 4072 modicum

239 4101 447 4192 accepissent
480 4101 511 4168 in
545 4109 672 4194 portum
708 4097 826 4171 Acbon
863 4101 1088 4188 intraverunt,
1130 4121 1217 4170 anno
1254 4097 1370 4170 domini

295 4217 323 4288 l)
341 4219 449 4276 aiminus
468 4221 508 4276 bs.
