<?xml version="1.0" encoding="UTF-8"?>
<!DOCTYPE html PUBLIC "-//W3C//DTD XHTML 1.0 Transitional//EN"
    "http://www.w3.org/TR/xhtml1/DTD/xhtml1-transitional.dtd">
<html xmlns="http://www.w3.org/1999/xhtml" xml:lang="en" lang="en">
 <head>
  <title>
</title>
<meta http-equiv="Content-Type" content="text/html;charset=utf-8" />
  <meta name='ocr-system' content='tesseract 3.04.00' />
  <meta name='ocr-capabilities' content='ocr_page ocr_carea ocr_par ocr_line ocrx_word'/>
</head>
<body>
  <div class='ocr_page' id='page_1' title='image "./fontesrerumgerm01hubegoog_0228.png"; bbox 0 0 2882 4818; ppageno 0'>
   <div class='ocr_carea' id='block_1_1' title="bbox 275 209 1182 286">
    <p class='ocr_par' dir='ltr' id='par_1_1' title="bbox 275 209 1182 286">
     <span class='ocr_line' id='line_1_1' title="bbox 275 209 1182 286; baseline 0.009 -21"><span class='ocrx_word' id='word_1_1' title='bbox 275 273 278 276; x_wconf 49' lang='grc'><strong>,</strong></span> <span class='ocrx_word' id='word_1_2' title='bbox 363 211 530 268; x_wconf 76' lang='lat' dir='ltr'>ntmtttns</span> <span class='ocrx_word' id='word_1_3' title='bbox 548 209 886 268; x_wconf 81' lang='lat' dir='ltr'>llllllWEllBllllGEllSlS.</span> <span class='ocrx_word' id='word_1_4' title='bbox 1116 211 1182 286; x_wconf 86' lang='lat'>151</span> 
     </span>
    </p>
   </div>
   <div class='ocr_carea' id='block_1_2' title="bbox 63 383 1188 479">
    <p class='ocr_par' dir='ltr' id='par_1_2' title="bbox 63 383 1188 479">
     <span class='ocr_line' id='line_1_2' title="bbox 63 383 1188 479; baseline 0 -23"><span class='ocrx_word' id='word_1_5' title='bbox 63 387 133 456; x_wconf 88' lang='lat' dir='ltr'>luce</span> <span class='ocrx_word' id='word_1_6' title='bbox 150 395 186 456; x_wconf 90' lang='lat' dir='ltr'>et</span> <span class='ocrx_word' id='word_1_7' title='bbox 206 387 420 478; x_wconf 81' lang='lat' dir='ltr'>paucissimis</span> <span class='ocrx_word' id='word_1_8' title='bbox 437 385 647 479; x_wconf 77' lang='lat' dir='ltr'>reliquerunt.</span> <span class='ocrx_word' id='word_1_9' title='bbox 673 383 768 472; x_wconf 83' lang='lat' dir='ltr'>Quod</span> <span class='ocrx_word' id='word_1_10' title='bbox 781 383 898 458; x_wconf 88' lang='lat' dir='ltr'>videus</span> <span class='ocrx_word' id='word_1_11' title='bbox 910 383 1064 473; x_wconf 63' lang='lat' dir='ltr'>llarclua</span> <span class='ocrx_word' id='word_1_12' title='bbox 1082 388 1136 478; x_wconf 90' lang='lat' dir='ltr'>qui</span> <span class='ocrx_word' id='word_1_13' title='bbox 1149 407 1188 458; x_wconf 89' lang='lat' dir='ltr'>se</span> 
     </span>
    </p>
   </div>
   <div class='ocr_carea' id='block_1_3' title="bbox 63 481 1248 576">
    <p class='ocr_par' dir='ltr' id='par_1_3' title="bbox 63 481 1248 576">
     <span class='ocr_line' id='line_1_3' title="bbox 63 481 1248 576; baseline 0.001 -23"><span class='ocrx_word' id='word_1_14' title='bbox 63 489 89 553; x_wconf 90' lang='lat' dir='ltr'>iu</span> <span class='ocrx_word' id='word_1_15' title='bbox 105 493 213 554; x_wconf 92' lang='lat' dir='ltr'>monte</span> <span class='ocrx_word' id='word_1_16' title='bbox 233 507 311 554; x_wconf 81' lang='lat' dir='ltr'>curn</span> <span class='ocrx_word' id='word_1_17' title='bbox 329 505 450 574; x_wconf 81' lang='lat' dir='ltr'>magna</span> <span class='ocrx_word' id='word_1_18' title='bbox 468 493 560 576; x_wconf 90' lang='lat' dir='ltr'>parte</span> <span class='ocrx_word' id='word_1_19' title='bbox 579 485 745 554; x_wconf 83' lang='lat' dir='ltr'>exercitus</span> <span class='ocrx_word' id='word_1_20' title='bbox 763 484 815 554; x_wconf 92' lang='lat' dir='ltr'>sui</span> <span class='ocrx_word' id='word_1_21' title='bbox 832 491 1015 576; x_wconf 66' lang='lat' dir='ltr'>receperat</span> <span class='ocrx_word' id='word_1_22' title='bbox 1037 493 1072 554; x_wconf 90' lang='lat' dir='ltr'>ut</span> <span class='ocrx_word' id='word_1_23' title='bbox 1089 481 1188 554; x_wconf 86' lang='lat' dir='ltr'>linem</span> <span class='ocrx_word' id='word_1_24' title='bbox 1245 567 1248 574; x_wconf 19' lang='lat'>¹</span> 
     </span>
    </p>
   </div>
   <div class='ocr_carea' id='block_1_4' title="bbox 62 579 1187 772">
    <p class='ocr_par' dir='ltr' id='par_1_4' title="bbox 62 579 1187 772">
     <span class='ocr_line' id='line_1_4' title="bbox 63 579 1187 674; baseline 0 -22"><span class='ocrx_word' id='word_1_25' title='bbox 63 581 196 669; x_wconf 71' lang='lat' dir='ltr'>videret,</span> <span class='ocrx_word' id='word_1_26' title='bbox 215 580 441 651; x_wconf 87' lang='lat' dir='ltr'>Conredinum</span> <span class='ocrx_word' id='word_1_27' title='bbox 460 584 551 674; x_wconf 85' lang='lat' dir='ltr'>quasi</span> <span class='ocrx_word' id='word_1_28' title='bbox 569 579 753 652; x_wconf 89' lang='lat' dir='ltr'>desolatum</span> <span class='ocrx_word' id='word_1_29' title='bbox 771 583 900 652; x_wconf 90' lang='lat' dir='ltr'>invasit.</span> <span class='ocrx_word' id='word_1_30' title='bbox 927 581 1000 668; x_wconf 82' lang='lat' dir='ltr'>Quo</span> <span class='ocrx_word' id='word_1_31' title='bbox 1018 603 1092 650; x_wconf 92' lang='lat' dir='ltr'>cum</span> <span class='ocrx_word' id='word_1_32' title='bbox 1103 579 1187 652; x_wconf 89' lang='lat' dir='ltr'>duce</span> 
     </span>
     <span class='ocr_line' id='line_1_5' title="bbox 62 675 1187 772; baseline 0.001 -24"><span class='ocrx_word' id='word_1_33' title='bbox 62 689 90 750; x_wconf 90' lang='lat' dir='ltr'>et</span> <span class='ocrx_word' id='word_1_34' title='bbox 110 675 307 772; x_wconf 80' lang='lat' dir='ltr'>qrribusdam</span> <span class='ocrx_word' id='word_1_35' title='bbox 332 679 403 748; x_wconf 90' lang='lat' dir='ltr'>aliis</span> <span class='ocrx_word' id='word_1_36' title='bbox 429 687 522 771; x_wconf 87' lang='lat' dir='ltr'>capto</span> <span class='ocrx_word' id='word_1_37' title='bbox 546 687 580 748; x_wconf 91' lang='lat' dir='ltr'>et</span> <span class='ocrx_word' id='word_1_38' title='bbox 603 675 825 750; x_wconf 88' lang='lat' dir='ltr'>vehementer</span> <span class='ocrx_word' id='word_1_39' title='bbox 844 675 995 766; x_wconf 55' lang='lat' dir='ltr'>abducta„</span> <span class='ocrx_word' id='word_1_40' title='bbox 1021 681 1187 750; x_wconf 85' lang='lat' dir='ltr'>exercitus</span> 
     </span>
    </p>
   </div>
   <div class='ocr_carea' id='block_1_5' title="bbox 64 773 1263 870">
    <p class='ocr_par' dir='ltr' id='par_1_5' title="bbox 64 773 1263 870">
     <span class='ocr_line' id='line_1_6' title="bbox 64 773 1263 870; baseline -0.006 -24"><span class='ocrx_word' id='word_1_41' title='bbox 64 781 126 846; x_wconf 87' lang='lat' dir='ltr'>eius</span> <span class='ocrx_word' id='word_1_42' title='bbox 144 777 320 870; x_wconf 89' lang='lat' dir='ltr'>dispersus</span> <span class='ocrx_word' id='word_1_43' title='bbox 332 775 373 846; x_wconf 90' lang='lat' dir='ltr'>ob</span> <span class='ocrx_word' id='word_1_44' title='bbox 385 775 537 870; x_wconf 65' lang='lat' dir='ltr'>predam,</span> <span class='ocrx_word' id='word_1_45' title='bbox 549 773 784 848; x_wconf 74' lang='lat' dir='ltr'>miserabiliter</span> <span class='ocrx_word' id='word_1_46' title='bbox 795 774 927 868; x_wconf 80' lang='lat' dir='ltr'>fugatus</span> <span class='ocrx_word' id='word_1_47' title='bbox 939 785 990 846; x_wconf 91' lang='lat' dir='ltr'>est</span> <span class='ocrx_word' id='word_1_48' title='bbox 1003 777 1204 846; x_wconf 86' lang='lat' dir='ltr'>eloceisus..</span> <span class='ocrx_word' id='word_1_49' title='bbox 1244 831 1263 840; x_wconf 87' lang='lat'>..</span> 
     </span>
    </p>
   </div>
   <div class='ocr_carea' id='block_1_6' title="bbox 62 871 1189 1258">
    <p class='ocr_par' dir='ltr' id='par_1_6' title="bbox 62 871 1189 1258">
     <span class='ocr_line' id='line_1_7' title="bbox 62 871 1188 968; baseline -0.002 -24"><span class='ocrx_word' id='word_1_50' title='bbox 62 875 192 968; x_wconf 77' lang='lat' dir='ltr'>Scripsit</span> <span class='ocrx_word' id='word_1_51' title='bbox 210 885 321 944; x_wconf 91' lang='lat' dir='ltr'>autem</span> <span class='ocrx_word' id='word_1_52' title='bbox 339 871 481 946; x_wconf 80' lang='lat' dir='ltr'>llarulus</span> <span class='ocrx_word' id='word_1_53' title='bbox 498 871 652 944; x_wconf 88' lang='lat' dir='ltr'>blartiuo¹</span> <span class='ocrx_word' id='word_1_54' title='bbox 674 883 751 944; x_wconf 89' lang='lat' dir='ltr'>tunc</span> <span class='ocrx_word' id='word_1_55' title='bbox 773 895 875 966; x_wconf 89' lang='lat' dir='ltr'>pape:</span> <span class='ocrx_word' id='word_1_56' title='bbox 903 873 978 966; x_wconf 83' lang='lat' dir='ltr'>quid</span> <span class='ocrx_word' id='word_1_57' title='bbox 1002 871 1188 944; x_wconf 84' lang='lat' dir='ltr'>iaciendum</span> 
     </span>
     <span class='ocr_line' id='line_1_8' title="bbox 62 969 1189 1065; baseline 0 -25"><span class='ocrx_word' id='word_1_58' title='bbox 62 983 146 1058; x_wconf 83' lang='lat' dir='ltr'>esset</span> <span class='ocrx_word' id='word_1_59' title='bbox 170 971 214 1040; x_wconf 90' lang='lat' dir='ltr'>de</span> <span class='ocrx_word' id='word_1_60' title='bbox 239 969 456 1042; x_wconf 82' lang='lat' dir='ltr'>Conradino?</span> <span class='ocrx_word' id='word_1_61' title='bbox 491 973 551 1060; x_wconf 84' lang='lat' dir='ltr'>Qui</span> <span class='ocrx_word' id='word_1_62' title='bbox 574 974 757 1065; x_wconf 88' lang='lat' dir='ltr'>rescripsit:</span> <span class='ocrx_word' id='word_1_63' title='bbox 792 973 863 1042; x_wconf 83' lang='lat' dir='ltr'>vno</span> <span class='ocrx_word' id='word_1_64' title='bbox 888 973 1077 1058; x_wconf 79' lang='lat' dir='ltr'>corradini,</span> <span class='ocrx_word' id='word_1_65' title='bbox 1101 992 1189 1040; x_wconf 85' lang='lat' dir='ltr'>mors</span> 
     </span>
     <span class='ocr_line' id='line_1_9' title="bbox 62 1066 1188 1164; baseline -0.003 -24"><span class='ocrx_word' id='word_1_66' title='bbox 62 1071 189 1158; x_wconf 76' lang='lat' dir='ltr'>toron,-</span> <span class='ocrx_word' id='word_1_67' title='bbox 208 1089 296 1138; x_wconf 84' lang='lat' dir='ltr'>mors</span> <span class='ocrx_word' id='word_1_68' title='bbox 317 1071 505 1158; x_wconf 73' lang='lat' dir='ltr'>corradini,</span> <span class='ocrx_word' id='word_1_69' title='bbox 524 1073 590 1138; x_wconf 83' lang='lat' dir='ltr'>cito</span> <span class='ocrx_word' id='word_1_70' title='bbox 607 1071 732 1140; x_wconf 85' lang='lat' dir='ltr'>lloroli.</span> <span class='ocrx_word' id='word_1_71' title='bbox 757 1067 877 1164; x_wconf 79' lang='lat' dir='ltr'>Sisque</span> <span class='ocrx_word' id='word_1_72' title='bbox 895 1066 1036 1140; x_wconf 82' lang='lat' dir='ltr'>Karalus</span> <span class='ocrx_word' id='word_1_73' title='bbox 1055 1067 1188 1140; x_wconf 83' lang='lat' dir='ltr'>Conra-</span> 
     </span>
     <span class='ocr_line' id='line_1_10' title="bbox 62 1163 1185 1258; baseline -0.002 -20"><span class='ocrx_word' id='word_1_74' title='bbox 62 1166 167 1238; x_wconf 86' lang='lat' dir='ltr'>dinum</span> <span class='ocrx_word' id='word_1_75' title='bbox 186 1190 263 1238; x_wconf 89' lang='lat' dir='ltr'>cum</span> <span class='ocrx_word' id='word_1_76' title='bbox 280 1165 364 1238; x_wconf 86' lang='lat' dir='ltr'>duce</span> <span class='ocrx_word' id='word_1_77' title='bbox 375 1167 511 1238; x_wconf 78' lang='lat' dir='ltr'>bustric</span> <span class='ocrx_word' id='word_1_78' title='bbox 529 1175 561 1238; x_wconf 91' lang='lat' dir='ltr'>et</span> <span class='ocrx_word' id='word_1_79' title='bbox 580 1169 700 1239; x_wconf 89' lang='lat' dir='ltr'>ceteris</span> <span class='ocrx_word' id='word_1_80' title='bbox 712 1165 897 1238; x_wconf 74' lang='lat' dir='ltr'>decollavit.</span> <span class='ocrx_word' id='word_1_81' title='bbox 919 1163 1185 1258; x_wconf 70' lang='lat' dir='ltr'>[moeones]</span> 
     </span>
    </p>
   </div>
   <div class='ocr_carea' id='block_1_7' title="bbox 65 1315 610 1428">
    <p class='ocr_par' dir='ltr' id='par_1_7' title="bbox 65 1315 610 1428">
     <span class='ocr_line' id='line_1_11' title="bbox 65 1315 610 1428; baseline -0.006 -20"><span class='ocrx_word' id='word_1_82' title='bbox 65 1341 106 1410; x_wconf 85' lang='lat' dir='ltr'>lle</span> <span class='ocrx_word' id='word_1_83' title='bbox 124 1341 220 1412; x_wconf 84' lang='lat' dir='ltr'>Petro</span> <span class='ocrx_word' id='word_1_84' title='bbox 237 1357 314 1428; x_wconf 77' lang='lat' dir='ltr'>repe</span> <span class='ocrx_word' id='word_1_85' title='bbox 333 1315 547 1426; x_wconf 77' lang='lat' dir='ltr'>Arroponnrn.</span> <span class='ocrx_word' id='word_1_86' title='bbox 574 1315 578 1322; x_wconf 39' lang='lat'>¹</span> <span class='ocrx_word' id='word_1_87' title='bbox 607 1337 610 1344; x_wconf 84' lang='grc'><strong>’</strong></span> 
     </span>
    </p>
   </div>
   <div class='ocr_carea' id='block_1_8' title="bbox 66 1487 1189 2440">
    <p class='ocr_par' dir='ltr' id='par_1_8' title="bbox 66 1487 1189 2440">
     <span class='ocr_line' id='line_1_12' title="bbox 106 1487 1188 1582; baseline -0.001 -20"><span class='ocrx_word' id='word_1_88' title='bbox 106 1489 201 1578; x_wconf 78' lang='lat' dir='ltr'>Quod</span> <span class='ocrx_word' id='word_1_89' title='bbox 211 1491 328 1562; x_wconf 90' lang='lat' dir='ltr'>Petrus</span> <span class='ocrx_word' id='word_1_90' title='bbox 346 1511 408 1560; x_wconf 83' lang='lat' dir='ltr'>rex</span> <span class='ocrx_word' id='word_1_91' title='bbox 420 1489 630 1580; x_wconf 78' lang='lat' dir='ltr'>Arragonum</span> <span class='ocrx_word' id='word_1_92' title='bbox 650 1487 825 1560; x_wconf 57' lang='lat' dir='ltr'>&amp;merlini</span> <span class='ocrx_word' id='word_1_93' title='bbox 842 1487 1087 1582; x_wconf 86' lang='lat' dir='ltr'>proavunculus</span> <span class='ocrx_word' id='word_1_94' title='bbox 1106 1511 1188 1580; x_wconf 83' lang='lat' dir='ltr'>egre</span> 
     </span>
     <span class='ocr_line' id='line_1_13' title="bbox 67 1584 1188 1676; baseline 0 -18"><span class='ocrx_word' id='word_1_95' title='bbox 67 1589 193 1676; x_wconf 62' lang='lat' dir='ltr'>ferens,</span> <span class='ocrx_word' id='word_1_96' title='bbox 220 1584 338 1658; x_wconf 83' lang='lat' dir='ltr'>habitis</span> <span class='ocrx_word' id='word_1_97' title='bbox 366 1585 656 1658; x_wconf 79' lang='lat' dir='ltr'>machinationibus</span> <span class='ocrx_word' id='word_1_98' title='bbox 679 1586 814 1658; x_wconf 89' lang='lat' dir='ltr'>occultis</span> <span class='ocrx_word' id='word_1_99' title='bbox 838 1607 912 1658; x_wconf 92' lang='lat' dir='ltr'>cum</span> <span class='ocrx_word' id='word_1_100' title='bbox 939 1586 1053 1657; x_wconf 88' lang='lat' dir='ltr'>incolis</span> <span class='ocrx_word' id='word_1_101' title='bbox 1081 1588 1188 1660; x_wconf 91' lang='lat' dir='ltr'>insule</span> 
     </span>
     <span class='ocr_line' id='line_1_14' title="bbox 68 1681 1187 1850; baseline 0 -96"><span class='ocrx_word' id='word_1_102' title='bbox 68 1685 197 1774; x_wconf 61' lang='lat' dir='ltr'>Cecilie</span> <span class='ocrx_word' id='word_1_103' title='bbox 218 1707 279 1778; x_wconf 90' lang='lat' dir='ltr'>per</span> <span class='ocrx_word' id='word_1_104' title='bbox 295 1694 556 1850; x_wconf 61' lang='lat' dir='ltr'>marelpotenler</span> <span class='ocrx_word' id='word_1_105' title='bbox 571 1685 712 1758; x_wconf 80' lang='lat' dir='ltr'>instdem</span> <span class='ocrx_word' id='word_1_106' title='bbox 729 1686 918 1774; x_wconf 59' lang='lat' dir='ltr'>ingressus</span> <span class='ocrx_word' id='word_1_107' title='bbox 941 1685 1059 1756; x_wconf 83' lang='lat' dir='ltr'>occisis</span> <span class='ocrx_word' id='word_1_108' title='bbox 1077 1681 1187 1755; x_wconf 87' lang='lat' dir='ltr'>Fren-</span> 
     </span>
     <span class='ocr_line' id='line_1_15' title="bbox 66 1779 1188 1876; baseline 0.002 -23"><span class='ocrx_word' id='word_1_109' title='bbox 66 1787 187 1874; x_wconf 84' lang='lat' dir='ltr'>cigenis</span> <span class='ocrx_word' id='word_1_110' title='bbox 206 1792 239 1853; x_wconf 91' lang='lat' dir='ltr'>et</span> <span class='ocrx_word' id='word_1_111' title='bbox 257 1783 370 1872; x_wconf 83' lang='lat' dir='ltr'>lugeto</span> <span class='ocrx_word' id='word_1_112' title='bbox 418 1781 521 1868; x_wconf 62' lang='lat' dir='ltr'>croto„</span> <span class='ocrx_word' id='word_1_113' title='bbox 546 1783 687 1853; x_wconf 87' lang='lat' dir='ltr'>insulam</span> <span class='ocrx_word' id='word_1_114' title='bbox 704 1779 826 1852; x_wconf 85' lang='lat' dir='ltr'>Cecilie</span> <span class='ocrx_word' id='word_1_115' title='bbox 842 1785 1015 1876; x_wconf 90' lang='lat' dir='ltr'>occupavit</span> <span class='ocrx_word' id='word_1_116' title='bbox 1041 1781 1188 1872; x_wconf 74' lang='lat'><strong>[128213</strong></span> 
     </span>
     <span class='ocr_line' id='line_1_16' title="bbox 66 1875 1188 1974; baseline 0.001 -24"><span class='ocrx_word' id='word_1_117' title='bbox 66 1903 155 1972; x_wconf 75' lang='lat' dir='ltr'>mam</span> <span class='ocrx_word' id='word_1_118' title='bbox 173 1883 247 1951; x_wconf 88' lang='lat' dir='ltr'>eius</span> <span class='ocrx_word' id='word_1_119' title='bbox 263 1879 438 1974; x_wconf 77' lang='lat' dir='ltr'>posteritas</span> <span class='ocrx_word' id='word_1_120' title='bbox 457 1879 571 1972; x_wconf 86' lang='lat' dir='ltr'>postea</span> <span class='ocrx_word' id='word_1_121' title='bbox 597 1882 710 1966; x_wconf 60' lang='lat' dir='ltr'>tenuit„</span> <span class='ocrx_word' id='word_1_122' title='bbox 736 1889 768 1950; x_wconf 92' lang='lat' dir='ltr'>et</span> <span class='ocrx_word' id='word_1_123' title='bbox 791 1881 862 1950; x_wconf 88' lang='lat' dir='ltr'>eius</span> <span class='ocrx_word' id='word_1_124' title='bbox 887 1875 1068 1971; x_wconf 88' lang='lat' dir='ltr'>abnepotes</span> <span class='ocrx_word' id='word_1_125' title='bbox 1091 1877 1188 1952; x_wconf 89' lang='lat' dir='ltr'>bodie</span> 
     </span>
     <span class='ocr_line' id='line_1_17' title="bbox 67 1975 1188 2071; baseline 0 -24"><span class='ocrx_word' id='word_1_126' title='bbox 67 1977 205 2050; x_wconf 82' lang='lat' dir='ltr'>detinent</span> <span class='ocrx_word' id='word_1_127' title='bbox 222 1980 294 2048; x_wconf 91' lang='lat' dir='ltr'>sine</span> <span class='ocrx_word' id='word_1_128' title='bbox 312 1977 378 2048; x_wconf 87' lang='lat' dir='ltr'>lite.</span> <span class='ocrx_word' id='word_1_129' title='bbox 405 1975 545 2049; x_wconf 83' lang='lat' dir='ltr'>Karalus</span> <span class='ocrx_word' id='word_1_130' title='bbox 564 1985 673 2048; x_wconf 86' lang='lat' dir='ltr'>autem</span> <span class='ocrx_word' id='word_1_131' title='bbox 691 1977 862 2070; x_wconf 88' lang='lat' dir='ltr'>Neapolim</span> <span class='ocrx_word' id='word_1_132' title='bbox 880 1986 914 2048; x_wconf 88' lang='lat' dir='ltr'>et</span> <span class='ocrx_word' id='word_1_133' title='bbox 929 1976 1088 2070; x_wconf 89' lang='lat' dir='ltr'>reliquam</span> <span class='ocrx_word' id='word_1_134' title='bbox 1105 2000 1188 2071; x_wconf 90' lang='lat' dir='ltr'>par-</span> 
     </span>
     <span class='ocr_line' id='line_1_18' title="bbox 66 2075 1188 2170; baseline 0.003 -26"><span class='ocrx_word' id='word_1_135' title='bbox 66 2087 125 2148; x_wconf 90' lang='lat' dir='ltr'>tem</span> <span class='ocrx_word' id='word_1_136' title='bbox 148 2079 228 2147; x_wconf 82' lang='lat' dir='ltr'>citra</span> <span class='ocrx_word' id='word_1_137' title='bbox 253 2097 357 2163; x_wconf 65' lang='lat' dir='ltr'>mare„</span> <span class='ocrx_word' id='word_1_138' title='bbox 383 2097 448 2146; x_wconf 88' lang='lat' dir='ltr'>una</span> <span class='ocrx_word' id='word_1_139' title='bbox 472 2097 547 2146; x_wconf 91' lang='lat' dir='ltr'>cum</span> <span class='ocrx_word' id='word_1_140' title='bbox 571 2078 722 2145; x_wconf 81' lang='lat' dir='ltr'>conutatu</span> <span class='ocrx_word' id='word_1_141' title='bbox 739 2075 924 2161; x_wconf 62' lang='lat' dir='ltr'>Provincle,</span> <span class='ocrx_word' id='word_1_142' title='bbox 949 2095 1023 2144; x_wconf 92' lang='lat' dir='ltr'>cum</span> <span class='ocrx_word' id='word_1_143' title='bbox 1046 2079 1188 2170; x_wconf 90' lang='lat' dir='ltr'>posteris</span> 
     </span>
     <span class='ocr_line' id='line_1_19' title="bbox 66 2169 1188 2268; baseline 0 -24"><span class='ocrx_word' id='word_1_144' title='bbox 66 2178 127 2245; x_wconf 88' lang='lat' dir='ltr'>suis</span> <span class='ocrx_word' id='word_1_145' title='bbox 144 2175 256 2268; x_wconf 85' lang='lat' dir='ltr'>quiete</span> <span class='ocrx_word' id='word_1_146' title='bbox 273 2172 432 2266; x_wconf 67' lang='lat' dir='ltr'>possedit</span> <span class='ocrx_word' id='word_1_147' title='bbox 457 2193 590 2264; x_wconf 84' lang='lat' dir='ltr'>semper</span> <span class='ocrx_word' id='word_1_148' title='bbox 606 2171 790 2244; x_wconf 88' lang='lat' dir='ltr'>resistendo</span> <span class='ocrx_word' id='word_1_149' title='bbox 809 2169 993 2242; x_wconf 87' lang='lat' dir='ltr'>Germanis.</span> <span class='ocrx_word' id='word_1_150' title='bbox 1031 2169 1100 2242; x_wconf 89' lang='lat' dir='ltr'>Sub</span> <span class='ocrx_word' id='word_1_151' title='bbox 1125 2196 1188 2268; x_wconf 88' lang='lat' dir='ltr'>quo</span> 
     </span>
     <span class='ocr_line' id='line_1_20' title="bbox 66 2267 1189 2366; baseline 0.004 -27"><span class='ocrx_word' id='word_1_152' title='bbox 66 2269 228 2342; x_wconf 78' lang='lat' dir='ltr'>Gallorum</span> <span class='ocrx_word' id='word_1_153' title='bbox 252 2269 295 2340; x_wconf 90' lang='lat' dir='ltr'>de</span> <span class='ocrx_word' id='word_1_154' title='bbox 318 2282 411 2364; x_wconf 89' lang='lat' dir='ltr'>parte</span> <span class='ocrx_word' id='word_1_155' title='bbox 429 2271 583 2359; x_wconf 71' lang='lat' dir='ltr'>ecclesie,</span> <span class='ocrx_word' id='word_1_156' title='bbox 608 2279 641 2340; x_wconf 93' lang='lat' dir='ltr'>et</span> <span class='ocrx_word' id='word_1_157' title='bbox 657 2267 858 2342; x_wconf 88' lang='lat' dir='ltr'>Gibliuorum</span> <span class='ocrx_word' id='word_1_158' title='bbox 882 2269 923 2339; x_wconf 91' lang='lat' dir='ltr'>de</span> <span class='ocrx_word' id='word_1_159' title='bbox 946 2277 1039 2363; x_wconf 90' lang='lat' dir='ltr'>parte</span> <span class='ocrx_word' id='word_1_160' title='bbox 1062 2271 1189 2366; x_wconf 90' lang='lat' dir='ltr'>imperii</span> 
     </span>
     <span class='ocr_line' id='line_1_21' title="bbox 66 2367 458 2440; baseline 0 -2"><span class='ocrx_word' id='word_1_161' title='bbox 66 2380 134 2439; x_wconf 89' lang='lat' dir='ltr'>sunt</span> <span class='ocrx_word' id='word_1_162' title='bbox 150 2371 282 2440; x_wconf 76' lang='lat' dir='ltr'>nomilia</span> <span class='ocrx_word' id='word_1_163' title='bbox 300 2367 458 2438; x_wconf 86' lang='lat' dir='ltr'>inchoata.</span> 
     </span>
    </p>
   </div>
   <div class='ocr_carea' id='block_1_9' title="bbox 68 2539 375 2612">
    <p class='ocr_par' dir='ltr' id='par_1_9' title="bbox 68 2539 375 2612">
     <span class='ocr_line' id='line_1_22' title="bbox 68 2539 375 2612; baseline -0.007 0"><span class='ocrx_word' id='word_1_164' title='bbox 68 2541 111 2612; x_wconf 82' lang='lat' dir='ltr'>tte</span> <span class='ocrx_word' id='word_1_165' title='bbox 125 2549 230 2612; x_wconf 85' lang='lat' dir='ltr'>notre</span> <span class='ocrx_word' id='word_1_166' title='bbox 248 2539 375 2610; x_wconf 82' lang='lat' dir='ltr'>licroli.</span> 
     </span>
    </p>
   </div>
   <div class='ocr_carea' id='block_1_10' title="bbox 133 2683 1190 2776">
    <p class='ocr_par' dir='ltr' id='par_1_10' title="bbox 133 2683 1190 2776">
     <span class='ocr_line' id='line_1_23' title="bbox 133 2683 1190 2776; baseline 0 -20"><span class='ocrx_word' id='word_1_167' title='bbox 133 2687 211 2756; x_wconf 86' lang='lat' dir='ltr'>Erat</span> <span class='ocrx_word' id='word_1_168' title='bbox 229 2695 338 2755; x_wconf 88' lang='lat' dir='ltr'>autem</span> <span class='ocrx_word' id='word_1_169' title='bbox 357 2695 462 2754; x_wconf 88' lang='lat' dir='ltr'>mater</span> <span class='ocrx_word' id='word_1_170' title='bbox 479 2683 588 2755; x_wconf 88' lang='lat' dir='ltr'>llaroli</span> <span class='ocrx_word' id='word_1_171' title='bbox 606 2683 670 2755; x_wconf 89' lang='lat' dir='ltr'>lilia</span> <span class='ocrx_word' id='word_1_172' title='bbox 689 2685 780 2776; x_wconf 84' lang='lat' dir='ltr'>regis</span> <span class='ocrx_word' id='word_1_173' title='bbox 799 2684 958 2774; x_wconf 40' lang='lat' dir='ltr'>Casteller</span> <span class='ocrx_word' id='word_1_174' title='bbox 977 2686 1068 2756; x_wconf 90' lang='lat' dir='ltr'>cuius</span> <span class='ocrx_word' id='word_1_175' title='bbox 1092 2688 1190 2775; x_wconf 83' lang='lat' dir='ltr'>regni</span> 
     </span>
    </p>
   </div>
   <div class='ocr_carea' id='block_1_11' title="bbox 70 2779 1190 4146">
    <p class='ocr_par' dir='ltr' id='par_1_11' title="bbox 70 2779 1190 4146">
     <span class='ocr_line' id='line_1_24' title="bbox 70 2779 1190 2877; baseline 0.002 -26"><span class='ocrx_word' id='word_1_176' title='bbox 70 2807 149 2854; x_wconf 87' lang='lat' dir='ltr'>arma</span> <span class='ocrx_word' id='word_1_177' title='bbox 168 2793 246 2854; x_wconf 91' lang='lat' dir='ltr'>sunt</span> <span class='ocrx_word' id='word_1_178' title='bbox 262 2792 382 2871; x_wconf 46' lang='lat' dir='ltr'>castraa</span> <span class='ocrx_word' id='word_1_179' title='bbox 401 2785 497 2873; x_wconf 85' lang='lat' dir='ltr'>regni</span> <span class='ocrx_word' id='word_1_180' title='bbox 516 2791 625 2852; x_wconf 86' lang='lat' dir='ltr'>autem</span> <span class='ocrx_word' id='word_1_181' title='bbox 638 2780 778 2852; x_wconf 85' lang='lat' dir='ltr'>Francia</span> <span class='ocrx_word' id='word_1_182' title='bbox 795 2781 883 2876; x_wconf 76' lang='lat' dir='ltr'>lylia.</span> <span class='ocrx_word' id='word_1_183' title='bbox 909 2779 961 2852; x_wconf 93' lang='lat' dir='ltr'>De</span> <span class='ocrx_word' id='word_1_184' title='bbox 981 2781 1190 2877; x_wconf 67' lang='lat' dir='ltr'>quoKarclm</span> 
     </span>
     <span class='ocr_line' id='line_1_25' title="bbox 71 2877 1189 2978; baseline 0.003 -32"><span class='ocrx_word' id='word_1_185' title='bbox 71 2893 234 2976; x_wconf 85' lang='lat' dir='ltr'>antequam</span> <span class='ocrx_word' id='word_1_186' title='bbox 259 2889 364 2948; x_wconf 91' lang='lat' dir='ltr'>mater</span> <span class='ocrx_word' id='word_1_187' title='bbox 388 2882 459 2950; x_wconf 90' lang='lat' dir='ltr'>eius</span> <span class='ocrx_word' id='word_1_188' title='bbox 487 2883 560 2970; x_wconf 79' lang='lat' dir='ltr'>regi</span> <span class='ocrx_word' id='word_1_189' title='bbox 585 2879 722 2949; x_wconf 82' lang='lat' dir='ltr'>Francis</span> <span class='ocrx_word' id='word_1_190' title='bbox 746 2877 903 2970; x_wconf 45' lang='lat' dir='ltr'>nuberet2</span> <span class='ocrx_word' id='word_1_191' title='bbox 933 2877 1189 2978; x_wconf 82' lang='lat' dir='ltr'>prophetizatum</span> 
     </span>
     <span class='ocr_line' id='line_1_26' title="bbox 72 2975 1190 3066; baseline 0.003 -22"><span class='ocrx_word' id='word_1_192' title='bbox 72 2977 174 3050; x_wconf 89' lang='lat' dir='ltr'>dicitur</span> <span class='ocrx_word' id='word_1_193' title='bbox 189 2982 224 3048; x_wconf 93' lang='lat' dir='ltr'>in</span> <span class='ocrx_word' id='word_1_194' title='bbox 241 2976 304 3046; x_wconf 91' lang='lat' dir='ltr'>bec</span> <span class='ocrx_word' id='word_1_195' title='bbox 321 2975 450 3047; x_wconf 63' lang='lat' dir='ltr'>verba?</span> <span class='ocrx_word' id='word_1_196' title='bbox 463 2979 580 3047; x_wconf 83' lang='lat' dir='ltr'>Castro</span> <span class='ocrx_word' id='word_1_197' title='bbox 596 2978 730 3062; x_wconf 77' lang='lat' dir='ltr'>stolidos</span> <span class='ocrx_word' id='word_1_198' title='bbox 748 2981 991 3066; x_wconf 81' lang='lat' dir='ltr'>ooninnpentnr‚</span> <span class='ocrx_word' id='word_1_199' title='bbox 1009 2985 1041 3046; x_wconf 90' lang='lat' dir='ltr'>et</span> <span class='ocrx_word' id='word_1_200' title='bbox 1052 2997 1190 3066; x_wconf 82' lang='lat' dir='ltr'>eneqno</span> 
     </span>
     <span class='ocr_line' id='line_1_27' title="bbox 73 3075 1189 3168; baseline 0.001 -26"><span class='ocrx_word' id='word_1_201' title='bbox 73 3095 160 3162; x_wconf 75' lang='lat' dir='ltr'>conus</span> <span class='ocrx_word' id='word_1_202' title='bbox 176 3075 387 3166; x_wconf 81' lang='lat' dir='ltr'>penerobitor</span> <span class='ocrx_word' id='word_1_203' title='bbox 403 3095 585 3164; x_wconf 73' lang='lat' dir='ltr'>praerosam,</span> <span class='ocrx_word' id='word_1_204' title='bbox 604 3079 661 3162; x_wconf 82' lang='lat' dir='ltr'>qni</span> <span class='ocrx_word' id='word_1_205' title='bbox 673 3077 836 3164; x_wconf 84' lang='lat' dir='ltr'>pnpnobit</span> <span class='ocrx_word' id='word_1_206' title='bbox 847 3083 962 3144; x_wconf 84' lang='lat' dir='ltr'>contro</span> <span class='ocrx_word' id='word_1_207' title='bbox 968 3078 1079 3168; x_wconf 78' lang='lat' dir='ltr'>potios</span> <span class='ocrx_word' id='word_1_208' title='bbox 1088 3079 1189 3163; x_wconf 77' lang='lat' dir='ltr'>ooni-</span> 
     </span>
     <span class='ocr_line' id='line_1_28' title="bbox 74 3170 1189 3266; baseline 0.002 -26"><span class='ocrx_word' id='word_1_209' title='bbox 74 3175 176 3263; x_wconf 85' lang='lat' dir='ltr'>lnnrm,</span> <span class='ocrx_word' id='word_1_210' title='bbox 201 3181 235 3242; x_wconf 90' lang='lat' dir='ltr'>et</span> <span class='ocrx_word' id='word_1_211' title='bbox 252 3173 436 3262; x_wconf 84' lang='lat' dir='ltr'>preoolebit</span> <span class='ocrx_word' id='word_1_212' title='bbox 459 3175 512 3242; x_wconf 78' lang='lat' dir='ltr'>eie.</span> <span class='ocrx_word' id='word_1_213' title='bbox 548 3173 636 3266; x_wconf 88' lang='lat' dir='ltr'>Papa</span> <span class='ocrx_word' id='word_1_214' title='bbox 655 3178 780 3243; x_wconf 86' lang='lat' dir='ltr'>autem²</span> <span class='ocrx_word' id='word_1_215' title='bbox 798 3182 909 3243; x_wconf 88' lang='lat' dir='ltr'>contra</span> <span class='ocrx_word' id='word_1_216' title='bbox 928 3172 1058 3243; x_wconf 92' lang='lat' dir='ltr'>Petrum</span> <span class='ocrx_word' id='word_1_217' title='bbox 1078 3170 1189 3242; x_wconf 87' lang='lat' dir='ltr'>Arra-</span> 
     </span>
     <span class='ocr_line' id='line_1_29' title="bbox 75 3267 1187 3362; baseline 0.003 -25"><span class='ocrx_word' id='word_1_218' title='bbox 75 3275 161 3358; x_wconf 74' lang='lat' dir='ltr'>gonie</span> <span class='ocrx_word' id='word_1_219' title='bbox 180 3293 220 3340; x_wconf 91' lang='lat' dir='ltr'>ac</span> <span class='ocrx_word' id='word_1_220' title='bbox 237 3269 321 3342; x_wconf 88' lang='lat' dir='ltr'>filios</span> <span class='ocrx_word' id='word_1_221' title='bbox 340 3279 373 3340; x_wconf 91' lang='lat' dir='ltr'>et</span> <span class='ocrx_word' id='word_1_222' title='bbox 389 3292 493 3360; x_wconf 86' lang='lat' dir='ltr'>regna</span> <span class='ocrx_word' id='word_1_223' title='bbox 513 3273 584 3340; x_wconf 89' lang='lat' dir='ltr'>eius</span> <span class='ocrx_word' id='word_1_224' title='bbox 602 3273 636 3339; x_wconf 91' lang='lat' dir='ltr'>in</span> <span class='ocrx_word' id='word_1_225' title='bbox 652 3278 775 3340; x_wconf 89' lang='lat' dir='ltr'>lantum</span> <span class='ocrx_word' id='word_1_226' title='bbox 790 3271 963 3362; x_wconf 64' lang='lat' dir='ltr'>processit</span> <span class='ocrx_word' id='word_1_227' title='bbox 983 3267 1067 3362; x_wconf 84' lang='lat' dir='ltr'>quod</span> <span class='ocrx_word' id='word_1_228' title='bbox 1079 3267 1187 3340; x_wconf 89' lang='lat' dir='ltr'>multis</span> 
     </span>
     <span class='ocr_line' id='line_1_30' title="bbox 76 3363 1188 3460; baseline 0.004 -28"><span class='ocrx_word' id='word_1_229' title='bbox 76 3371 157 3438; x_wconf 86' lang='lat' dir='ltr'>anuis</span> <span class='ocrx_word' id='word_1_230' title='bbox 173 3370 205 3438; x_wconf 90' lang='lat' dir='ltr'>in</span> <span class='ocrx_word' id='word_1_231' title='bbox 223 3371 338 3459; x_wconf 80' lang='lat' dir='ltr'>regnis</span> <span class='ocrx_word' id='word_1_232' title='bbox 363 3371 434 3438; x_wconf 91' lang='lat' dir='ltr'>eius</span> <span class='ocrx_word' id='word_1_233' title='bbox 457 3389 623 3460; x_wconf 88' lang='lat' dir='ltr'>nunquam</span> <span class='ocrx_word' id='word_1_234' title='bbox 648 3377 723 3438; x_wconf 89' lang='lat' dir='ltr'>sunt</span> <span class='ocrx_word' id='word_1_235' title='bbox 746 3363 910 3437; x_wconf 89' lang='lat' dir='ltr'>celebrata</span> <span class='ocrx_word' id='word_1_236' title='bbox 935 3364 1059 3456; x_wconf 63' lang='lat' dir='ltr'>divine„</span> <span class='ocrx_word' id='word_1_237' title='bbox 1084 3369 1188 3438; x_wconf 88' lang='lat' dir='ltr'>eciam</span> 
     </span>
     <span class='ocr_line' id='line_1_31' title="bbox 77 3462 1188 3558; baseline 0.004 -27"><span class='ocrx_word' id='word_1_238' title='bbox 77 3469 266 3536; x_wconf 88' lang='lat' dir='ltr'>nominantes</span> <span class='ocrx_word' id='word_1_239' title='bbox 285 3487 361 3535; x_wconf 91' lang='lat' dir='ltr'>eum</span> <span class='ocrx_word' id='word_1_240' title='bbox 378 3487 494 3556; x_wconf 80' lang='lat' dir='ltr'>regem</span> <span class='ocrx_word' id='word_1_241' title='bbox 513 3462 728 3558; x_wconf 87' lang='lat' dir='ltr'>dampnando.</span> <span class='ocrx_word' id='word_1_242' title='bbox 761 3465 822 3551; x_wconf 82' lang='lat' dir='ltr'>eri</span> <span class='ocrx_word' id='word_1_243' title='bbox 841 3467 873 3534; x_wconf 91' lang='lat' dir='ltr'>in</span> <span class='ocrx_word' id='word_1_244' title='bbox 892 3466 985 3537; x_wconf 90' lang='lat' dir='ltr'>senio</span> <span class='ocrx_word' id='word_1_245' title='bbox 1004 3462 1086 3535; x_wconf 89' lang='lat' dir='ltr'>duos</span> <span class='ocrx_word' id='word_1_246' title='bbox 1104 3463 1188 3535; x_wconf 88' lang='lat' dir='ltr'>lilios</span> 
     </span>
     <span class='ocr_line' id='line_1_32' title="bbox 79 3558 1188 3656; baseline 0.002 -29"><span class='ocrx_word' id='word_1_247' title='bbox 79 3583 157 3652; x_wconf 64' lang='lat' dir='ltr'>suos7</span> <span class='ocrx_word' id='word_1_248' title='bbox 174 3585 271 3633; x_wconf 81' lang='lat' dir='ltr'>untrm</span> <span class='ocrx_word' id='word_1_249' title='bbox 284 3563 485 3656; x_wconf 68' lang='lat' dir='ltr'>Anagonie</span> <span class='ocrx_word' id='word_1_250' title='bbox 504 3563 602 3632; x_wconf 89' lang='lat' dir='ltr'>alium</span> <span class='ocrx_word' id='word_1_251' title='bbox 621 3559 756 3651; x_wconf 64' lang='lat' dir='ltr'>Cecllie7</span> <span class='ocrx_word' id='word_1_252' title='bbox 774 3583 877 3652; x_wconf 85' lang='lat' dir='ltr'>reges</span> <span class='ocrx_word' id='word_1_253' title='bbox 895 3563 1109 3652; x_wconf 47' lang='lat' dir='ltr'>constituensq</span> <span class='ocrx_word' id='word_1_254' title='bbox 1128 3558 1188 3634; x_wconf 92' lang='lat' dir='ltr'>sibi</span> 
     </span>
     <span class='ocr_line' id='line_1_33' title="bbox 80 3655 1190 3754; baseline 0.003 -30"><span class='ocrx_word' id='word_1_255' title='bbox 80 3655 244 3730; x_wconf 81' lang='lat' dir='ltr'>huiusmodi</span> <span class='ocrx_word' id='word_1_256' title='bbox 261 3661 399 3752; x_wconf 66' lang='lat' dir='ltr'>tptulum</span> <span class='ocrx_word' id='word_1_257' title='bbox 417 3661 582 3754; x_wconf 91' lang='lat' dir='ltr'>ascripsit:</span> <span class='ocrx_word' id='word_1_258' title='bbox 603 3661 713 3729; x_wconf 80' lang='lat' dir='ltr'>l&#39;etnn</span> <span class='ocrx_word' id='word_1_259' title='bbox 723 3661 1077 3750; x_wconf 77' lang='lat' dir='ltr'>Anooonenennonn,</span> <span class='ocrx_word' id='word_1_260' title='bbox 1091 3667 1190 3748; x_wconf 88' lang='lat' dir='ltr'>poter</span> 
     </span>
     <span class='ocr_line' id='line_1_34' title="bbox 81 3757 1188 3848; baseline 0.004 -26"><span class='ocrx_word' id='word_1_261' title='bbox 81 3757 338 3848; x_wconf 78' lang='lat' dir='ltr'>drinionirepron,</span> <span class='ocrx_word' id='word_1_262' title='bbox 363 3761 632 3828; x_wconf 81' lang='lat' dir='ltr'>dominns&#39;rnorts</span> <span class='ocrx_word' id='word_1_263' title='bbox 648 3765 680 3826; x_wconf 90' lang='lat' dir='ltr'>et</span> <span class='ocrx_word' id='word_1_264' title='bbox 694 3761 786 3827; x_wconf 84' lang='lat' dir='ltr'>miles</span> <span class='ocrx_word' id='word_1_265' title='bbox 808 3761 1051 3846; x_wconf 71' lang='lat' dir='ltr'>inperterritus.</span> <span class='ocrx_word' id='word_1_266' title='bbox 1070 3763 1074 3772; x_wconf 90' lang='lat'>&#39;</span> <span class='ocrx_word' id='word_1_267' title='bbox 1093 3757 1188 3828; x_wconf 86' lang='lat' dir='ltr'>Ten-</span> 
     </span>
     <span class='ocr_line' id='line_1_35' title="bbox 83 3850 1188 3950; baseline 0.005 -33"><span class='ocrx_word' id='word_1_268' title='bbox 83 3850 145 3922; x_wconf 84' lang='lat' dir='ltr'>‹lem</span> <span class='ocrx_word' id='word_1_269' title='bbox 161 3855 254 3928; x_wconf 86' lang='lat' dir='ltr'>sedes</span> <span class='ocrx_word' id='word_1_270' title='bbox 273 3855 450 3950; x_wconf 86' lang='lat' dir='ltr'>apostolica</span> <span class='ocrx_word' id='word_1_271' title='bbox 469 3869 542 3925; x_wconf 85' lang='lat' dir='ltr'>cum</span> <span class='ocrx_word' id='word_1_272' title='bbox 560 3855 644 3925; x_wconf 89' lang='lat' dir='ltr'>ultro</span> <span class='ocrx_word' id='word_1_273' title='bbox 662 3865 858 3926; x_wconf 86' lang='lat' dir='ltr'>revocasset</span> <span class='ocrx_word' id='word_1_274' title='bbox 875 3875 1066 3948; x_wconf 62' lang='lat' dir='ltr'>processus</span> <span class='ocrx_word' id='word_1_275' title='bbox 1085 3855 1188 3924; x_wconf 92' lang='lat' dir='ltr'>iuve-</span> 
     </span>
     <span class='ocr_line' id='line_1_36' title="bbox 84 3949 1188 4046; baseline 0.004 -31"><span class='ocrx_word' id='word_1_276' title='bbox 84 3969 151 4038; x_wconf 50' lang='lat' dir='ltr'>nes5</span> <span class='ocrx_word' id='word_1_277' title='bbox 174 3957 222 4046; x_wconf 83' lang='lat' dir='ltr'>qui</span> <span class='ocrx_word' id='word_1_278' title='bbox 247 3957 278 4022; x_wconf 91' lang='lat' dir='ltr'>in</span> <span class='ocrx_word' id='word_1_279' title='bbox 302 3952 428 4026; x_wconf 86' lang='lat' dir='ltr'>eisdem</span> <span class='ocrx_word' id='word_1_280' title='bbox 452 3955 565 4044; x_wconf 76' lang='lat' dir='ltr'>regnis</span> <span class='ocrx_word' id='word_1_281' title='bbox 590 3962 738 4046; x_wconf 92' lang='lat' dir='ltr'>tempore</span> <span class='ocrx_word' id='word_1_282' title='bbox 762 3950 928 4038; x_wconf 88' lang='lat' dir='ltr'>interdicti.</span> <span class='ocrx_word' id='word_1_283' title='bbox 944 3949 1188 4038; x_wconf 65' lang='lat' dir='ltr'>successerant</span> 
     </span>
     <span class='ocr_line' id='line_1_37' title="bbox 85 4046 1189 4146; baseline 0.008 -34"><span class='ocrx_word' id='word_1_284' title='bbox 85 4057 148 4116; x_wconf 89' lang='lat' dir='ltr'>ente</span> <span class='ocrx_word' id='word_1_285' title='bbox 163 4073 221 4120; x_wconf 91' lang='lat' dir='ltr'>non</span> <span class='ocrx_word' id='word_1_286' title='bbox 233 4055 340 4122; x_wconf 87' lang='lat' dir='ltr'>visam</span> <span class='ocrx_word' id='word_1_287' title='bbox 358 4048 619 4120; x_wconf 88' lang='lat' dir='ltr'>celebracionem</span> <span class='ocrx_word' id='word_1_288' title='bbox 637 4049 820 4121; x_wconf 74' lang='lat' dir='ltr'>deriserunt</span> <span class='ocrx_word' id='word_1_289' title='bbox 831 4046 1025 4146; x_wconf 89' lang='lat' dir='ltr'>divinorum.</span> <span class='ocrx_word' id='word_1_290' title='bbox 1052 4049 1189 4143; x_wconf 92' lang='lat' dir='ltr'>Propter</span> 
     </span>
    </p>
   </div>
   <div class='ocr_carea' id='block_1_12' title="bbox 119 4193 1188 4270">
    <p class='ocr_par' dir='ltr' id='par_1_12' title="bbox 119 4193 1188 4270">
     <span class='ocr_line' id='line_1_38' title="bbox 119 4193 1188 4270; baseline -0.001 -18"><span class='ocrx_word' id='word_1_291' title='bbox 119 4193 142 4264; x_wconf 87' lang='grc'>1)</span> <span class='ocrx_word' id='word_1_292' title='bbox 162 4197 281 4257; x_wconf 86' lang='lat' dir='ltr'>Clementi</span> <span class='ocrx_word' id='word_1_293' title='bbox 295 4197 375 4256; x_wconf 89' lang='lat' dir='ltr'>sollte</span> <span class='ocrx_word' id='word_1_294' title='bbox 389 4215 418 4254; x_wconf 88' lang='lat' dir='ltr'>es</span> <span class='ocrx_word' id='word_1_295' title='bbox 433 4197 550 4270; x_wconf 68' lang='lat' dir='ltr'>balasco,</span> <span class='ocrx_word' id='word_1_296' title='bbox 568 4195 621 4252; x_wconf 84' lang='lat' dir='ltr'>wie</span> <span class='ocrx_word' id='word_1_297' title='bbox 636 4197 702 4252; x_wconf 85' lang='lat' dir='ltr'>auch</span> <span class='ocrx_word' id='word_1_298' title='bbox 717 4197 749 4252; x_wconf 80' lang='grc' dir='ltr'>Α.</span> <span class='ocrx_word' id='word_1_299' title='bbox 764 4199 816 4252; x_wconf 86' lang='lat' dir='ltr'>bat.</span> <span class='ocrx_word' id='word_1_300' title='bbox 845 4195 875 4267; x_wconf 86' lang='lat'>2)</span> <span class='ocrx_word' id='word_1_301' title='bbox 891 4203 977 4256; x_wconf 86' lang='lat' dir='ltr'>eutem</span> <span class='ocrx_word' id='word_1_302' title='bbox 992 4195 1143 4264; x_wconf 69' lang='lat' dir='ltr'>Alexander</span> <span class='ocrx_word' id='word_1_303' title='bbox 1155 4197 1188 4262; x_wconf 78' lang='lat' dir='ltr'>A,</span> 
     </span>
    </p>
   </div>
   <div class='ocr_carea' id='block_1_13' title="bbox 1430 4119 1433 4290">
    <p class='ocr_par' dir='ltr' id='par_1_13' title="bbox 1430 4119 1433 4322">
     <span class='ocr_line' id='line_1_39' title="bbox 1431 4119 1433 4200; baseline 0 -14"><span class='ocrx_word' id='word_1_304' title='bbox 1431 4119 1433 4200; x_wconf 71' lang='lat' dir='ltr'>t</span> 
     </span>
     <span class='ocr_line' id='line_1_40' title="bbox 1430 4237 1433 4290; baseline 0 22"><span class='ocrx_word' id='word_1_305' title='bbox 1430 4237 1433 4290; x_wconf 78' lang='lat' dir='ltr'>t</span> 
     </span>
    </p>
   </div>
   <div class='ocr_carea' id='block_1_14' title="bbox 0 0 1471 4818">
    <p class='ocr_par' dir='ltr' id='par_1_14' title="bbox 0 0 1471 4818">
     <span class='ocr_line' id='line_1_41' title="bbox 0 0 1471 4818; baseline 0 0"><span class='ocrx_word' id='word_1_306' title='bbox 0 0 1471 4818; x_wconf 95' lang='lat' dir='ltr'> </span> 
     </span>
    </p>
   </div>
  </div>
 </body>
</html>
