3036 4822
283 251 355 344 '342
550 267 717 329 aaromcn
735 267 930 328 rmssmuu
949 269 1145 328 sanansnm.

284 445 456 518 Comedus
475 467 570 536 vero,
594 445 776 519 Ierusalem
794 455 828 518 et
844 445 954 519 Sicilie
972 470 1034 520 rex
1052 459 1086 520 et
1103 447 1170 519 dux
1187 441 1314 519 Suevie
1332 467 1409 542 pre-

283 545 340 617 lati
356 543 512 615 l'ridcrici
536 565 654 640 nepos,
680 545 766 617 hanc
788 543 970 616 libertatem
988 547 1131 617 ecclesie
1149 545 1297 640 Spirensi
1315 545 1410 632 dedit

284 654 318 716 ut
336 640 377 711 de
394 641 584 731 redditibus
603 647 693 734 vino,
711 643 875 740 frumento
892 653 924 713 et
939 644 1011 715 aliis
1027 641 1129 715 rebus
1148 641 1256 714 eidem
1273 643 1411 716 ecclesie

284 738 491 812 attinentibus
519 741 606 811 nulla
641 738 726 834 apud
753 739 924 832 Eslingam
959 745 1106 830 exactio.
1141 761 1204 834 que
1231 741 1413 832 vulgaliter

284 838 400 928 ungelt
423 836 548 925 dicitur.
577 839 770 932 aliquatinus
797 841 991 933 requiratur.
1019 862 1083 910 nec
1103 842 1179 931 ipsi,
1208 841 1235 912 si
1262 849 1411 912 exactum

137 1041 145 1054 ι
166 1015 169 1023 ,
284 934 359 1028 quid
377 934 485 1024 luerit.
510 936 646 1008 solvere
669 933 1190 1026 111111111111111[126711161131]ι
1228 933 1310 1006 ltern
1329 957 1412 1007 anno

285 1032 404 1104 domini
423 1055 574 1106 mccxx.
594 1032 765 1104 Comedus
784 1032 825 1103 de
842 1033 989 1104 Sulnield
1007 1035 1102 1105 miles
1122 1033 1255 1104 contulit
1272 1033 1411 1106 ecclesie

283 1131 432 1224 Spirensi
455 1134 563 1202 omnia
582 1153 642 1203 sua
666 1129 792 1224 predia7
818 1153 881 1224 que
898 1127 1008 1203 habuit
1025 1136 1057 1202 in
1074 1131 1234 1220 Srdnseld.
1259 1130 1413 1202 Knuten-

285 1226 578 1300 11111111111111151111.2
614 1227 695 1299 ltem
720 1227 815 1300 huius
841 1231 985 1323 episcopi
1010 1227 1210 1323 temporibus
1235 1225 1296 1300 sub
1321 1231 1412 1298 annis

284 1323 405 1398 domini
422 1329 596 1398 mccxxi.
616 1329 763 1397 canonici
777 1321 1050 1398 Hildesemenses
1061 1325 1281 1419 etSpirenses
1300 1325 1413 1396 eccle-

286 1423 408 1495 siarum
425 1421 660 1496 fraternitatem
679 1427 763 1496 inter
780 1445 818 1496 se
837 1435 981 1495 mutuum
997 1427 1163 1495 intercuti

332 1557 536 1650 Ben'ngerus
548 1553 590 1630 de
600 1557 785 1650 Entringen
796 1558 895 1632 xliiii.
908 1557 1050 1630 ecclesie
1060 1557 1226 1653 Spirensis
1240 1561 1414 1671 episcopus

284 1666 473 1750 assumptus
490 1667 542 1730 est
559 1655 601 1727 ad
622 1659 844 1750 episcopatum
870 1675 956 1726 anno
982 1654 1101 1726 domini
1126 1679 1349 1744 mccxxnm„
1373 1679 1414 1727 vr.

284 1748 348 1826 kal.
374 1755 465 1848 april.
493 1764 525 1825 et
548 1752 673 1827 resedit
696 1757 728 1825 in
750 1777 789 1824 ea
814 1756 908 1824 annis
926 1755 994 1824 viiii
1011 1753 1067 1824 vel
1092 1757 1187 1826 circa.
1223 1753 1307 1824 ltem
1330 1775 1416 1826 anno

282 1849 405 1925 domini
430 1874 605 1925 mccxxx.
632 1849 745 1942 [1232
769 1855 832 1922 ian.
852 1849 916 1940 27]
940 1849 1086 1944 prefatus
1109 1850 1314 1943 Ben‘ngerus
1342 1853 1417 1946 epi-

282 1957 407 2044 'scopus
432 1951 635 2046 comparavit
658 1949 802 2022 ecclesie
827 1971 887 2020 sue
907 1950 1078 2039 navigium
1096 1971 1157 2020 seu
1174 1951 1370 2043 passagium
1387 1951 1417 2020 iu

285 2043 458 2120 Korsote}
491 2047 534 2120 Et
556 2045 634 2119 obiit
657 2067 742 2118 enno
767 2045 886 2117 domini
911 2048 1120 2118 mccxxxii.
1145 2046 1238 2140 vigil.
1255 2045 1416 2118 Andree⁵

289 2143 385 2236 [nov.
404 2145 480 2236 29].

335 2279 506 2352 Comedus
523 2279 566 2350 da
584 2279 676 2351 Tium
693 2280 775 2352 xlv.
794 2279 937 2352 ecclesie
954 2279 1122 2374 Spirensis
1141 2281 1332 2372 episcopus.
1357 2301 1418 2352 as-

286 2389 435 2472 sumptus
453 2376 495 2448 ad
512 2381 736 2472 episcopatum
754 2397 840 2448 anno
858 2375 979 2448 domini
991 2379 1226 2465 mccxxxiii..
1244 2375 1372 2450 resedit
1387 2379 1418 2446 in

283 2577 417 2647 tivilatis
436 2571 555 2644 Christi
581 2567 625 2663 [1
643 2569 744 2644 1236·
763 2571 834 2642 dec.
853 2571 930 2662 24].
966 2571 1047 2644 ltem
1071 2571 1218 2666 prefatus
1244 2571 1417 2642 Comedus

288 2675 464 2767 episcopus
488 2690 575 2742 anno
600 2669 720 2742 domini
744 2691 956 2742 mccxrmv.
975 2670 1151 2742 ecclesiam
1176 2671 1209 2740 in
1225 2667 1418 2742 Dideslreim

284 2781 350 2842 tarn
368 2773 401 2840 in
417 2771 489 2838 iure
506 2777 695 2862 patmnatus
714 2789 810 2862 quam
824 2770 857 2838 in
868 2766 956 2856 dcte.
973 2777 1050 2861 puta
1068 2766 1218 2852 decimis.
1235 2769 1419 2860 mancipiis,

278 2870 407 2956 uineis,
430 2869 535 2957 agris.
559 2867 724 2937 canonicis
751 2865 893 2940 ecclesie
910 2863 1078 2958 Spirensis
1096 2883 1155 2957 pro
1173 2868 1338 2936 communi
1357 2885 1418 2936 usu

283 2965 442 3058 deinceps
453 2961 687 3056 possidendam
698 2955 859 3035 1101111111.ὁ
882 2959 1418 3034 Irenanncdoninim.cc.rcrx.v.

289 3059 403 3154 [1234
420 3059 484 3132 leb.
503 3059 567 3150 26]
588 3059 682 3132 Cuno
706 3057 807 3130 abbas
825 3058 1126 3150 wicenburgensis
1151 3079 1226 3130 cum
1249 3077 1420 3130 consensu

284 3163 335 3233 sui
361 3168 546 3232 conventus
574 3163 625 3230 ius
653 3167 857 3251 patronatus,
887 3156 973 3251 quod
1000 3154 1111 3227 habuit
1136 3157 1169 3226 in
1191 3154 1420 3242 Bullinlreind,

283 3257 413 3328 tradidit
429 3257 572 3330 ecclesie
582 3256 741 3350 Spirensi.
767 3253 850 3328 ltem
868 3251 986 3326 eodem
997 3274 1084 3324 anno
1097 3274 1161 3346 quo
1172 3273 1271 3346 supra
1285 3253 1416 3344 [1235]

276 3366 318 3427 et
334 3353 395 3428 sub
414 3353 533 3426 eodem
550 3355 677 3448 prelato
695 3352 848 3427 Conrado
866 3355 1020 3445 episcopo
1038 3349 1139 3421 albas
1152 3349 1420 3440 Clingenmonn-

285 3455 374 3524 sterii
398 3451 533 3524 donavit
556 3451 698 3524 ecclesia
721 3449 870 3544 Spirensi
895 3455 945 3522 ius
972 3458 1162 3543 patronatus
1184 3451 1219 3518 in
1240 3445 1419 3522 Ollenlmclr

285 3549 383 3644 pleno
400 3552 472 3622 iure
488 3547 750 3644 [111131111111611111.8

276 3690 278 3698 ·
335 3664 508 3738 Comedus
526 3664 568 3735 de
584 3661 759 3736 Eherstein
776 3663 869 3736 xlvi.
888 3663 1032 3734 ecclesie
1042 3660 1211 3755 Spirensis
1229 3665 1420 3758 episcopus,

286 3774 473 3858 assumptus
491 3761 533 3832 ad
551 3765 774 3857 episcopatum
792 3779 821 3831 a.
833 3759 863 3832 d.
876 3762 1110 3832 mccxxxvii.
1123 3761 1156 3830 in
1173 3757 1259 3832 leste
1271 3760 1420 3852 Agnetis

205 3907 208 3912 ·
283 3865 424 3952 virginis
438 3863 517 3952 [ian.
529 3859 609 3950 21],
626 3855 751 3932 resedit
767 3862 800 3928 in
818 3881 858 3928 ea
877 3861 971 3929 annis
990 3868 1073 3928 octo.
1100 3857 1181 3928 ltem
1199 3879 1286 3928 anno
1299 3859 1420 3930 domini

284 3957 448 4032 mccxli.
468 3956 528 4030 sub
549 3955 732 4029 venarabili
756 3955 887 4026 dominc
905 3953 1058 4026 Conrado
1081 3953 1123 4025 de
1140 3953 1319 4028 Ebcrstein
1337 3956 1421 4051 Spi-

339 4135 368 4204 1)
387 4133 553 4217 Remlingl.
572 4132 634 4190 312.
670 4133 702 4202 2)
720 4133 737 4188 l.
752 4150 776 4214 c.
794 4132 819 4203 1,
838 4132 898 4188 157.
936 4133 967 4196 3)
987 4133 1002 4188 l.
1020 4150 1041 4188 c.
1057 4132 1081 4204 1,
1101 4131 1160 4215 162.
1197 4133 1228 4201 4)
1248 4133 1343 4218 dcl,
1359 4133 1419 4189 196.

284 4207 408 4276 6)11.Α.
429 4206 495 4262 iehlt
517 4223 544 4286 m
563 4205 608 4260 W.
645 4205 676 4274 6)
695 4204 818 4275 liamlrng
836 4203 866 4273 1,
890 4203 951 4260 201.
988 4205 1071 4286 *diso
1095 4203 1138 4260 dre
1157 4203 1216 4260 urk.
1237 4204 1377 4276 (liemlmg
1397 4203 1421 4274 1,

286 4275 370 4352 1611)]
389 4278 446 4339 W.;
467 4275 596 4350 liullrlren,
613 4273 688 4336 acc:
708 4275 861 4336 Billenlrem.
897 4277 929 4346 8)
947 4273 1070 4348 liemlmg
1089 4274 1114 4348 1,
1132 4275 1193 4334 306.
