<?xml version="1.0" encoding="UTF-8"?>
<!DOCTYPE html PUBLIC "-//W3C//DTD XHTML 1.0 Transitional//EN"
    "http://www.w3.org/TR/xhtml1/DTD/xhtml1-transitional.dtd">
<html xmlns="http://www.w3.org/1999/xhtml" xml:lang="en" lang="en">
 <head>
  <title>
</title>
<meta http-equiv="Content-Type" content="text/html;charset=utf-8" />
  <meta name='ocr-system' content='tesseract 3.04.00' />
  <meta name='ocr-capabilities' content='ocr_page ocr_carea ocr_par ocr_line ocrx_word'/>
</head>
<body>
  <div class='ocr_page' id='page_1' title='image "./fontesrerumgerm01hubegoog_0281.png"; bbox 0 0 2946 4822; ppageno 0'>
   <div class='ocr_carea' id='block_1_1' title="bbox 263 197 1089 276">
    <p class='ocr_par' dir='ltr' id='par_1_1' title="bbox 263 197 1089 276">
     <span class='ocr_line' id='line_1_1' title="bbox 263 197 1089 276; baseline -0.008 -13"><span class='ocrx_word' id='word_1_1' title='bbox 263 204 335 276; x_wconf 80' lang='grc'><strong>204</strong></span> <span class='ocrx_word' id='word_1_2' title='bbox 565 199 729 257; x_wconf 73' lang='grc' dir='ltr'>ΜΑΠΗΙΑὸ</span> <span class='ocrx_word' id='word_1_3' title='bbox 748 197 1089 259; x_wconf 78' lang='lat' dir='ltr'>NUEWENBURGENSIS.</span> 
     </span>
    </p>
   </div>
   <div class='ocr_carea' id='block_1_2' title="bbox 264 376 1398 564">
    <p class='ocr_par' dir='ltr' id='par_1_2' title="bbox 264 376 1398 564">
     <span class='ocr_line' id='line_1_2' title="bbox 264 376 1398 466; baseline 0 -18"><span class='ocrx_word' id='word_1_4' title='bbox 264 379 313 448; x_wconf 81' lang='lat' dir='ltr'><strong>iio</strong></span> <span class='ocrx_word' id='word_1_5' title='bbox 331 382 478 466; x_wconf 83' lang='lat' dir='ltr'><strong>inpresso</strong></span> <span class='ocrx_word' id='word_1_6' title='bbox 495 376 652 446; x_wconf 74' lang='lat' dir='ltr'><em>Iohannis</em></span> <span class='ocrx_word' id='word_1_7' title='bbox 675 379 763 464; x_wconf 77' lang='lat' dir='ltr'><strong>repis</strong></span> <span class='ocrx_word' id='word_1_8' title='bbox 780 376 933 448; x_wconf 81' lang='lat' dir='ltr'><strong>Bobcnric</strong></span> <span class='ocrx_word' id='word_1_9' title='bbox 956 380 991 445; x_wconf 85' lang='lat' dir='ltr'><strong>in</strong></span> <span class='ocrx_word' id='word_1_10' title='bbox 1014 376 1154 448; x_wconf 77' lang='lat' dir='ltr'><strong>italiam</strong></span> <span class='ocrx_word' id='word_1_11' title='bbox 1172 380 1215 448; x_wconf 83' lang='lat' dir='ltr'><strong>dc</strong></span> <span class='ocrx_word' id='word_1_12' title='bbox 1242 395 1398 448; x_wconf 73' lang='lat' dir='ltr'><strong>cormeum</strong></span> 
     </span>
     <span class='ocr_line' id='line_1_3' title="bbox 358 477 714 564; baseline -0.003 -20"><span class='ocrx_word' id='word_1_13' title='bbox 358 477 522 564; x_wconf 78' lang='lat' dir='ltr'><strong>principit</strong></span> <span class='ocrx_word' id='word_1_14' title='bbox 539 477 714 544; x_wconf 76' lang='lat' dir='ltr'><strong>Loudowioi.</strong></span> 
     </span>
    </p>
   </div>
   <div class='ocr_carea' id='block_1_3' title="bbox 179 625 1406 2284">
    <p class='ocr_par' dir='ltr' id='par_1_3' title="bbox 179 625 1406 2284">
     <span class='ocr_line' id='line_1_4' title="bbox 323 625 1401 721; baseline -0.002 -23"><span class='ocrx_word' id='word_1_15' title='bbox 323 628 360 699; x_wconf 91' lang='lat' dir='ltr'><strong>In</strong></span> <span class='ocrx_word' id='word_1_16' title='bbox 378 625 492 699; x_wconf 88' lang='lat' dir='ltr'><strong>diebus</strong></span> <span class='ocrx_word' id='word_1_17' title='bbox 510 626 585 714; x_wconf 46' lang='lat' dir='ltr'><strong>iilisa</strong></span> <span class='ocrx_word' id='word_1_18' title='bbox 603 635 678 718; x_wconf 85' lang='lat' dir='ltr'><strong>post</strong></span> <span class='ocrx_word' id='word_1_19' title='bbox 695 647 873 717; x_wconf 78' lang='lat' dir='ltr'><strong>egressum</strong></span> <span class='ocrx_word' id='word_1_20' title='bbox 890 629 1044 721; x_wconf 91' lang='lat' dir='ltr'><strong>principis</strong></span> <span class='ocrx_word' id='word_1_21' title='bbox 1062 626 1105 697; x_wconf 88' lang='lat' dir='ltr'><strong>dc</strong></span> <span class='ocrx_word' id='word_1_22' title='bbox 1122 627 1242 716; x_wconf 68' lang='lat' dir='ltr'><strong>Ytolia,</strong></span> <span class='ocrx_word' id='word_1_23' title='bbox 1260 631 1401 699; x_wconf 64' lang='lat' dir='ltr'><strong>vivom&lt;¹</strong></span> 
     </span>
     <span class='ocr_line' id='line_1_5' title="bbox 265 722 1402 819; baseline -0.002 -22"><span class='ocrx_word' id='word_1_24' title='bbox 265 727 410 798; x_wconf 83' lang='lat' dir='ltr'>Iohanne</span> <span class='ocrx_word' id='word_1_25' title='bbox 428 747 525 819; x_wconf 66' lang='lat' dir='ltr'><strong>papa,</strong></span> <span class='ocrx_word' id='word_1_26' title='bbox 543 722 707 796; x_wconf 87' lang='lat' dir='ltr'><strong>lohannes</strong></span> <span class='ocrx_word' id='word_1_27' title='bbox 726 747 789 794; x_wconf 85' lang='lat' dir='ltr'><strong>rex</strong></span> <span class='ocrx_word' id='word_1_28' title='bbox 798 723 956 796; x_wconf 89' lang='lat' dir='ltr'><strong>Bohemic</strong></span> <span class='ocrx_word' id='word_1_29' title='bbox 974 748 1049 795; x_wconf 89' lang='lat' dir='ltr'><strong>cum</strong></span> <span class='ocrx_word' id='word_1_30' title='bbox 1060 747 1229 798; x_wconf 89' lang='lat' dir='ltr'><strong>consensu</strong></span> <span class='ocrx_word' id='word_1_31' title='bbox 1243 727 1402 818; x_wconf 89' lang='lat' dir='ltr'><strong>principis</strong></span> 
     </span>
     <span class='ocr_line' id='line_1_6' title="bbox 264 820 1404 916; baseline -0.005 -20"><span class='ocrx_word' id='word_1_32' title='bbox 264 829 439 916; x_wconf 82' lang='lat' dir='ltr'><strong>ingressus</strong></span> <span class='ocrx_word' id='word_1_33' title='bbox 459 820 574 912; x_wconf 88' lang='lat'><strong>[1330</strong></span> <span class='ocrx_word' id='word_1_34' title='bbox 584 820 672 910; x_wconf 84' lang='lat' dir='ltr'><strong>dec]</strong></span> <span class='ocrx_word' id='word_1_35' title='bbox 692 825 726 892; x_wconf 92' lang='lat' dir='ltr'><strong>iu</strong></span> <span class='ocrx_word' id='word_1_36' title='bbox 744 822 894 912; x_wconf 61' lang='lat' dir='ltr'><strong>Ytaliam7</strong></span> <span class='ocrx_word' id='word_1_37' title='bbox 919 833 953 893; x_wconf 88' lang='lat' dir='ltr'><strong>ot</strong></span> <span class='ocrx_word' id='word_1_38' title='bbox 970 822 1024 894; x_wconf 88' lang='lat' dir='ltr'><strong>diu</strong></span> <span class='ocrx_word' id='word_1_39' title='bbox 1048 822 1125 892; x_wconf 90' lang='lat' dir='ltr'><strong>inibi</strong></span> <span class='ocrx_word' id='word_1_40' title='bbox 1148 845 1308 911; x_wconf 70' lang='lat' dir='ltr'><strong>manens,</strong></span> <span class='ocrx_word' id='word_1_41' title='bbox 1334 821 1404 891; x_wconf 89' lang='lat' dir='ltr'><strong>Lu-</strong></span> 
     </span>
     <span class='ocr_line' id='line_1_7' title="bbox 266 920 1404 1015; baseline -0.004 -21"><span class='ocrx_word' id='word_1_42' title='bbox 266 943 447 1015; x_wconf 77' lang='lat' dir='ltr'><strong>canumque</strong></span> <span class='ocrx_word' id='word_1_43' title='bbox 465 923 630 992; x_wconf 84' lang='lat' dir='ltr'><strong>oivitatem</strong></span> <span class='ocrx_word' id='word_1_44' title='bbox 647 941 707 1012; x_wconf 93' lang='lat' dir='ltr'><strong>pro</strong></span> <span class='ocrx_word' id='word_1_45' title='bbox 725 941 763 991; x_wconf 86' lang='lat' dir='ltr'><strong>se</strong></span> <span class='ocrx_word' id='word_1_46' title='bbox 781 931 912 1010; x_wconf 69' lang='lat' dir='ltr'><strong>tenens,</strong></span> <span class='ocrx_word' id='word_1_47' title='bbox 931 943 995 1014; x_wconf 87' lang='lat' dir='ltr'><strong>quo</strong></span> <span class='ocrx_word' id='word_1_48' title='bbox 1014 943 1090 991; x_wconf 86' lang='lat' dir='ltr'><strong>eum</strong></span> <span class='ocrx_word' id='word_1_49' title='bbox 1108 943 1167 1014; x_wconf 90' lang='lat' dir='ltr'><strong>pro</strong></span> <span class='ocrx_word' id='word_1_50' title='bbox 1185 920 1325 990; x_wconf 91' lang='lat' dir='ltr'><strong>domino</strong></span> <span class='ocrx_word' id='word_1_51' title='bbox 1343 943 1404 990; x_wconf 87' lang='lat' dir='ltr'><strong>re-</strong></span> 
     </span>
     <span class='ocr_line' id='line_1_8' title="bbox 266 1016 1404 1116; baseline -0.004 -24"><span class='ocrx_word' id='word_1_52' title='bbox 266 1023 362 1116; x_wconf 71' lang='lat' dir='ltr'><strong>cepit</strong></span> <span class='ocrx_word' id='word_1_53' title='bbox 387 1041 452 1091; x_wconf 92' lang='lat' dir='ltr'><strong>non</strong></span> <span class='ocrx_word' id='word_1_54' title='bbox 470 1040 563 1090; x_wconf 91' lang='lat' dir='ltr'><strong>more</strong></span> <span class='ocrx_word' id='word_1_55' title='bbox 580 1019 680 1110; x_wconf 88' lang='lat' dir='ltr'><strong>patris</strong></span> <span class='ocrx_word' id='word_1_56' title='bbox 698 1020 750 1088; x_wconf 92' lang='lat' dir='ltr'><strong>sui</strong></span> <span class='ocrx_word' id='word_1_57' title='bbox 771 1016 933 1111; x_wconf 87' lang='lat' dir='ltr'><strong>quondam</strong></span> <span class='ocrx_word' id='word_1_58' title='bbox 950 1018 1095 1089; x_wconf 84' lang='lat' dir='ltr'><strong>Heinrici</strong></span> <span class='ocrx_word' id='word_1_59' title='bbox 1111 1017 1154 1088; x_wconf 87' lang='lat' dir='ltr'><strong>de</strong></span> <span class='ocrx_word' id='word_1_60' title='bbox 1171 1017 1404 1107; x_wconf 80' lang='lat' dir='ltr'><strong>Liituelnburg</strong></span> 
     </span>
     <span class='ocr_line' id='line_1_9' title="bbox 265 1113 1406 1212; baseline -0.004 -23"><span class='ocrx_word' id='word_1_61' title='bbox 265 1119 471 1212; x_wconf 89' lang='lat' dir='ltr'><strong>imperatoris</strong></span> <span class='ocrx_word' id='word_1_62' title='bbox 490 1118 630 1209; x_wconf 64' lang='lat' dir='ltr'><strong>septimi7</strong></span> <span class='ocrx_word' id='word_1_63' title='bbox 649 1118 702 1209; x_wconf 90' lang='lat' dir='ltr'><strong>qui</strong></span> <span class='ocrx_word' id='word_1_64' title='bbox 719 1113 795 1184; x_wconf 87' lang='lat' dir='ltr'><strong>inibi</strong></span> <span class='ocrx_word' id='word_1_65' title='bbox 812 1115 951 1186; x_wconf 84' lang='lat' dir='ltr'><strong>viriliter</strong></span> <span class='ocrx_word' id='word_1_66' title='bbox 968 1137 1006 1188; x_wconf 88' lang='lat' dir='ltr'><strong>se</strong></span> <span class='ocrx_word' id='word_1_67' title='bbox 1024 1119 1138 1205; x_wconf 69' lang='lat' dir='ltr'><strong>tenuit,</strong></span> <span class='ocrx_word' id='word_1_68' title='bbox 1157 1127 1191 1188; x_wconf 88' lang='lat' dir='ltr'><strong>et</strong></span> <span class='ocrx_word' id='word_1_69' title='bbox 1208 1125 1406 1188; x_wconf 82' lang='lat' dir='ltr'><strong>constanter</strong></span> 
     </span>
     <span class='ocr_line' id='line_1_10' title="bbox 267 1211 1406 1308; baseline -0.004 -20"><span class='ocrx_word' id='word_1_70' title='bbox 267 1219 361 1288; x_wconf 89' lang='lat' dir='ltr'><strong>van&#39;c</strong></span> <span class='ocrx_word' id='word_1_71' title='bbox 380 1237 417 1287; x_wconf 89' lang='lat' dir='ltr'><strong>se</strong></span> <span class='ocrx_word' id='word_1_72' title='bbox 436 1225 567 1304; x_wconf 63' lang='lat' dir='ltr'><strong>tenens,</strong></span> <span class='ocrx_word' id='word_1_73' title='bbox 591 1235 632 1283; x_wconf 82' lang='lat' dir='ltr'><strong>oc</strong></span> <span class='ocrx_word' id='word_1_74' title='bbox 649 1234 687 1284; x_wconf 88' lang='lat' dir='ltr'><strong>se</strong></span> <span class='ocrx_word' id='word_1_75' title='bbox 705 1235 936 1286; x_wconf 79' lang='lat' dir='ltr'><strong>successorem</strong></span> <span class='ocrx_word' id='word_1_76' title='bbox 957 1216 1162 1308; x_wconf 82' lang='lat' dir='ltr'><strong>imperatoris</strong></span> <span class='ocrx_word' id='word_1_77' title='bbox 1182 1225 1216 1286; x_wconf 88' lang='lat' dir='ltr'><strong>et</strong></span> <span class='ocrx_word' id='word_1_78' title='bbox 1240 1211 1406 1308; x_wconf 82' lang='lat' dir='ltr'><strong>pacificu-</strong></span> 
     </span>
     <span class='ocr_line' id='line_1_11' title="bbox 179 1308 1403 1406; baseline -0.004 -22"><span class='ocrx_word' id='word_1_79' title='bbox 179 1385 183 1392; x_wconf 79' lang='grc'>,</span> <span class='ocrx_word' id='word_1_80' title='bbox 266 1324 371 1384; x_wconf 87' lang='lat' dir='ltr'><strong>torem</strong></span> <span class='ocrx_word' id='word_1_81' title='bbox 383 1312 487 1382; x_wconf 76' lang='lat' dir='ltr'><strong>italie</strong></span> <span class='ocrx_word' id='word_1_82' title='bbox 505 1308 667 1398; x_wconf 66' lang='lat' dir='ltr'><strong>scribens,</strong></span> <span class='ocrx_word' id='word_1_83' title='bbox 686 1333 771 1404; x_wconf 86' lang='lat' dir='ltr'><strong>papo</strong></span> <span class='ocrx_word' id='word_1_84' title='bbox 789 1314 1017 1405; x_wconf 84' lang='lat' dir='ltr'><strong>ctimpcratori</strong></span> <span class='ocrx_word' id='word_1_85' title='bbox 1029 1313 1240 1406; x_wconf 80' lang='lat' dir='ltr'><strong>complacere</strong></span> <span class='ocrx_word' id='word_1_86' title='bbox 1252 1315 1403 1404; x_wconf 85' lang='lat' dir='ltr'><strong>cupiens.</strong></span> 
     </span>
     <span class='ocr_line' id='line_1_12' title="bbox 268 1407 1405 1503; baseline 0 -23"><span class='ocrx_word' id='word_1_87' title='bbox 268 1422 302 1480; x_wconf 90' lang='lat' dir='ltr'><strong>et</strong></span> <span class='ocrx_word' id='word_1_88' title='bbox 318 1408 475 1480; x_wconf 85' lang='lat' dir='ltr'><strong>ambobus</strong></span> <span class='ocrx_word' id='word_1_89' title='bbox 494 1409 684 1503; x_wconf 62' lang='lat' dir='ltr'><strong>displicens,</strong></span> <span class='ocrx_word' id='word_1_90' title='bbox 701 1407 844 1500; x_wconf 83' lang='lat' dir='ltr'><strong>obligata</strong></span> <span class='ocrx_word' id='word_1_91' title='bbox 856 1409 943 1479; x_wconf 83' lang='lat' dir='ltr'><strong>Luca</strong></span> <span class='ocrx_word' id='word_1_92' title='bbox 962 1433 1035 1480; x_wconf 93' lang='lat' dir='ltr'><strong>cum</strong></span> <span class='ocrx_word' id='word_1_93' title='bbox 1053 1409 1257 1480; x_wconf 86' lang='lat' dir='ltr'><strong>verecundia</strong></span> <span class='ocrx_word' id='word_1_94' title='bbox 1277 1419 1334 1480; x_wconf 86' lang='lat' dir='ltr'><strong>est</strong></span> <span class='ocrx_word' id='word_1_95' title='bbox 1345 1431 1405 1480; x_wconf 85' lang='lat' dir='ltr'><strong>re-</strong></span> 
     </span>
     <span class='ocr_line' id='line_1_13' title="bbox 268 1504 1403 1601; baseline -0.005 -21"><span class='ocrx_word' id='word_1_96' title='bbox 268 1530 403 1598; x_wconf 62' lang='lat' dir='ltr'><strong>versus„</strong></span> <span class='ocrx_word' id='word_1_97' title='bbox 427 1506 515 1578; x_wconf 87' lang='lat' dir='ltr'><strong>nulla</strong></span> <span class='ocrx_word' id='word_1_98' title='bbox 540 1504 600 1580; x_wconf 88' lang='lat' dir='ltr'><strong>sibi</strong></span> <span class='ocrx_word' id='word_1_99' title='bbox 618 1507 675 1577; x_wconf 87' lang='lat' dir='ltr'><strong>vel</strong></span> <span class='ocrx_word' id='word_1_100' title='bbox 697 1509 833 1601; x_wconf 81' lang='lat' dir='ltr'><strong>principi</strong></span> <span class='ocrx_word' id='word_1_101' title='bbox 855 1510 889 1578; x_wconf 92' lang='lat' dir='ltr'><strong>in</strong></span> <span class='ocrx_word' id='word_1_102' title='bbox 907 1507 1011 1578; x_wconf 87' lang='lat' dir='ltr'><strong>Ytalia</strong></span> <span class='ocrx_word' id='word_1_103' title='bbox 1034 1518 1128 1601; x_wconf 87' lang='lat' dir='ltr'><strong>porte</strong></span> <span class='ocrx_word' id='word_1_104' title='bbox 1152 1509 1278 1578; x_wconf 86' lang='lat' dir='ltr'><strong>relicta.</strong></span> <span class='ocrx_word' id='word_1_105' title='bbox 1325 1506 1403 1576; x_wconf 83' lang='lat' dir='ltr'><strong>Emi</strong></span> 
     </span>
     <span class='ocr_line' id='line_1_14' title="bbox 268 1601 1405 1700; baseline -0.002 -24"><span class='ocrx_word' id='word_1_106' title='bbox 268 1616 378 1676; x_wconf 90' lang='lat' dir='ltr'><strong>autem</strong></span> <span class='ocrx_word' id='word_1_107' title='bbox 405 1607 438 1675; x_wconf 91' lang='lat' dir='ltr'><strong>in</strong></span> <span class='ocrx_word' id='word_1_108' title='bbox 466 1601 579 1676; x_wconf 85' lang='lat' dir='ltr'><strong>dicbus</strong></span> <span class='ocrx_word' id='word_1_109' title='bbox 604 1604 666 1675; x_wconf 88' lang='lat' dir='ltr'><strong>illis</strong></span> <span class='ocrx_word' id='word_1_110' title='bbox 691 1602 840 1675; x_wconf 82' lang='lat' dir='ltr'><strong>Bononio</strong></span> <span class='ocrx_word' id='word_1_111' title='bbox 865 1607 997 1695; x_wconf 84' lang='lat' dir='ltr'><strong>legatus</strong></span> <span class='ocrx_word' id='word_1_112' title='bbox 1020 1627 1106 1700; x_wconf 87' lang='lat' dir='ltr'><strong>pape</strong></span> <span class='ocrx_word' id='word_1_113' title='bbox 1129 1605 1341 1676; x_wconf 85' lang='lat' dir='ltr'><strong>Bertrandus</strong></span> <span class='ocrx_word' id='word_1_114' title='bbox 1366 1603 1405 1674; x_wconf 87' lang='lat' dir='ltr'><strong>de</strong></span> 
     </span>
     <span class='ocr_line' id='line_1_15' title="bbox 268 1703 1404 1796; baseline -0.004 -21"><span class='ocrx_word' id='word_1_115' title='bbox 268 1706 407 1795; x_wconf 63' lang='lat' dir='ltr'><strong>Pogeto„</strong></span> <span class='ocrx_word' id='word_1_116' title='bbox 418 1703 604 1774; x_wconf 90' lang='lat' dir='ltr'><strong>Hostiensis</strong></span> <span class='ocrx_word' id='word_1_117' title='bbox 623 1705 811 1796; x_wconf 60' lang='lat' dir='ltr'><strong>episcopua</strong></span> <span class='ocrx_word' id='word_1_118' title='bbox 829 1703 1004 1776; x_wconf 90' lang='lat' dir='ltr'><strong>dominium</strong></span> <span class='ocrx_word' id='word_1_119' title='bbox 1019 1706 1158 1775; x_wconf 87' lang='lat' dir='ltr'><strong>civitatis</strong></span> <span class='ocrx_word' id='word_1_120' title='bbox 1174 1703 1260 1772; x_wconf 89' lang='lat' dir='ltr'><strong>dure</strong></span> <span class='ocrx_word' id='word_1_121' title='bbox 1271 1714 1404 1789; x_wconf 63' lang='lat' dir='ltr'><strong>tenena</strong></span> 
     </span>
     <span class='ocr_line' id='line_1_16' title="bbox 269 1799 1406 1888; baseline 0 -15"><span class='ocrx_word' id='word_1_122' title='bbox 269 1801 445 1873; x_wconf 87' lang='lat' dir='ltr'><strong>crudeliter</strong></span> <span class='ocrx_word' id='word_1_123' title='bbox 468 1800 575 1872; x_wconf 90' lang='lat' dir='ltr'><strong>multis</strong></span> <span class='ocrx_word' id='word_1_124' title='bbox 599 1802 726 1874; x_wconf 89' lang='lat' dir='ltr'><strong>occisis.</strong></span> <span class='ocrx_word' id='word_1_125' title='bbox 778 1801 840 1888; x_wconf 82' lang='lat' dir='ltr'><strong>Qui</strong></span> <span class='ocrx_word' id='word_1_126' title='bbox 857 1799 1038 1871; x_wconf 81' lang='lat' dir='ltr'><strong>Bononiam</strong></span> <span class='ocrx_word' id='word_1_127' title='bbox 1062 1823 1156 1872; x_wconf 91' lang='lat' dir='ltr'><strong>muro</strong></span> <span class='ocrx_word' id='word_1_128' title='bbox 1180 1799 1406 1873; x_wconf 72' lang='lat' dir='ltr'><strong>circumdans.</strong></span> 
     </span>
     <span class='ocr_line' id='line_1_17' title="bbox 270 1897 1403 1992; baseline -0.004 -23"><span class='ocrx_word' id='word_1_129' title='bbox 270 1909 304 1969; x_wconf 85' lang='lat' dir='ltr'><strong>ct</strong></span> <span class='ocrx_word' id='word_1_130' title='bbox 324 1897 384 1970; x_wconf 88' lang='lat' dir='ltr'><strong>sibi</strong></span> <span class='ocrx_word' id='word_1_131' title='bbox 407 1899 618 1971; x_wconf 82' lang='lat' dir='ltr'><strong>fortissimum</strong></span> <span class='ocrx_word' id='word_1_132' title='bbox 636 1907 779 1969; x_wconf 79' lang='lat' dir='ltr'><strong>castrum</strong></span> <span class='ocrx_word' id='word_1_133' title='bbox 797 1897 872 1969; x_wconf 92' lang='lat' dir='ltr'><strong>inibi</strong></span> <span class='ocrx_word' id='word_1_134' title='bbox 890 1908 1100 1987; x_wconf 67' lang='lat' dir='ltr'><strong>construens,</strong></span> <span class='ocrx_word' id='word_1_135' title='bbox 1124 1899 1294 1992; x_wconf 83' lang='lat' dir='ltr'><strong>multaque</strong></span> <span class='ocrx_word' id='word_1_136' title='bbox 1320 1898 1403 1968; x_wconf 84' lang='lat' dir='ltr'><strong>maia</strong></span> 
     </span>
     <span class='ocr_line' id='line_1_18' title="bbox 269 1994 1405 2092; baseline -0.002 -26"><span class='ocrx_word' id='word_1_137' title='bbox 269 2018 449 2092; x_wconf 60' lang='lat' dir='ltr'><strong>peragens„</strong></span> <span class='ocrx_word' id='word_1_138' title='bbox 475 1999 525 2066; x_wconf 90' lang='lat' dir='ltr'><strong>cui</strong></span> <span class='ocrx_word' id='word_1_139' title='bbox 544 1999 693 2089; x_wconf 87' lang='lat' dir='ltr'><strong>quamvis</strong></span> <span class='ocrx_word' id='word_1_140' title='bbox 712 1994 923 2067; x_wconf 87' lang='lat' dir='ltr'><strong>Guelfissimo</strong></span> <span class='ocrx_word' id='word_1_141' title='bbox 947 2000 1019 2088; x_wconf 91' lang='lat' dir='ltr'><strong>ipsc</strong></span> <span class='ocrx_word' id='word_1_142' title='bbox 1036 2019 1099 2067; x_wconf 86' lang='lat' dir='ltr'><strong>rex</strong></span> <span class='ocrx_word' id='word_1_143' title='bbox 1115 1994 1280 2067; x_wconf 87' lang='lat' dir='ltr'><strong>Bohcmic</strong></span> <span class='ocrx_word' id='word_1_144' title='bbox 1304 1997 1405 2066; x_wconf 89' lang='lat' dir='ltr'><strong>iami-</strong></span> 
     </span>
     <span class='ocr_line' id='line_1_19' title="bbox 269 2091 1405 2187; baseline -0.001 -22"><span class='ocrx_word' id='word_1_145' title='bbox 269 2096 358 2166; x_wconf 89' lang='lat' dir='ltr'><strong>lioris</strong></span> <span class='ocrx_word' id='word_1_146' title='bbox 376 2097 492 2182; x_wconf 69' lang='lat' dir='ltr'><strong>extitit,</strong></span> <span class='ocrx_word' id='word_1_147' title='bbox 510 2091 641 2163; x_wconf 83' lang='lat' dir='ltr'><strong>tandem</strong></span> <span class='ocrx_word' id='word_1_148' title='bbox 659 2115 720 2186; x_wconf 88' lang='lat' dir='ltr'><strong>por</strong></span> <span class='ocrx_word' id='word_1_149' title='bbox 735 2115 901 2164; x_wconf 87' lang='lat' dir='ltr'><strong>rumorem</strong></span> <span class='ocrx_word' id='word_1_150' title='bbox 919 2095 1041 2187; x_wconf 66' lang='lat' dir='ltr'><strong>populi,</strong></span> <span class='ocrx_word' id='word_1_151' title='bbox 1059 2097 1147 2166; x_wconf 88' lang='lat' dir='ltr'><strong>victo</strong></span> <span class='ocrx_word' id='word_1_152' title='bbox 1163 2105 1308 2187; x_wconf 85' lang='lat' dir='ltr'><strong>repente</strong></span> <span class='ocrx_word' id='word_1_153' title='bbox 1326 2115 1405 2164; x_wconf 85' lang='lat' dir='ltr'><strong>eas-</strong></span> 
     </span>
     <span class='ocr_line' id='line_1_20' title="bbox 268 2189 1358 2284; baseline 0 -22"><span class='ocrx_word' id='word_1_154' title='bbox 268 2203 318 2263; x_wconf 85' lang='lat' dir='ltr'><strong>iro</strong></span> <span class='ocrx_word' id='word_1_155' title='bbox 336 2203 370 2264; x_wconf 87' lang='lat' dir='ltr'><strong>et</strong></span> <span class='ocrx_word' id='word_1_156' title='bbox 386 2191 528 2262; x_wconf 83' lang='lat' dir='ltr'><strong>funditus</strong></span> <span class='ocrx_word' id='word_1_157' title='bbox 546 2189 711 2280; x_wconf 58' lang='lat' dir='ltr'><strong>demolito„</strong></span> <span class='ocrx_word' id='word_1_158' title='bbox 730 2196 865 2284; x_wconf 78' lang='lat' dir='ltr'><strong>turpiter</strong></span> <span class='ocrx_word' id='word_1_159' title='bbox 881 2201 934 2262; x_wconf 90' lang='lat' dir='ltr'><strong>est</strong></span> <span class='ocrx_word' id='word_1_160' title='bbox 949 2190 1082 2282; x_wconf 83' lang='lat' dir='ltr'><strong>fugatus</strong></span> <span class='ocrx_word' id='word_1_161' title='bbox 1104 2190 1358 2283; x_wconf 79' lang='lat' dir='ltr'><strong>[1334mu1-z1.</strong></span> 
     </span>
    </p>
   </div>
   <div class='ocr_carea' id='block_1_4' title="bbox 268 2304 1412 3768">
    <p class='ocr_par' dir='ltr' id='par_1_4' title="bbox 268 2304 1412 3768">
     <span class='ocr_line' id='line_1_21' title="bbox 316 2304 1404 2401; baseline -0.003 -23"><span class='ocrx_word' id='word_1_162' title='bbox 316 2307 436 2378; x_wconf 85' lang='lat' dir='ltr'><strong>Habuit</strong></span> <span class='ocrx_word' id='word_1_163' title='bbox 452 2315 561 2378; x_wconf 82' lang='lat' dir='ltr'><strong>aurtem</strong></span> <span class='ocrx_word' id='word_1_164' title='bbox 578 2310 651 2398; x_wconf 89' lang='lat' dir='ltr'><strong>ipse</strong></span> <span class='ocrx_word' id='word_1_165' title='bbox 668 2329 729 2378; x_wconf 87' lang='lat' dir='ltr'><strong>rex</strong></span> <span class='ocrx_word' id='word_1_166' title='bbox 745 2304 903 2378; x_wconf 88' lang='lat' dir='ltr'><strong>Bohomie</strong></span> <span class='ocrx_word' id='word_1_167' title='bbox 921 2306 1004 2377; x_wconf 88' lang='lat' dir='ltr'><strong>duos</strong></span> <span class='ocrx_word' id='word_1_168' title='bbox 1021 2306 1118 2396; x_wconf 51' lang='lat' dir='ltr'><strong>iiiiosq</strong></span> <span class='ocrx_word' id='word_1_169' title='bbox 1137 2329 1280 2401; x_wconf 85' lang='lat' dir='ltr'><strong>quorum</strong></span> <span class='ocrx_word' id='word_1_170' title='bbox 1300 2309 1404 2376; x_wconf 91' lang='lat' dir='ltr'><strong>maior</strong></span> 
     </span>
     <span class='ocr_line' id='line_1_22' title="bbox 268 2403 1406 2499; baseline -0.002 -21"><span class='ocrx_word' id='word_1_171' title='bbox 268 2407 410 2478; x_wconf 84' lang='lat' dir='ltr'><strong>Karolus</strong></span> <span class='ocrx_word' id='word_1_172' title='bbox 429 2408 573 2492; x_wconf 57' lang='lat' dir='ltr'><strong>nominc„</strong></span> <span class='ocrx_word' id='word_1_173' title='bbox 592 2407 645 2499; x_wconf 85' lang='lat' dir='ltr'><strong>qui</strong></span> <span class='ocrx_word' id='word_1_174' title='bbox 663 2404 807 2475; x_wconf 90' lang='lat' dir='ltr'><strong>marchio</strong></span> <span class='ocrx_word' id='word_1_175' title='bbox 818 2403 981 2475; x_wconf 86' lang='lat' dir='ltr'><strong>Morawie</strong></span> <span class='ocrx_word' id='word_1_176' title='bbox 998 2409 1196 2494; x_wconf 66' lang='lat' dir='ltr'><strong>nominatur7</strong></span> <span class='ocrx_word' id='word_1_177' title='bbox 1215 2403 1334 2475; x_wconf 85' lang='lat' dir='ltr'><strong>habuit</strong></span> <span class='ocrx_word' id='word_1_178' title='bbox 1345 2427 1406 2476; x_wconf 89' lang='lat' dir='ltr'><strong>so-</strong></span> 
     </span>
     <span class='ocr_line' id='line_1_23' title="bbox 268 2499 1407 2596; baseline -0.006 -19"><span class='ocrx_word' id='word_1_179' title='bbox 268 2527 378 2577; x_wconf 86' lang='lat' dir='ltr'><strong>rorem</strong></span> <span class='ocrx_word' id='word_1_180' title='bbox 395 2502 530 2596; x_wconf 90' lang='lat' dir='ltr'><strong>Philippi</strong></span> <span class='ocrx_word' id='word_1_181' title='bbox 547 2506 638 2593; x_wconf 76' lang='lat' dir='ltr'><strong>regis</strong></span> <span class='ocrx_word' id='word_1_182' title='bbox 657 2501 796 2574; x_wconf 87' lang='lat' dir='ltr'><strong>Franoie</strong></span> <span class='ocrx_word' id='word_1_183' title='bbox 812 2505 846 2572; x_wconf 92' lang='lat' dir='ltr'><strong>in</strong></span> <span class='ocrx_word' id='word_1_184' title='bbox 863 2524 1012 2573; x_wconf 83' lang='lat' dir='ltr'><strong>uxorem.</strong></span> <span class='ocrx_word' id='word_1_185' title='bbox 1057 2501 1166 2574; x_wconf 88' lang='lat' dir='ltr'><strong>Minor</strong></span> <span class='ocrx_word' id='word_1_186' title='bbox 1183 2524 1271 2573; x_wconf 88' lang='lat' dir='ltr'><strong>vero</strong></span> <span class='ocrx_word' id='word_1_187' title='bbox 1297 2499 1407 2572; x_wconf 82' lang='lat' dir='ltr'><strong>babuit</strong></span> 
     </span>
     <span class='ocr_line' id='line_1_24' title="bbox 269 2596 1407 2694; baseline -0.003 -21"><span class='ocrx_word' id='word_1_188' title='bbox 269 2603 368 2673; x_wconf 83' lang='lat' dir='ltr'><strong>filiam</strong></span> <span class='ocrx_word' id='word_1_189' title='bbox 386 2601 477 2671; x_wconf 88' lang='lat' dir='ltr'><strong>ducis</strong></span> <span class='ocrx_word' id='word_1_190' title='bbox 494 2598 671 2670; x_wconf 85' lang='lat' dir='ltr'><strong>Karinthie.</strong></span> <span class='ocrx_word' id='word_1_191' title='bbox 715 2596 834 2670; x_wconf 86' lang='lat' dir='ltr'><strong>Habuit</strong></span> <span class='ocrx_word' id='word_1_192' title='bbox 855 2610 888 2670; x_wconf 92' lang='lat' dir='ltr'><strong>ct</strong></span> <span class='ocrx_word' id='word_1_193' title='bbox 911 2599 993 2670; x_wconf 89' lang='lat' dir='ltr'><strong>duas</strong></span> <span class='ocrx_word' id='word_1_194' title='bbox 1019 2599 1116 2690; x_wconf 62' lang='lat' dir='ltr'><strong>filias,</strong></span> <span class='ocrx_word' id='word_1_195' title='bbox 1141 2621 1282 2694; x_wconf 79' lang='lat' dir='ltr'><strong>quiarurn</strong></span> <span class='ocrx_word' id='word_1_196' title='bbox 1308 2621 1407 2671; x_wconf 89' lang='lat' dir='ltr'><strong>unam</strong></span> 
     </span>
     <span class='ocr_line' id='line_1_25' title="bbox 270 2695 1408 2792; baseline -0.004 -21"><span class='ocrx_word' id='word_1_197' title='bbox 270 2697 380 2771; x_wconf 85' lang='lat' dir='ltr'><strong>habuit</strong></span> <span class='ocrx_word' id='word_1_198' title='bbox 403 2697 567 2770; x_wconf 86' lang='lat' dir='ltr'><strong>Iohannes</strong></span> <span class='ocrx_word' id='word_1_199' title='bbox 602 2700 838 2790; x_wconf 83' lang='lat' dir='ltr'><strong>primogenitus</strong></span> <span class='ocrx_word' id='word_1_200' title='bbox 869 2701 971 2792; x_wconf 90' lang='lat' dir='ltr'><strong>ipsius</strong></span> <span class='ocrx_word' id='word_1_201' title='bbox 997 2695 1089 2789; x_wconf 84' lang='lat' dir='ltr'><strong>regis</strong></span> <span class='ocrx_word' id='word_1_202' title='bbox 1119 2696 1282 2784; x_wconf 74' lang='lat' dir='ltr'><strong>Fbancie3</strong></span> <span class='ocrx_word' id='word_1_203' title='bbox 1311 2698 1408 2770; x_wconf 88' lang='lat' dir='ltr'><strong>aliam</strong></span> 
     </span>
     <span class='ocr_line' id='line_1_26' title="bbox 270 2794 1408 2888; baseline -0.004 -20"><span class='ocrx_word' id='word_1_204' title='bbox 270 2797 445 2868; x_wconf 85' lang='lat' dir='ltr'><strong>Heinrious</strong></span> <span class='ocrx_word' id='word_1_205' title='bbox 475 2795 543 2866; x_wconf 81' lang='lat' dir='ltr'><strong>dux</strong></span> <span class='ocrx_word' id='word_1_206' title='bbox 568 2794 733 2866; x_wconf 86' lang='lat' dir='ltr'><strong>Bawaric.</strong></span> <span class='ocrx_word' id='word_1_207' title='bbox 785 2794 829 2866; x_wconf 89' lang='lat' dir='ltr'><strong>Et</strong></span> <span class='ocrx_word' id='word_1_208' title='bbox 856 2817 936 2867; x_wconf 88' lang='lat' dir='ltr'><strong>ecce</strong></span> <span class='ocrx_word' id='word_1_209' title='bbox 966 2807 1094 2888; x_wconf 83' lang='lat' dir='ltr'><strong>mortuo</strong></span> <span class='ocrx_word' id='word_1_210' title='bbox 1122 2794 1206 2866; x_wconf 85' lang='lat' dir='ltr'><strong>duce</strong></span> <span class='ocrx_word' id='word_1_211' title='bbox 1235 2795 1408 2866; x_wconf 85' lang='lat' dir='ltr'><strong>Korintbr&#39;e</strong></span> 
     </span>
     <span class='ocr_line' id='line_1_27' title="bbox 273 2883 1409 2986; baseline 0 -22"><span class='ocrx_word' id='word_1_212' title='bbox 273 2891 317 2985; x_wconf 68' lang='lat' dir='ltr'><strong>[i</strong></span> <span class='ocrx_word' id='word_1_213' title='bbox 331 2891 424 2964; x_wconf 85' lang='lat'><strong>1335</strong></span> <span class='ocrx_word' id='word_1_214' title='bbox 443 2915 511 2986; x_wconf 89' lang='lat' dir='ltr'><strong>apr.</strong></span> <span class='ocrx_word' id='word_1_215' title='bbox 524 2892 563 2981; x_wconf 81' lang='lat'><strong>2]</strong></span> <span class='ocrx_word' id='word_1_216' title='bbox 594 2883 666 2964; x_wconf 87' lang='lat' dir='ltr'><strong>sinc</strong></span> <span class='ocrx_word' id='word_1_217' title='bbox 689 2892 773 2982; x_wconf 69' lang='lat' dir='ltr'><strong>nnc,</strong></span> <span class='ocrx_word' id='word_1_218' title='bbox 802 2892 873 2964; x_wconf 87' lang='lat' dir='ltr'><strong>sola</strong></span> <span class='ocrx_word' id='word_1_219' title='bbox 896 2895 999 2986; x_wconf 89' lang='lat' dir='ltr'><strong>ipsius</strong></span> <span class='ocrx_word' id='word_1_220' title='bbox 1022 2896 1116 2985; x_wconf 85' lang='lat' dir='ltr'><strong>regis</strong></span> <span class='ocrx_word' id='word_1_221' title='bbox 1138 2891 1301 2964; x_wconf 88' lang='lat' dir='ltr'><strong>Bohcmie</strong></span> <span class='ocrx_word' id='word_1_222' title='bbox 1325 2915 1409 2964; x_wconf 91' lang='lat' dir='ltr'><strong>nuru</strong></span> 
     </span>
     <span class='ocr_line' id='line_1_28' title="bbox 271 2989 1410 3085; baseline -0.002 -23"><span class='ocrx_word' id='word_1_223' title='bbox 271 2992 411 3081; x_wconf 61' lang='lat' dir='ltr'><strong>relicta,¹</strong></span> <span class='ocrx_word' id='word_1_224' title='bbox 426 3013 500 3061; x_wconf 92' lang='lat' dir='ltr'><strong>oum</strong></span> <span class='ocrx_word' id='word_1_225' title='bbox 511 2993 656 3083; x_wconf 88' lang='lat' dir='ltr'><strong>ipscrex</strong></span> <span class='ocrx_word' id='word_1_226' title='bbox 667 2993 740 3062; x_wconf 88' lang='lat' dir='ltr'><strong>sinc</strong></span> <span class='ocrx_word' id='word_1_227' title='bbox 756 2993 845 3061; x_wconf 92' lang='lat' dir='ltr'><strong>omni</strong></span> <span class='ocrx_word' id='word_1_228' title='bbox 862 2989 956 3082; x_wconf 86' lang='lat' dir='ltr'><strong>briga</strong></span> <span class='ocrx_word' id='word_1_229' title='bbox 975 2990 1127 3062; x_wconf 86' lang='lat' dir='ltr'><strong>crederet</strong></span> <span class='ocrx_word' id='word_1_230' title='bbox 1143 2993 1177 3061; x_wconf 91' lang='lat' dir='ltr'><strong>in</strong></span> <span class='ocrx_word' id='word_1_231' title='bbox 1194 2994 1269 3085; x_wconf 92' lang='lat' dir='ltr'><strong>ipso</strong></span> <span class='ocrx_word' id='word_1_232' title='bbox 1288 2989 1410 3062; x_wconf 88' lang='lat' dir='ltr'><strong>ducatu</strong></span> 
     </span>
     <span class='ocr_line' id='line_1_29' title="bbox 273 3085 1410 3183; baseline -0.003 -22"><span class='ocrx_word' id='word_1_233' title='bbox 273 3091 373 3162; x_wconf 81' lang='lat' dir='ltr'><strong>filium</strong></span> <span class='ocrx_word' id='word_1_234' title='bbox 392 3109 637 3176; x_wconf 47' lang='lat' dir='ltr'><strong>successurumq</strong></span> <span class='ocrx_word' id='word_1_235' title='bbox 661 3091 813 3182; x_wconf 87' lang='lat' dir='ltr'><strong>princeps</strong></span> <span class='ocrx_word' id='word_1_236' title='bbox 838 3085 880 3158; x_wconf 91' lang='lat' dir='ltr'><strong>dc</strong></span> <span class='ocrx_word' id='word_1_237' title='bbox 904 3090 976 3183; x_wconf 88' lang='lat' dir='ltr'><strong>ipso</strong></span> <span class='ocrx_word' id='word_1_238' title='bbox 998 3087 1117 3160; x_wconf 90' lang='lat' dir='ltr'><strong>ducatu</strong></span> <span class='ocrx_word' id='word_1_239' title='bbox 1134 3087 1238 3160; x_wconf 85' lang='lat' dir='ltr'><strong>duces</strong></span> <span class='ocrx_word' id='word_1_240' title='bbox 1256 3087 1410 3171; x_wconf 69' lang='lat' dir='ltr'><strong>Austric,</strong></span> 
     </span>
     <span class='ocr_line' id='line_1_30' title="bbox 272 3185 1409 3280; baseline -0.004 -20"><span class='ocrx_word' id='word_1_241' title='bbox 272 3189 356 3260; x_wconf 83' lang='lat' dir='ltr'><strong>filios</strong></span> <span class='ocrx_word' id='word_1_242' title='bbox 381 3189 504 3259; x_wconf 90' lang='lat' dir='ltr'><strong>sororis</strong></span> <span class='ocrx_word' id='word_1_243' title='bbox 530 3189 631 3280; x_wconf 87' lang='lat' dir='ltr'><strong>ipsius</strong></span> <span class='ocrx_word' id='word_1_244' title='bbox 650 3185 813 3278; x_wconf 87' lang='lat' dir='ltr'><strong>quondam</strong></span> <span class='ocrx_word' id='word_1_245' title='bbox 831 3185 936 3277; x_wconf 60' lang='lat' dir='ltr'><strong>duciS,</strong></span> <span class='ocrx_word' id='word_1_246' title='bbox 959 3185 1044 3257; x_wconf 89' lang='lat' dir='ltr'><strong>illico</strong></span> <span class='ocrx_word' id='word_1_247' title='bbox 1062 3187 1234 3258; x_wconf 87' lang='lat' dir='ltr'><strong>investivit</strong></span> <span class='ocrx_word' id='word_1_248' title='bbox 1254 3189 1338 3276; x_wconf 89' lang='lat' dir='ltr'><strong>[mai</strong></span> <span class='ocrx_word' id='word_1_249' title='bbox 1358 3187 1409 3276; x_wconf 80' lang='lat'><strong>21.</strong></span> 
     </span>
     <span class='ocr_line' id='line_1_31' title="bbox 272 3283 1411 3378; baseline -0.005 -20"><span class='ocrx_word' id='word_1_250' title='bbox 272 3286 354 3358; x_wconf 88' lang='lat' dir='ltr'><strong>Filio</strong></span> <span class='ocrx_word' id='word_1_251' title='bbox 373 3295 481 3356; x_wconf 85' lang='lat' dir='ltr'><strong>autem</strong></span> <span class='ocrx_word' id='word_1_252' title='bbox 505 3287 596 3375; x_wconf 85' lang='lat' dir='ltr'><strong>regis</strong></span> <span class='ocrx_word' id='word_1_253' title='bbox 615 3287 786 3354; x_wconf 88' lang='lat' dir='ltr'><strong>comitatus</strong></span> <span class='ocrx_word' id='word_1_254' title='bbox 804 3283 934 3376; x_wconf 57' lang='lat' dir='ltr'><strong>haulis</strong></span> <span class='ocrx_word' id='word_1_255' title='bbox 958 3286 1126 3356; x_wconf 86' lang='lat' dir='ltr'><strong>remansit.</strong></span> <span class='ocrx_word' id='word_1_256' title='bbox 1168 3283 1223 3354; x_wconf 86' lang='lat' dir='ltr'><strong>Ex</strong></span> <span class='ocrx_word' id='word_1_257' title='bbox 1248 3307 1314 3377; x_wconf 87' lang='lat' dir='ltr'><strong>quo</strong></span> <span class='ocrx_word' id='word_1_258' title='bbox 1339 3288 1411 3378; x_wconf 85' lang='lat' dir='ltr'><strong>ipse</strong></span> 
     </span>
     <span class='ocr_line' id='line_1_32' title="bbox 273 3379 1412 3476; baseline 0.001 -24"><span class='ocrx_word' id='word_1_259' title='bbox 273 3405 336 3453; x_wconf 85' lang='lat' dir='ltr'><strong>rex</strong></span> <span class='ocrx_word' id='word_1_260' title='bbox 354 3393 465 3453; x_wconf 89' lang='lat' dir='ltr'><strong>eontra</strong></span> <span class='ocrx_word' id='word_1_261' title='bbox 483 3385 662 3475; x_wconf 88' lang='lat' dir='ltr'><strong>principem</strong></span> <span class='ocrx_word' id='word_1_262' title='bbox 681 3379 876 3453; x_wconf 86' lang='lat' dir='ltr'><strong>movebatur</strong></span> <span class='ocrx_word' id='word_1_263' title='bbox 892 3381 966 3452; x_wconf 91' lang='lat' dir='ltr'><strong>odio</strong></span> <span class='ocrx_word' id='word_1_264' title='bbox 985 3382 1125 3476; x_wconf 65' lang='lat' dir='ltr'><strong>capitali,</strong></span> <span class='ocrx_word' id='word_1_265' title='bbox 1149 3385 1336 3453; x_wconf 88' lang='lat' dir='ltr'><strong>iuramento</strong></span> <span class='ocrx_word' id='word_1_266' title='bbox 1356 3382 1412 3453; x_wconf 87' lang='lat' dir='ltr'><strong>ai-</strong></span> 
     </span>
     <span class='ocr_line' id='line_1_33' title="bbox 274 3477 1411 3574; baseline -0.001 -23"><span class='ocrx_word' id='word_1_267' title='bbox 274 3480 409 3552; x_wconf 86' lang='lat' dir='ltr'><strong>irrmuns</strong></span> <span class='ocrx_word' id='word_1_268' title='bbox 433 3477 573 3572; x_wconf 65' lang='lat' dir='ltr'><strong>publica</strong></span> <span class='ocrx_word' id='word_1_269' title='bbox 606 3501 644 3550; x_wconf 87' lang='lat' dir='ltr'><strong>so</strong></span> <span class='ocrx_word' id='word_1_270' title='bbox 668 3500 834 3574; x_wconf 85' lang='lat' dir='ltr'><strong>nunquam</strong></span> <span class='ocrx_word' id='word_1_271' title='bbox 858 3478 1112 3550; x_wconf 86' lang='lat' dir='ltr'><strong>reformaturum</strong></span> <span class='ocrx_word' id='word_1_272' title='bbox 1129 3477 1250 3566; x_wconf 68' lang='lat' dir='ltr'><strong>eidem,</strong></span> <span class='ocrx_word' id='word_1_273' title='bbox 1276 3501 1411 3572; x_wconf 60' lang='lat' dir='ltr'><strong>papam,</strong></span> 
     </span>
     <span class='ocr_line' id='line_1_34' title="bbox 273 3575 1411 3668; baseline 0.001 -21"><span class='ocrx_word' id='word_1_274' title='bbox 273 3599 390 3668; x_wconf 78' lang='lat' dir='ltr'><strong>regem</strong></span> <span class='ocrx_word' id='word_1_275' title='bbox 409 3576 560 3666; x_wconf 60' lang='lat' dir='ltr'><strong>Francie7</strong></span> <span class='ocrx_word' id='word_1_276' title='bbox 578 3575 766 3648; x_wconf 92' lang='lat' dir='ltr'><strong>Heinricum</strong></span> <span class='ocrx_word' id='word_1_277' title='bbox 782 3576 900 3647; x_wconf 88' lang='lat' dir='ltr'><strong>ducem</strong></span> <span class='ocrx_word' id='word_1_278' title='bbox 917 3575 1086 3668; x_wconf 72' lang='lat' dir='ltr'><strong>Buwario7</strong></span> <span class='ocrx_word' id='word_1_279' title='bbox 1114 3579 1191 3658; x_wconf 86' lang='lat' dir='ltr'><strong>item</strong></span> <span class='ocrx_word' id='word_1_280' title='bbox 1208 3597 1314 3668; x_wconf 84' lang='lat' dir='ltr'><strong>reges</strong></span> <span class='ocrx_word' id='word_1_281' title='bbox 1334 3577 1411 3648; x_wconf 81' lang='lat' dir='ltr'><strong>Un-</strong></span> 
     </span>
     <span class='ocr_line' id='line_1_35' title="bbox 274 3673 1019 3768; baseline 0 -23"><span class='ocrx_word' id='word_1_282' title='bbox 274 3677 367 3768; x_wconf 83' lang='lat' dir='ltr'><strong>garie</strong></span> <span class='ocrx_word' id='word_1_283' title='bbox 386 3685 419 3745; x_wconf 90' lang='lat' dir='ltr'><strong>et</strong></span> <span class='ocrx_word' id='word_1_284' title='bbox 437 3673 600 3746; x_wconf 79' lang='lat' dir='ltr'><strong>Cracovie</strong></span> <span class='ocrx_word' id='word_1_285' title='bbox 616 3677 753 3746; x_wconf 87' lang='lat' dir='ltr'><strong>incitans</strong></span> <span class='ocrx_word' id='word_1_286' title='bbox 773 3685 885 3746; x_wconf 88' lang='lat' dir='ltr'><strong>contra</strong></span> <span class='ocrx_word' id='word_1_287' title='bbox 903 3676 1019 3767; x_wconf 90' lang='lat' dir='ltr'><strong>ipsum.</strong></span> 
     </span>
    </p>
   </div>
   <div class='ocr_carea' id='block_1_5' title="bbox 273 3787 1410 4081">
    <p class='ocr_par' dir='ltr' id='par_1_5' title="bbox 273 3787 1410 4081">
     <span class='ocr_line' id='line_1_36' title="bbox 339 3787 1410 3886; baseline -0.002 -24"><span class='ocrx_word' id='word_1_288' title='bbox 339 3791 427 3886; x_wconf 85' lang='lat' dir='ltr'><strong>Papa</strong></span> <span class='ocrx_word' id='word_1_289' title='bbox 446 3800 555 3862; x_wconf 89' lang='lat' dir='ltr'><strong>autem</strong></span> <span class='ocrx_word' id='word_1_290' title='bbox 572 3787 736 3862; x_wconf 87' lang='lat' dir='ltr'><strong>lohannes</strong></span> <span class='ocrx_word' id='word_1_291' title='bbox 755 3789 797 3859; x_wconf 91' lang='lat' dir='ltr'><strong>de</strong></span> <span class='ocrx_word' id='word_1_292' title='bbox 820 3790 947 3860; x_wconf 85' lang='lat' dir='ltr'><strong>militari</strong></span> <span class='ocrx_word' id='word_1_293' title='bbox 965 3793 1141 3885; x_wconf 68' lang='lat' dir='ltr'><strong>progenie,</strong></span> <span class='ocrx_word' id='word_1_294' title='bbox 1165 3788 1273 3868; x_wconf 88' lang='lat' dir='ltr'><strong>ditans</strong></span> <span class='ocrx_word' id='word_1_295' title='bbox 1300 3789 1410 3860; x_wconf 87' lang='lat' dir='ltr'><strong>fratris</strong></span> 
     </span>
     <span class='ocr_line' id='line_1_37' title="bbox 273 3885 1407 3981; baseline -0.003 -21"><span class='ocrx_word' id='word_1_296' title='bbox 273 3900 306 3961; x_wconf 91' lang='lat' dir='ltr'><strong>et</strong></span> <span class='ocrx_word' id='word_1_297' title='bbox 328 3911 479 3962; x_wconf 89' lang='lat' dir='ltr'><strong>sororum</strong></span> <span class='ocrx_word' id='word_1_298' title='bbox 502 3911 637 3960; x_wconf 88' lang='lat' dir='ltr'><strong>suarum</strong></span> <span class='ocrx_word' id='word_1_299' title='bbox 657 3886 741 3958; x_wconf 86' lang='lat' dir='ltr'><strong>filios</strong></span> <span class='ocrx_word' id='word_1_300' title='bbox 770 3897 803 3958; x_wconf 90' lang='lat' dir='ltr'><strong>et</strong></span> <span class='ocrx_word' id='word_1_301' title='bbox 827 3898 965 3981; x_wconf 89' lang='lat' dir='ltr'><strong>nepotes</strong></span> <span class='ocrx_word' id='word_1_302' title='bbox 997 3887 1124 3960; x_wconf 88' lang='lat' dir='ltr'><strong>diviciis</strong></span> <span class='ocrx_word' id='word_1_303' title='bbox 1153 3897 1186 3956; x_wconf 88' lang='lat' dir='ltr'><strong>et</strong></span> <span class='ocrx_word' id='word_1_304' title='bbox 1213 3885 1407 3964; x_wconf 68' lang='lat' dir='ltr'><strong>honoribus,</strong></span> 
     </span>
     <span class='ocr_line' id='line_1_38' title="bbox 274 3984 1409 4081; baseline -0.003 -23"><span class='ocrx_word' id='word_1_305' title='bbox 274 4009 361 4058; x_wconf 92' lang='lat' dir='ltr'><strong>anno</strong></span> <span class='ocrx_word' id='word_1_306' title='bbox 379 3986 583 4081; x_wconf 84' lang='lat' dir='ltr'><strong>pontificatus</strong></span> <span class='ocrx_word' id='word_1_307' title='bbox 602 3990 652 4058; x_wconf 87' lang='lat' dir='ltr'><strong>sui</strong></span> <span class='ocrx_word' id='word_1_308' title='bbox 669 3984 885 4056; x_wconf 89' lang='lat' dir='ltr'><strong>decimonono</strong></span> <span class='ocrx_word' id='word_1_309' title='bbox 906 3984 1018 4078; x_wconf 84' lang='lat'>[1334</span> <span class='ocrx_word' id='word_1_310' title='bbox 1030 3984 1100 4056; x_wconf 85' lang='lat' dir='ltr'><strong>dcc</strong></span> <span class='ocrx_word' id='word_1_311' title='bbox 1109 3985 1148 4076; x_wconf 90' lang='grc'><strong>4]</strong></span> <span class='ocrx_word' id='word_1_312' title='bbox 1171 3988 1331 4076; x_wconf 63' lang='lat' dir='ltr'><strong>moriens,</strong></span> <span class='ocrx_word' id='word_1_313' title='bbox 1348 4009 1409 4055; x_wconf 88' lang='lat' dir='ltr'><strong>re-</strong></span> 
     </span>
    </p>
   </div>
   <div class='ocr_carea' id='block_1_6' title="bbox 277 4133 1410 4263">
    <p class='ocr_par' dir='ltr' id='par_1_6' title="bbox 277 4133 1410 4263">
     <span class='ocr_line' id='line_1_39' title="bbox 331 4133 1410 4205; baseline 0.002 -17"><span class='ocrx_word' id='word_1_314' title='bbox 331 4135 362 4202; x_wconf 87' lang='grc'><strong>1)</strong></span> <span class='ocrx_word' id='word_1_315' title='bbox 389 4135 476 4204; x_wconf 68' lang='lat' dir='ltr'><strong>ibose,</strong></span> <span class='ocrx_word' id='word_1_316' title='bbox 502 4137 666 4205; x_wconf 75' lang='lat' dir='ltr'><strong>Margaretba</strong></span> <span class='ocrx_word' id='word_1_317' title='bbox 686 4135 838 4204; x_wconf 65' lang='lat' dir='ltr'><strong>Maruituscb</strong></span> <span class='ocrx_word' id='word_1_318' title='bbox 865 4135 937 4190; x_wconf 83' lang='lat' dir='ltr'><strong>batto</strong></span> <span class='ocrx_word' id='word_1_319' title='bbox 957 4137 1026 4192; x_wconf 89' lang='lat' dir='ltr'><strong>noch</strong></span> <span class='ocrx_word' id='word_1_320' title='bbox 1046 4133 1106 4192; x_wconf 91' lang='lat' dir='ltr'><strong>eiuc</strong></span> <span class='ocrx_word' id='word_1_321' title='bbox 1124 4133 1207 4190; x_wconf 82' lang='lat' dir='ltr'><strong>iltere</strong></span> <span class='ocrx_word' id='word_1_322' title='bbox 1227 4133 1292 4190; x_wconf 85' lang='lat' dir='ltr'><strong>aber</strong></span> <span class='ocrx_word' id='word_1_323' title='bbox 1311 4133 1410 4192; x_wconf 77' lang='lat' dir='ltr'><strong>munu-</strong></span> 
     </span>
     <span class='ocr_line' id='line_1_40' title="bbox 277 4205 1344 4263; baseline 0.002 -4"><span class='ocrx_word' id='word_1_324' title='bbox 277 4207 347 4260; x_wconf 87' lang='lat' dir='ltr'><strong>iiche</strong></span> <span class='ocrx_word' id='word_1_325' title='bbox 368 4207 515 4260; x_wconf 84' lang='lat' dir='ltr'><strong>scbwestcr</strong></span> <span class='ocrx_word' id='word_1_326' title='bbox 533 4205 671 4263; x_wconf 80' lang='lat' dir='ltr'><strong>Adetbcid.</strong></span> <span class='ocrx_word' id='word_1_327' title='bbox 1341 4241 1344 4246; x_wconf 94' lang='lat'>-</span> 
     </span>
    </p>
   </div>
   <div class='ocr_carea' id='block_1_7' title="bbox 0 0 1493 4822">
    <p class='ocr_par' dir='ltr' id='par_1_7' title="bbox 0 0 1493 4822">
     <span class='ocr_line' id='line_1_41' title="bbox 0 0 1493 4822; baseline 0 0"><span class='ocrx_word' id='word_1_328' title='bbox 0 0 1493 4822; x_wconf 95' lang='lat' dir='ltr'><strong> </strong></span> 
     </span>
    </p>
   </div>
  </div>
 </body>
</html>
