2960 4832
257 207 305 282 qq
594 205 1105 265 uumrousonmnssnnnovnn.

176 379 247 440 ¹³⁴⁴
259 377 360 452 stater
377 401 457 454 snus
474 377 575 454 duces
593 381 741 470 Ausone,
759 379 927 452 Kerinthie
943 391 977 452 et
992 335 1116 475 Sipia
1133 377 1189 451 lilii
1206 379 1299 452 dnos
1327 375 1397 450 Οι-
1469 387 1470 400 ’

258 480 356 569 tonis,
374 489 407 550 et
422 491 560 574 nepotes
578 482 670 570 regis
686 477 827 570 Altero,
845 501 932 551 anno
947 479 1048 552 xliiii.

261 669 429 809 Quomodo
449 722 593 792 cimmo
608 667 811 792 obbraoiooit
824 741 929 792 oooos
946 723 1185 810 quinquaqinta
1207 723 1250 792 da
1273 723 1396 793 iiiiiico
1469 731 1470 822 l

356 821 543 914 etquidem
560 823 652 888 circo
669 819 738 889 loo.

304 951 445 1050 Insuper
468 955 623 1026 Clemens
640 956 685 1024 vi.
710 955 933 1026 centenarium
956 952 999 1023 de
1025 974 1112 1026 anno
1128 951 1250 1024 iubileo
1269 952 1396 1026 abbre-
1469 967 1470 976 ’

257 1053 352 1126 vians
370 1052 413 1125 ad
429 1055 659 1147 quinquaginta
677 1050 807 1124 reduxit
823 1051 992 1145 deinceps
1010 1062 1043 1122 et
1058 1054 1168 1144 incipit
1177 1055 1211 1122 in
1222 1055 1395 1124 nativitate
1469 1075 1470 1112 1

258 1149 378 1221 domini
395 1149 529 1221 mcccl.
548 1159 581 1220 et
597 1147 692 1220 durat
708 1170 769 1241 per
785 1171 918 1236 annum,
936 1152 978 1220 iu
996 1158 1107 1220 tamen
1124 1148 1320 1242 utindigeni
1331 1153 1395 1221 t1i-
1469 1149 1470 1152 ’

257 1249 348 1338 ginta
376 1244 510 1336 diebus,
538 1244 659 1317 adveni
683 1267 767 1318 vero
784 1257 858 1317 octo
876 1244 990 1320 diebus
1009 1250 1150 1340 quinque
1167 1246 1394 1339 parrochiales
1469 1249 1470 1332 ζ

258 1343 418 1416 ecclesias
430 1341 519 1416 urbis
530 1346 676 1432 visitent
693 1342 848 1414 videlicet
859 1354 1046 1416 sanctorum
1063 1345 1290 1436 apostolorum
1306 1345 1394 1416 Petri
1469 1341 1470 1382 ³

153 1523 157 1530 q
258 1451 291 1511 et
307 1441 411 1531 Pauliq
429 1440 715 1529 sancti'lohannis
734 1451 847 1513 sancte
854 1439 959 1512 Maria
969 1443 1115 1529 maioris,
1132 1441 1314 1514 ecclesiam
1325 1441 1395 1512 Lc-
1469 1515 1470 1534 ἶ

258 1548 471 1611 toronensem
495 1549 529 1609 et
552 1540 655 1610 sancti
677 1536 847 1609 laurencii
872 1549 1110 1610 extramuros.
1135 1535 1178 1608 Et
1200 1551 1254 1612 est
1278 1539 1395 1611 indul-
1469 1535 1470 1540 ’

258 1638 376 1727 gencia
393 1660 413 1707 a
430 1658 516 1729 pena
534 1643 567 1706 et
590 1635 721 1728 aculpa
744 1632 894 1708 omnibus
918 1635 1081 1708 confessis
1105 1644 1139 1704 et
1161 1639 1320 1709 contritis.
1351 1635 1396 1706 Et
1469 1713 1470 1722 χ

256 1733 421 1824 religiosis
440 1731 558 1806 sufficit
573 1732 701 1803 licentia
718 1735 815 1826 petito
833 1736 983 1825 quamvis
1001 1753 1068 1804 non
1077 1728 1223 1822 obtenta,
1240 1744 1278 1804 ut
1287 1755 1395 1828 pere-
1469 1729 1470 1800 i

257 1824 473 1921 g'rinationem
484 1826 661 1924 predictam
677 1831 804 1922 possint
820 1828 990 1922 perficere.

257 2035 306 2103 lio
328 2033 517 2117 sooootiooe
546 2038 726 2105 imotenus
749 2031 992 2118 formatorum
1015 2038 1147 2107 auidum
1169 2037 1275 2107 oooiii
1298 2036 1394 2122 focio

349 2151 414 2220 par
433 2135 630 2203 clemonem.
1469 2147 1470 2166 ³

305 2263 387 2338 ltem
405 2264 569 2361 predictis
586 2263 734 2358 pontifex
749 2265 874 2336 insulas
892 2265 1071 2338 fortunatas
1096 2265 1224 2354 cuidam
1241 2265 1345 2339 nobili
1361 2269 1394 2338 in
1469 2269 1470 2298 l

258 2362 391 2435 feodum
415 2361 515 2452 dedii,
540 2384 620 2457 quas
645 2365 673 2434 si
690 2365 864 2456 occupavit
879 2366 1005 2452 nescioq
1024 2373 1078 2434 aut
1095 2367 1123 2436 si
1140 2385 1263 2435 nomen
1272 2363 1394 2436 Christi
1469 2353 1470 2384 ¹

257 2457 300 2531 ilii
317 2461 432 2531 colitur
448 2481 514 2531 non
530 2458 687 2532 intellexi.
896 2465 899 2472 '

261 2699 431 2789 Quomodo
451 2701 595 2770 Clmnaos
611 2699 816 2790 Daipiqoum
833 2721 905 2772 mim
920 2710 1014 2792 qeoic
1031 2722 1153 2794 moqoo
1169 2706 1261 2773 misit
1274 2713 1393 2775 ooaoo

361 2799 486 2886 lurcos,
500 2807 675 2886 postquem
687 2803 837 2887 percepit
847 2802 1076 2889 patriarcham
1090 2803 1395 2890 Cmtstooiinopoli-

357 2904 468 2966 tooum
485 2897 626 2977 occimm
638 2915 702 2982 per
718 2915 781 2984 eos,
798 2905 831 2966 at
849 2901 1009 2984 quomodo
1027 2891 1141 2968 iterum
1157 2902 1270 2968 ouomi
1280 2899 1395 2970 Ludo-

357 2996 432 3064 wioi
440 2993 583 3088 Boeoti
599 2995 764 3081 desperati
780 3014 803 3062 o
820 2999 915 3064 curio
931 3004 1140 3066 recesserunt.
1469 3017 1470 3022 ¹

302 3125 846 3202 Annoautemdominimoccnlu.
853 3126 1018 3221 predictus
1024 3126 1337 3220 pontiiexGlemens
1345 3133 1392 3200 vi.

258 3249 346 3300 novo
380 3229 543 3320 percepit,
567 3222 652 3320 quod
685 3221 867 3317 patriarcha
901 3223 1297 3319 Constantinopolitanus,
1334 3230 1395 3298 vi-

259 3324 378 3395 delicet
400 3322 550 3394 dominus
574 3319 746 3392 Heinricus
771 3321 812 3390 de
836 3319 913 3410 Asi,
937 3344 1035 3415 quem
1058 3345 1132 3401 cum
1151 3345 1273 3414 magna
1291 3333 1395 3414 gente

259 3424 394 3494 miserat
420 3429 532 3490 contra
555 3417 681 3489 'lurcos
707 3421 838 3490 occisus
873 3428 964 3491 esset
990 3441 1066 3490 cum
1099 3421 1167 3492 suis
1195 3418 1236 3490 ab
1265 3419 1396 3492 eisdem

259 3521 293 3590 in
320 3513 428 3588 medio
455 3517 580 3586 mensis
606 3517 752 3584 ianuarii.
780 3515 917 3610 Propter
934 3514 1020 3609 quod
1040 3539 1124 3611 popa
1140 3514 1289 3588 turbatus
1306 3519 1396 3589 misit

259 3613 426 3686 Delfinum
451 3615 583 3684 nomine
610 3610 791 3682 Hubertum
818 3635 892 3683 cum
909 3635 1030 3704 magna
1048 3623 1149 3705 gente
1166 3624 1278 3684 contra
1302 3613 1395 3684 'lur-

261 3734 328 3786 oos.
352 3712 415 3799 Qui
438 3731 570 3782 crucem
593 3713 770 3803 assumpsit
792 3733 866 3781 cum
889 3709 997 3782 multis
1015 3714 1059 3782 vi.
1078 3710 1141 3781 kal.
1160 3713 1256 3799 iunii,
1280 3713 1395 3782 iurans

261 3833 300 3884 se
333 3813 394 3882 iter
427 3817 630 3901 arrepturum
664 3811 813 3900 proximo
840 3829 956 3878 mense
984 3811 1115 3900 augusti
1143 3811 1219 3878 anni
1247 3806 1394 3900 predicti.

260 3908 333 3996 Quo
356 3910 461 3978 eciam
484 3925 570 3976 anno
593 3903 728 3978 infesto
751 3903 983 3998 penthecostes
1003 3907 1083 3994 [moi
1101 3905 1163 3993 15]
1189 3907 1299 3975 nuncii
1321 3903 1396 3974 Lu-

262 4003 382 4076 dewici
405 4009 458 4100 qui
482 4025 520 4076 se
542 4004 772 4097 imperatorem
796 3998 980 4095 appellabat
1002 4006 1119 4074 iterum
1141 4011 1394 4074 recesserumta

261 4123 382 4268 popoab
387 4101 553 4197 desperati
576 4098 618 4169 de
644 4101 732 4170 omni
759 4098 950 4188 concordia,
978 4098 1020 4170 de
1048 4122 1110 4194 qua
1136 4109 1232 4170 antea
1256 4099 1394 4169 multum

264 4219 341 4293 sper
384 4208 464 4270 atur.
