<?xml version="1.0" encoding="UTF-8"?>
<!DOCTYPE html PUBLIC "-//W3C//DTD XHTML 1.0 Transitional//EN"
    "http://www.w3.org/TR/xhtml1/DTD/xhtml1-transitional.dtd">
<html xmlns="http://www.w3.org/1999/xhtml" xml:lang="en" lang="en">
 <head>
  <title>
</title>
<meta http-equiv="Content-Type" content="text/html;charset=utf-8" />
  <meta name='ocr-system' content='tesseract 3.04.00' />
  <meta name='ocr-capabilities' content='ocr_page ocr_carea ocr_par ocr_line ocrx_word'/>
</head>
<body>
  <div class='ocr_page' id='page_1' title='image "./fontesrerumgerm01hubegoog_0725.png"; bbox 0 0 2982 4824; ppageno 0'>
   <div class='ocr_carea' id='block_1_1' title="bbox 251 221 1196 314">
    <p class='ocr_par' dir='ltr' id='par_1_1' title="bbox 251 221 1196 314">
     <span class='ocr_line' id='line_1_1' title="bbox 251 221 1196 314; baseline -0.004 -18"><span class='ocrx_word' id='word_1_1' title='bbox 251 235 325 314; x_wconf 83' lang='lat'><strong>650</strong></span> <span class='ocrx_word' id='word_1_2' title='bbox 425 229 603 294; x_wconf 66' lang='lat' dir='ltr'><strong>botentrot</strong></span> <span class='ocrx_word' id='word_1_3' title='bbox 622 231 811 294; x_wconf 69' lang='lat' dir='ltr'><strong>ttonffluuti</strong></span> <span class='ocrx_word' id='word_1_4' title='bbox 829 221 941 292; x_wconf 71' lang='lat' dir='ltr'><strong>(insto</strong></span> <span class='ocrx_word' id='word_1_5' title='bbox 956 231 1196 293; x_wconf 62' lang='lat' dir='ltr'><strong>mnenon</strong></span> 
     </span>
    </p>
   </div>
   <div class='ocr_carea' id='block_1_2' title="bbox 252 409 1385 997">
    <p class='ocr_par' dir='ltr' id='par_1_2' title="bbox 252 409 1385 997">
     <span class='ocr_line' id='line_1_2' title="bbox 252 409 1380 505; baseline 0.001 -21"><span class='ocrx_word' id='word_1_6' title='bbox 252 409 349 484; x_wconf 90' lang='lat' dir='ltr'><strong>dedit.</strong></span> <span class='ocrx_word' id='word_1_7' title='bbox 396 411 562 484; x_wconf 85' lang='lat' dir='ltr'><strong>Petrinare</strong></span> <span class='ocrx_word' id='word_1_8' title='bbox 586 429 670 503; x_wconf 78' lang='lat' dir='ltr'><strong>ergo</strong></span> <span class='ocrx_word' id='word_1_9' title='bbox 693 409 852 505; x_wconf 79' lang='lat' dir='ltr'><strong>incipiens</strong></span> <span class='ocrx_word' id='word_1_10' title='bbox 879 411 1144 505; x_wconf 86' lang='lat' dir='ltr'><strong>patrinorumque</strong></span> <span class='ocrx_word' id='word_1_11' title='bbox 1170 411 1324 484; x_wconf 86' lang='lat' dir='ltr'><strong>vitiorum</strong></span> <span class='ocrx_word' id='word_1_12' title='bbox 1348 421 1380 486; x_wconf 90' lang='lat' dir='ltr'><strong>et</strong></span> 
     </span>
     <span class='ocr_line' id='line_1_3' title="bbox 253 506 1382 604; baseline 0.001 -21"><span class='ocrx_word' id='word_1_13' title='bbox 253 529 380 583; x_wconf 84' lang='lat' dir='ltr'><strong>monum</strong></span> <span class='ocrx_word' id='word_1_14' title='bbox 396 511 590 580; x_wconf 70' lang='lat' dir='ltr'><strong>imitatorem</strong></span> <span class='ocrx_word' id='word_1_15' title='bbox 609 529 648 581; x_wconf 89' lang='lat' dir='ltr'><strong>se</strong></span> <span class='ocrx_word' id='word_1_16' title='bbox 664 508 807 582; x_wconf 80' lang='lat' dir='ltr'><strong>faurum</strong></span> <span class='ocrx_word' id='word_1_17' title='bbox 824 506 1023 597; x_wconf 61' lang='lat' dir='ltr'><strong>ostendens„</strong></span> <span class='ocrx_word' id='word_1_18' title='bbox 1049 530 1155 604; x_wconf 89' lang='lat' dir='ltr'><strong>usque</strong></span> <span class='ocrx_word' id='word_1_19' title='bbox 1179 509 1220 582; x_wconf 92' lang='lat' dir='ltr'><strong>ad</strong></span> <span class='ocrx_word' id='word_1_20' title='bbox 1245 519 1382 584; x_wconf 64' lang='lat' dir='ltr'><strong>mutent</strong></span> 
     </span>
     <span class='ocr_line' id='line_1_4' title="bbox 252 604 1382 704; baseline 0.001 -23"><span class='ocrx_word' id='word_1_21' title='bbox 252 611 353 704; x_wconf 88' lang='lat' dir='ltr'><strong>patris</strong></span> <span class='ocrx_word' id='word_1_22' title='bbox 370 610 403 678; x_wconf 96' lang='lat' dir='ltr'><strong>in</strong></span> <span class='ocrx_word' id='word_1_23' title='bbox 421 607 595 679; x_wconf 82' lang='lat' dir='ltr'><strong>Alamonia</strong></span> <span class='ocrx_word' id='word_1_24' title='bbox 612 606 683 698; x_wconf 75' lang='lat' dir='ltr'><strong>luit,</strong></span> <span class='ocrx_word' id='word_1_25' title='bbox 699 610 763 680; x_wconf 91' lang='lat' dir='ltr'><strong>nisi</strong></span> <span class='ocrx_word' id='word_1_26' title='bbox 780 604 865 701; x_wconf 84' lang='lat' dir='ltr'><strong>quod</strong></span> <span class='ocrx_word' id='word_1_27' title='bbox 877 614 1026 702; x_wconf 83' lang='lat' dir='ltr'><strong>ternpore</strong></span> <span class='ocrx_word' id='word_1_28' title='bbox 1037 607 1163 680; x_wconf 86' lang='lat' dir='ltr'><strong>eoneilii</strong></span> <span class='ocrx_word' id='word_1_29' title='bbox 1173 605 1382 702; x_wconf 82' lang='lat' dir='ltr'><strong>Lugdunen-</strong></span> 
     </span>
     <span class='ocr_line' id='line_1_5' title="bbox 253 703 1382 804; baseline -0.001 -23"><span class='ocrx_word' id='word_1_30' title='bbox 253 711 299 782; x_wconf 89' lang='lat' dir='ltr'><strong>sis</strong></span> <span class='ocrx_word' id='word_1_31' title='bbox 317 716 444 804; x_wconf 87' lang='lat' dir='ltr'><strong>patrem</strong></span> <span class='ocrx_word' id='word_1_32' title='bbox 461 703 577 777; x_wconf 89' lang='lat' dir='ltr'><strong>videre</strong></span> <span class='ocrx_word' id='word_1_33' title='bbox 594 705 771 778; x_wconf 79' lang='lat' dir='ltr'><strong>&#39;l&#39;aurinunr</strong></span> <span class='ocrx_word' id='word_1_34' title='bbox 787 727 860 777; x_wconf 87' lang='lat' dir='ltr'><strong>euro</strong></span> <span class='ocrx_word' id='word_1_35' title='bbox 882 708 996 799; x_wconf 83' lang='lat' dir='ltr'><strong>paucis</strong></span> <span class='ocrx_word' id='word_1_36' title='bbox 1021 704 1163 779; x_wconf 80' lang='lat' dir='ltr'><strong>advenit.</strong></span> <span class='ocrx_word' id='word_1_37' title='bbox 1199 705 1271 778; x_wconf 88' lang='lat' dir='ltr'><strong>Sed</strong></span> <span class='ocrx_word' id='word_1_38' title='bbox 1297 729 1382 780; x_wconf 90' lang='lat' dir='ltr'><strong>oon-</strong></span> 
     </span>
     <span class='ocr_line' id='line_1_6' title="bbox 253 801 1383 899; baseline 0 -19"><span class='ocrx_word' id='word_1_39' title='bbox 253 807 326 880; x_wconf 90' lang='lat' dir='ltr'><strong>eilio</strong></span> <span class='ocrx_word' id='word_1_40' title='bbox 342 807 515 877; x_wconf 86' lang='lat' dir='ltr'><strong>terminato</strong></span> <span class='ocrx_word' id='word_1_41' title='bbox 533 813 566 875; x_wconf 90' lang='lat' dir='ltr'><strong>et</strong></span> <span class='ocrx_word' id='word_1_42' title='bbox 581 801 622 875; x_wconf 89' lang='lat' dir='ltr'><strong>ab</strong></span> <span class='ocrx_word' id='word_1_43' title='bbox 638 805 886 899; x_wconf 84' lang='lat' dir='ltr'><strong>irnperiopatre</strong></span> <span class='ocrx_word' id='word_1_44' title='bbox 915 802 1084 899; x_wconf 78' lang='lat' dir='ltr'><strong>deposito,</strong></span> <span class='ocrx_word' id='word_1_45' title='bbox 1108 801 1288 879; x_wconf 83' lang='lat' dir='ltr'><strong>heredibus</strong></span> <span class='ocrx_word' id='word_1_46' title='bbox 1312 810 1383 880; x_wconf 85' lang='lat' dir='ltr'><strong>eius</strong></span> 
     </span>
     <span class='ocr_line' id='line_1_7' title="bbox 252 899 1385 997; baseline -0.001 -19"><span class='ocrx_word' id='word_1_47' title='bbox 252 906 340 978; x_wconf 89' lang='lat' dir='ltr'><strong>omni</strong></span> <span class='ocrx_word' id='word_1_48' title='bbox 361 901 518 996; x_wconf 80' lang='lat' dir='ltr'><strong>dignitate</strong></span> <span class='ocrx_word' id='word_1_49' title='bbox 535 904 685 997; x_wconf 74' lang='lat' dir='ltr'><strong>privatis,</strong></span> <span class='ocrx_word' id='word_1_50' title='bbox 702 923 809 996; x_wconf 80' lang='lat' dir='ltr'><strong>regno</strong></span> <span class='ocrx_word' id='word_1_51' title='bbox 827 899 1221 976; x_wconf 84' lang='lat' dir='ltr'><strong>lerosolinnitanotantum</strong></span> <span class='ocrx_word' id='word_1_52' title='bbox 1235 903 1385 978; x_wconf 76' lang='lat' dir='ltr'><strong>Gonado</strong></span> 
     </span>
    </p>
   </div>
   <div class='ocr_carea' id='block_1_3' title="bbox 109 998 1384 1096">
    <p class='ocr_par' dir='ltr' id='par_1_3' title="bbox 109 998 1384 1096">
     <span class='ocr_line' id='line_1_8' title="bbox 109 998 1384 1096; baseline 0.001 -19"><span class='ocrx_word' id='word_1_53' title='bbox 109 1043 113 1050; x_wconf 94' lang='lat'>·</span> <span class='ocrx_word' id='word_1_54' title='bbox 251 1004 384 1092; x_wconf 64' lang='lat' dir='ltr'><strong>renato,</strong></span> <span class='ocrx_word' id='word_1_55' title='bbox 408 1023 449 1072; x_wconf 91' lang='lat' dir='ltr'><strong>eo</strong></span> <span class='ocrx_word' id='word_1_56' title='bbox 467 999 552 1096; x_wconf 85' lang='lat' dir='ltr'><strong>quod</strong></span> <span class='ocrx_word' id='word_1_57' title='bbox 569 1021 634 1072; x_wconf 93' lang='lat' dir='ltr'><strong>non</strong></span> <span class='ocrx_word' id='word_1_58' title='bbox 655 1010 809 1095; x_wconf 60' lang='lat' dir='ltr'><strong>paterna„</strong></span> <span class='ocrx_word' id='word_1_59' title='bbox 837 1001 898 1074; x_wconf 89' lang='lat' dir='ltr'><strong>sed</strong></span> <span class='ocrx_word' id='word_1_60' title='bbox 918 998 1128 1093; x_wconf 80' lang='lat' dir='ltr'><strong>eontingobat</strong></span> <span class='ocrx_word' id='word_1_61' title='bbox 1144 1023 1221 1074; x_wconf 85' lang='lat' dir='ltr'><strong>eum</strong></span> <span class='ocrx_word' id='word_1_62' title='bbox 1239 1024 1286 1076; x_wconf 84' lang='lat' dir='ltr'><strong>ex</strong></span> <span class='ocrx_word' id='word_1_63' title='bbox 1301 1025 1384 1078; x_wconf 89' lang='lat' dir='ltr'><strong>suo-</strong></span> 
     </span>
    </p>
   </div>
   <div class='ocr_carea' id='block_1_4' title="bbox 147 1097 1474 4143">
    <p class='ocr_par' dir='ltr' id='par_1_4' title="bbox 147 1097 1474 4143">
     <span class='ocr_line' id='line_1_9' title="bbox 157 1097 1385 1196; baseline -0.002 -19"><span class='ocrx_word' id='word_1_64' title='bbox 157 1187 160 1196; x_wconf 16' lang='lat'>*</span> <span class='ocrx_word' id='word_1_65' title='bbox 252 1103 406 1176; x_wconf 87' lang='lat' dir='ltr'><strong>eessione</strong></span> <span class='ocrx_word' id='word_1_66' title='bbox 424 1110 584 1190; x_wconf 70' lang='lat' dir='ltr'><strong>mannua,</strong></span> <span class='ocrx_word' id='word_1_67' title='bbox 602 1097 924 1173; x_wconf 82' lang='lat' dir='ltr'><strong>statiminSueviam</strong></span> <span class='ocrx_word' id='word_1_68' title='bbox 941 1109 1164 1174; x_wconf 85' lang='lat' dir='ltr'><strong>estreversus</strong></span> <span class='ocrx_word' id='word_1_69' title='bbox 1175 1121 1287 1192; x_wconf 82' lang='lat' dir='ltr'><strong>agens</strong></span> <span class='ocrx_word' id='word_1_70' title='bbox 1298 1123 1385 1183; x_wconf 69' lang='lat' dir='ltr'><strong>oon-,-</strong></span> 
     </span>
     <span class='ocr_line' id='line_1_10' title="bbox 251 1195 1386 1294; baseline 0.001 -21"><span class='ocrx_word' id='word_1_71' title='bbox 251 1211 300 1273; x_wconf 86' lang='lat' dir='ltr'><strong>ua</strong></span> <span class='ocrx_word' id='word_1_72' title='bbox 318 1199 507 1290; x_wconf 67' lang='lat' dir='ltr'><strong>eeclesiam,</strong></span> <span class='ocrx_word' id='word_1_73' title='bbox 524 1196 673 1293; x_wconf 77' lang='lat' dir='ltr'><strong>uunquid</strong></span> <span class='ocrx_word' id='word_1_74' title='bbox 690 1197 766 1270; x_wconf 86' lang='lat' dir='ltr'><strong>mali</strong></span> <span class='ocrx_word' id='word_1_75' title='bbox 783 1207 912 1294; x_wconf 87' lang='lat' dir='ltr'><strong>poterat</strong></span> <span class='ocrx_word' id='word_1_76' title='bbox 928 1208 962 1270; x_wconf 84' lang='lat' dir='ltr'><strong>et</strong></span> <span class='ocrx_word' id='word_1_77' title='bbox 979 1195 1111 1272; x_wconf 83' lang='lat' dir='ltr'><strong>solebat</strong></span> <span class='ocrx_word' id='word_1_78' title='bbox 1144 1195 1214 1270; x_wconf 85' lang='lat' dir='ltr'><strong>Sed</strong></span> <span class='ocrx_word' id='word_1_79' title='bbox 1230 1201 1386 1274; x_wconf 82' lang='lat' dir='ltr'><strong>nuneiata</strong></span> 
     </span>
     <span class='ocr_line' id='line_1_11' title="bbox 252 1293 1386 1393; baseline 0.002 -23"><span class='ocrx_word' id='word_1_80' title='bbox 252 1299 296 1372; x_wconf 91' lang='lat' dir='ltr'><strong>illi</strong></span> <span class='ocrx_word' id='word_1_81' title='bbox 313 1307 388 1393; x_wconf 88' lang='lat' dir='ltr'><strong>post</strong></span> <span class='ocrx_word' id='word_1_82' title='bbox 404 1293 566 1369; x_wconf 79' lang='lat' dir='ltr'><strong>modicum</strong></span> <span class='ocrx_word' id='word_1_83' title='bbox 584 1305 688 1369; x_wconf 83' lang='lat' dir='ltr'><strong>rnorte</strong></span> <span class='ocrx_word' id='word_1_84' title='bbox 706 1301 829 1391; x_wconf 69' lang='lat' dir='ltr'><strong>patuis,</strong></span> <span class='ocrx_word' id='word_1_85' title='bbox 847 1318 908 1391; x_wconf 85' lang='lat' dir='ltr'><strong>per</strong></span> <span class='ocrx_word' id='word_1_86' title='bbox 926 1293 1103 1368; x_wconf 80' lang='lat' dir='ltr'><strong>marchiam</strong></span> <span class='ocrx_word' id='word_1_87' title='bbox 1126 1296 1330 1372; x_wconf 81' lang='lat' dir='ltr'><strong>lbivisiuaua</strong></span> <span class='ocrx_word' id='word_1_88' title='bbox 1354 1309 1386 1372; x_wconf 88' lang='lat' dir='ltr'><strong>et</strong></span> 
     </span>
     <span class='ocr_line' id='line_1_12' title="bbox 252 1391 1386 1491; baseline 0.004 -23"><span class='ocrx_word' id='word_1_89' title='bbox 252 1417 343 1468; x_wconf 80' lang='lat' dir='ltr'><strong>orare</strong></span> <span class='ocrx_word' id='word_1_90' title='bbox 362 1397 530 1470; x_wconf 78' lang='lat' dir='ltr'><strong>festinavit</strong></span> <span class='ocrx_word' id='word_1_91' title='bbox 546 1397 578 1466; x_wconf 91' lang='lat' dir='ltr'><strong>in</strong></span> <span class='ocrx_word' id='word_1_92' title='bbox 596 1415 738 1487; x_wconf 79' lang='lat' dir='ltr'><strong>regnum</strong></span> <span class='ocrx_word' id='word_1_93' title='bbox 756 1404 790 1466; x_wconf 84' lang='lat' dir='ltr'><strong>et</strong></span> <span class='ocrx_word' id='word_1_94' title='bbox 799 1394 971 1491; x_wconf 90' lang='lat' dir='ltr'><strong>Neapolim</strong></span> <span class='ocrx_word' id='word_1_95' title='bbox 982 1391 1138 1468; x_wconf 87' lang='lat' dir='ltr'><strong>obsidens</strong></span> <span class='ocrx_word' id='word_1_96' title='bbox 1148 1398 1237 1490; x_wconf 89' lang='lat' dir='ltr'><strong>oepit</strong></span> <span class='ocrx_word' id='word_1_97' title='bbox 1246 1418 1386 1472; x_wconf 88' lang='lat' dir='ltr'><strong>muros·-</strong></span> 
     </span>
     <span class='ocr_line' id='line_1_13' title="bbox 252 1491 1387 1592; baseline 0.003 -27"><span class='ocrx_word' id='word_1_98' title='bbox 252 1517 315 1592; x_wconf 88' lang='lat' dir='ltr'><strong>que</strong></span> <span class='ocrx_word' id='word_1_99' title='bbox 340 1494 458 1568; x_wconf 88' lang='lat' dir='ltr'><strong>deieeit</strong></span> <span class='ocrx_word' id='word_1_100' title='bbox 480 1515 568 1567; x_wconf 91' lang='lat' dir='ltr'><strong>anno</strong></span> <span class='ocrx_word' id='word_1_101' title='bbox 592 1493 712 1565; x_wconf 89' lang='lat' dir='ltr'><strong>domini</strong></span> <span class='ocrx_word' id='word_1_102' title='bbox 732 1491 1008 1584; x_wconf 62' lang='lat' dir='ltr'><strong>n.00.l.i.,[leeo</strong></span> <span class='ocrx_word' id='word_1_103' title='bbox 1033 1501 1094 1564; x_wconf 90' lang='lat' dir='ltr'><strong>oot.</strong></span> <span class='ocrx_word' id='word_1_104' title='bbox 1121 1491 1197 1584; x_wconf 87' lang='grc'><strong>10].</strong></span> <span class='ocrx_word' id='word_1_105' title='bbox 1234 1493 1387 1592; x_wconf 79' lang='lat' dir='ltr'><strong>Cumque</strong></span> 
     </span>
     <span class='ocr_line' id='line_1_14' title="bbox 250 1588 1387 1690; baseline -0.002 -24"><span class='ocrx_word' id='word_1_106' title='bbox 250 1591 378 1666; x_wconf 87' lang='lat' dir='ltr'><strong>nobiles</strong></span> <span class='ocrx_word' id='word_1_107' title='bbox 408 1591 538 1690; x_wconf 81' lang='lat' dir='ltr'><strong>quridam</strong></span> <span class='ocrx_word' id='word_1_108' title='bbox 566 1594 629 1664; x_wconf 87' lang='lat' dir='ltr'><strong>viri</strong></span> <span class='ocrx_word' id='word_1_109' title='bbox 654 1588 713 1664; x_wconf 88' lang='lat' dir='ltr'><strong>sibi</strong></span> <span class='ocrx_word' id='word_1_110' title='bbox 739 1593 882 1664; x_wconf 84' lang='lat' dir='ltr'><strong>aeousati</strong></span> <span class='ocrx_word' id='word_1_111' title='bbox 905 1591 1063 1682; x_wconf 69' lang='lat' dir='ltr'><strong>fuissent,</strong></span> <span class='ocrx_word' id='word_1_112' title='bbox 1091 1591 1177 1686; x_wconf 87' lang='lat' dir='ltr'><strong>quod</strong></span> <span class='ocrx_word' id='word_1_113' title='bbox 1206 1603 1387 1689; x_wconf 72' lang='lat' dir='ltr'><strong>mlequam</strong></span> 
     </span>
     <span class='ocr_line' id='line_1_15' title="bbox 250 1689 1387 1781; baseline 0.001 -17"><span class='ocrx_word' id='word_1_114' title='bbox 250 1695 401 1766; x_wconf 89' lang='lat' dir='ltr'><strong>venisset</strong></span> <span class='ocrx_word' id='word_1_115' title='bbox 428 1693 685 1763; x_wconf 85' lang='lat' dir='ltr'><strong>ooniurationem</strong></span> <span class='ocrx_word' id='word_1_116' title='bbox 712 1689 888 1781; x_wconf 68' lang='lat' dir='ltr'><strong>iecissent,</strong></span> <span class='ocrx_word' id='word_1_117' title='bbox 917 1698 953 1761; x_wconf 90' lang='lat' dir='ltr'><strong>ut</strong></span> <span class='ocrx_word' id='word_1_118' title='bbox 984 1709 1127 1781; x_wconf 82' lang='lat' dir='ltr'><strong>regnum</strong></span> <span class='ocrx_word' id='word_1_119' title='bbox 1153 1694 1387 1765; x_wconf 79' lang='lat' dir='ltr'><strong>resb&#39;tuerotur</strong></span> 
     </span>
     <span class='ocr_line' id='line_1_16' title="bbox 251 1785 1386 1884; baseline 0.004 -25"><span class='ocrx_word' id='word_1_120' title='bbox 251 1791 407 1879; x_wconf 62' lang='lat' dir='ltr'><strong>eoeleste,</strong></span> <span class='ocrx_word' id='word_1_121' title='bbox 425 1792 517 1862; x_wconf 88' lang='lat' dir='ltr'><strong>euius</strong></span> <span class='ocrx_word' id='word_1_122' title='bbox 535 1799 618 1879; x_wconf 69' lang='lat' dir='ltr'><strong>erat,</strong></span> <span class='ocrx_word' id='word_1_123' title='bbox 637 1798 672 1859; x_wconf 88' lang='lat' dir='ltr'><strong>et</strong></span> <span class='ocrx_word' id='word_1_124' title='bbox 687 1791 937 1884; x_wconf 83' lang='lat' dir='ltr'><strong>oonspiuationis</strong></span> <span class='ocrx_word' id='word_1_125' title='bbox 954 1785 1138 1862; x_wconf 80' lang='lat' dir='ltr'><strong>huiusmodi</strong></span> <span class='ocrx_word' id='word_1_126' title='bbox 1149 1787 1386 1864; x_wconf 78' lang='lat' dir='ltr'><strong>baterPetnu</strong></span> 
     </span>
     <span class='ocr_line' id='line_1_17' title="bbox 252 1884 1474 1985; baseline 0.002 -26"><span class='ocrx_word' id='word_1_127' title='bbox 252 1891 398 1960; x_wconf 88' lang='lat' dir='ltr'><strong>minister</strong></span> <span class='ocrx_word' id='word_1_128' title='bbox 415 1884 565 1958; x_wconf 74' lang='lat' dir='ltr'><strong>calabrie</strong></span> <span class='ocrx_word' id='word_1_129' title='bbox 583 1890 736 1960; x_wconf 88' lang='lat' dir='ltr'><strong>oonsoius</strong></span> <span class='ocrx_word' id='word_1_130' title='bbox 754 1885 930 1976; x_wconf 73' lang='lat' dir='ltr'><strong>doereau,</strong></span> <span class='ocrx_word' id='word_1_131' title='bbox 950 1897 984 1958; x_wconf 91' lang='lat' dir='ltr'><strong>et</strong></span> <span class='ocrx_word' id='word_1_132' title='bbox 1000 1885 1087 1980; x_wconf 87' lang='lat' dir='ltr'><strong>opud</strong></span> <span class='ocrx_word' id='word_1_133' title='bbox 1110 1907 1151 1958; x_wconf 89' lang='lat' dir='ltr'><strong>se</strong></span> <span class='ocrx_word' id='word_1_134' title='bbox 1173 1886 1301 1962; x_wconf 74' lang='lat' dir='ltr'><strong>litteras</strong></span> <span class='ocrx_word' id='word_1_135' title='bbox 1319 1911 1387 1985; x_wconf 82' lang='lat' dir='ltr'><strong>pa-</strong></span> <span class='ocrx_word' id='word_1_136' title='bbox 1473 1925 1474 1974; x_wconf 62' lang='lat'><em>3</em></span> 
     </span>
     <span class='ocr_line' id='line_1_18' title="bbox 250 1981 1386 2080; baseline 0.004 -24"><span class='ocrx_word' id='word_1_137' title='bbox 250 1986 343 2079; x_wconf 87' lang='lat' dir='ltr'><strong>pales</strong></span> <span class='ocrx_word' id='word_1_138' title='bbox 361 1983 500 2056; x_wconf 89' lang='lat' dir='ltr'><strong>habere:</strong></span> <span class='ocrx_word' id='word_1_139' title='bbox 520 1981 700 2080; x_wconf 86' lang='lat' dir='ltr'><strong>prediatum</strong></span> <span class='ocrx_word' id='word_1_140' title='bbox 716 1983 852 2072; x_wconf 87' lang='lat' dir='ltr'><strong>iratrern</strong></span> <span class='ocrx_word' id='word_1_141' title='bbox 869 1984 946 2058; x_wconf 86' lang='lat' dir='ltr'><strong>leoit</strong></span> <span class='ocrx_word' id='word_1_142' title='bbox 962 1981 1003 2055; x_wconf 92' lang='lat' dir='ltr'><strong>ad</strong></span> <span class='ocrx_word' id='word_1_143' title='bbox 1022 2005 1061 2056; x_wconf 86' lang='lat' dir='ltr'><strong>se</strong></span> <span class='ocrx_word' id='word_1_144' title='bbox 1073 1985 1204 2076; x_wconf 70' lang='lat' dir='ltr'><strong>venire,</strong></span> <span class='ocrx_word' id='word_1_145' title='bbox 1219 1986 1386 2060; x_wconf 83' lang='lat' dir='ltr'><strong>mandans</strong></span> 
     </span>
     <span class='ocr_line' id='line_1_19' title="bbox 250 2081 1474 2177; baseline 0.004 -23"><span class='ocrx_word' id='word_1_146' title='bbox 250 2093 285 2154; x_wconf 91' lang='lat' dir='ltr'><strong>ut</strong></span> <span class='ocrx_word' id='word_1_147' title='bbox 300 2084 424 2156; x_wconf 86' lang='lat' dir='ltr'><strong>litteras</strong></span> <span class='ocrx_word' id='word_1_148' title='bbox 442 2082 514 2155; x_wconf 88' lang='lat' dir='ltr'><strong>illas</strong></span> <span class='ocrx_word' id='word_1_149' title='bbox 532 2081 666 2177; x_wconf 69' lang='lat' dir='ltr'><strong>prodat,</strong></span> <span class='ocrx_word' id='word_1_150' title='bbox 690 2093 725 2155; x_wconf 91' lang='lat' dir='ltr'><strong>ut</strong></span> <span class='ocrx_word' id='word_1_151' title='bbox 749 2085 797 2156; x_wconf 87' lang='lat' dir='ltr'><strong>sie</strong></span> <span class='ocrx_word' id='word_1_152' title='bbox 819 2092 978 2156; x_wconf 71' lang='lat' dir='ltr'><strong>muniente</strong></span> <span class='ocrx_word' id='word_1_153' title='bbox 996 2090 1108 2176; x_wconf 87' lang='lat' dir='ltr'><strong>parata</strong></span> <span class='ocrx_word' id='word_1_154' title='bbox 1126 2081 1284 2176; x_wconf 76' lang='lat' dir='ltr'><strong>diffugiat</strong></span> <span class='ocrx_word' id='word_1_155' title='bbox 1332 2085 1387 2158; x_wconf 81' lang='lat' dir='ltr'><strong>Ad</strong></span> <span class='ocrx_word' id='word_1_156' title='bbox 1473 2089 1474 2136; x_wconf 60' lang='grc' dir='ltr'>ι</span> 
     </span>
     <span class='ocr_line' id='line_1_20' title="bbox 249 2180 1387 2276; baseline 0.004 -24"><span class='ocrx_word' id='word_1_157' title='bbox 249 2203 313 2276; x_wconf 85' lang='lat' dir='ltr'><strong>que</strong></span> <span class='ocrx_word' id='word_1_158' title='bbox 329 2182 431 2253; x_wconf 86' lang='lat' dir='ltr'><strong>irater</strong></span> <span class='ocrx_word' id='word_1_159' title='bbox 447 2191 635 2254; x_wconf 87' lang='lat' dir='ltr'><strong>oonstanter</strong></span> <span class='ocrx_word' id='word_1_160' title='bbox 651 2181 836 2276; x_wconf 85' lang='lat' dir='ltr'><strong>respondit:</strong></span> <span class='ocrx_word' id='word_1_161' title='bbox 860 2203 897 2253; x_wconf 81' lang='lat' dir='ltr'><strong>re</strong></span> <span class='ocrx_word' id='word_1_162' title='bbox 923 2201 990 2253; x_wconf 82' lang='lat' dir='ltr'><strong>ooo</strong></span> <span class='ocrx_word' id='word_1_163' title='bbox 1016 2180 1222 2253; x_wconf 70' lang='lat' dir='ltr'><strong>baloenas</strong></span> <span class='ocrx_word' id='word_1_164' title='bbox 1247 2185 1387 2274; x_wconf 63' lang='lat' dir='ltr'><strong>mor,</strong></span> 
     </span>
     <span class='ocr_line' id='line_1_21' title="bbox 250 2280 1388 2372; baseline 0.003 -21"><span class='ocrx_word' id='word_1_165' title='bbox 250 2301 332 2370; x_wconf 77' lang='lat' dir='ltr'><strong>quos</strong></span> <span class='ocrx_word' id='word_1_166' title='bbox 345 2282 482 2371; x_wconf 81' lang='lat' dir='ltr'><strong>petebat,</strong></span> <span class='ocrx_word' id='word_1_167' title='bbox 500 2281 559 2350; x_wconf 85' lang='lat' dir='ltr'><strong>aad</strong></span> <span class='ocrx_word' id='word_1_168' title='bbox 573 2299 597 2350; x_wconf 83' lang='lat' dir='ltr'><strong>a</strong></span> <span class='ocrx_word' id='word_1_169' title='bbox 609 2299 712 2369; x_wconf 83' lang='lat' dir='ltr'><strong>popo,</strong></span> <span class='ocrx_word' id='word_1_170' title='bbox 730 2280 905 2354; x_wconf 87' lang='lat' dir='ltr'><strong>ooniessus</strong></span> <span class='ocrx_word' id='word_1_171' title='bbox 922 2289 993 2368; x_wconf 67' lang='lat' dir='ltr'><strong>est,</strong></span> <span class='ocrx_word' id='word_1_172' title='bbox 1017 2297 1053 2350; x_wconf 86' lang='lat' dir='ltr'><strong>ae</strong></span> <span class='ocrx_word' id='word_1_173' title='bbox 1069 2281 1195 2351; x_wconf 77' lang='lat' dir='ltr'><strong>litterar</strong></span> <span class='ocrx_word' id='word_1_174' title='bbox 1220 2281 1388 2372; x_wconf 71' lang='lat' dir='ltr'><strong>bobadrae,</strong></span> 
     </span>
     <span class='ocr_line' id='line_1_22' title="bbox 250 2377 1386 2469; baseline 0.003 -18"><span class='ocrx_word' id='word_1_175' title='bbox 250 2388 283 2452; x_wconf 80' lang='lat' dir='ltr'><strong>ot</strong></span> <span class='ocrx_word' id='word_1_176' title='bbox 296 2382 386 2469; x_wconf 83' lang='lat' dir='ltr'><strong>qood</strong></span> <span class='ocrx_word' id='word_1_177' title='bbox 400 2381 549 2450; x_wconf 69' lang='lat' dir='ltr'><strong>mineo</strong></span> <span class='ocrx_word' id='word_1_178' title='bbox 561 2397 656 2468; x_wconf 83' lang='lat' dir='ltr'><strong>pope</strong></span> <span class='ocrx_word' id='word_1_179' title='bbox 673 2381 891 2450; x_wconf 74' lang='lat' dir='ltr'><strong>moderaret</strong></span> <span class='ocrx_word' id='word_1_180' title='bbox 903 2397 939 2451; x_wconf 83' lang='lat' dir='ltr'><strong>ae</strong></span> <span class='ocrx_word' id='word_1_181' title='bbox 952 2377 1164 2465; x_wconf 61' lang='lat' dir='ltr'><strong>samanae</strong></span> <span class='ocrx_word' id='word_1_182' title='bbox 1180 2377 1303 2452; x_wconf 73' lang='lat' dir='ltr'><strong>arsere</strong></span> <span class='ocrx_word' id='word_1_183' title='bbox 1319 2382 1386 2454; x_wconf 82' lang='lat' dir='ltr'><strong>bo-</strong></span> 
     </span>
     <span class='ocr_line' id='line_1_23' title="bbox 250 2478 1387 2570; baseline 0.004 -22"><span class='ocrx_word' id='word_1_184' title='bbox 250 2483 376 2568; x_wconf 81' lang='lat' dir='ltr'><strong>minem,</strong></span> <span class='ocrx_word' id='word_1_185' title='bbox 394 2497 486 2566; x_wconf 80' lang='lat' dir='ltr'><strong>poem</strong></span> <span class='ocrx_word' id='word_1_186' title='bbox 505 2480 622 2548; x_wconf 74' lang='lat' dir='ltr'><strong>droam</strong></span> <span class='ocrx_word' id='word_1_187' title='bbox 636 2479 722 2548; x_wconf 81' lang='lat' dir='ltr'><strong>ultor</strong></span> <span class='ocrx_word' id='word_1_188' title='bbox 738 2497 913 2570; x_wconf 68' lang='lat' dir='ltr'><strong>uomere,</strong></span> <span class='ocrx_word' id='word_1_189' title='bbox 935 2478 1079 2548; x_wconf 74' lang='lat' dir='ltr'><strong>maimo</strong></span> <span class='ocrx_word' id='word_1_190' title='bbox 1102 2479 1179 2547; x_wconf 77' lang='grc' dir='ltr'>ἀιιιιι</span> <span class='ocrx_word' id='word_1_191' title='bbox 1202 2487 1387 2566; x_wconf 69' lang='lat' dir='ltr'><strong>quanm</strong></span> 
     </span>
     <span class='ocr_line' id='line_1_24' title="bbox 250 2579 1387 2666; baseline -0.001 -19"><span class='ocrx_word' id='word_1_192' title='bbox 250 2579 298 2648; x_wconf 83' lang='lat' dir='ltr'><strong>od</strong></span> <span class='ocrx_word' id='word_1_193' title='bbox 312 2583 453 2664; x_wconf 74' lang='lat' dir='ltr'><strong>moram,</strong></span> <span class='ocrx_word' id='word_1_194' title='bbox 468 2584 501 2646; x_wconf 81' lang='lat' dir='ltr'><strong>et</strong></span> <span class='ocrx_word' id='word_1_195' title='bbox 513 2595 549 2646; x_wconf 83' lang='lat' dir='ltr'><strong>eo</strong></span> <span class='ocrx_word' id='word_1_196' title='bbox 561 2583 718 2664; x_wconf 68' lang='lat' dir='ltr'><strong>paruum</strong></span> <span class='ocrx_word' id='word_1_197' title='bbox 736 2593 806 2648; x_wconf 80' lang='lat' dir='ltr'><strong>orae</strong></span> <span class='ocrx_word' id='word_1_198' title='bbox 821 2579 1012 2666; x_wconf 74' lang='lat' dir='ltr'><strong>simplicitet</strong></span> <span class='ocrx_word' id='word_1_199' title='bbox 1030 2579 1128 2665; x_wconf 69' lang='lat' dir='ltr'><strong>prius</strong></span> <span class='ocrx_word' id='word_1_200' title='bbox 1153 2581 1239 2646; x_wconf 82' lang='lat' dir='ltr'><strong>orori</strong></span> <span class='ocrx_word' id='word_1_201' title='bbox 1244 2633 1255 2665; x_wconf 83' lang='lat'><em>‚</em></span> <span class='ocrx_word' id='word_1_202' title='bbox 1283 2597 1387 2666; x_wconf 74' lang='lat' dir='ltr'><strong>quon</strong></span> 
     </span>
     <span class='ocr_line' id='line_1_25' title="bbox 248 2673 1386 2768; baseline 0.003 -22"><span class='ocrx_word' id='word_1_203' title='bbox 248 2677 464 2746; x_wconf 69' lang='lat' dir='ltr'><strong>mandatelis</strong></span> <span class='ocrx_word' id='word_1_204' title='bbox 490 2673 619 2758; x_wconf 76' lang='lat' dir='ltr'><strong>fruator</strong></span> <span class='ocrx_word' id='word_1_205' title='bbox 647 2693 715 2744; x_wconf 83' lang='lat' dir='ltr'><strong>oeae</strong></span> <span class='ocrx_word' id='word_1_206' title='bbox 744 2677 854 2765; x_wconf 79' lang='lat' dir='ltr'><strong>stptltt.</strong></span> <span class='ocrx_word' id='word_1_207' title='bbox 905 2675 952 2747; x_wconf 81' lang='lat' dir='ltr'><strong>At</strong></span> <span class='ocrx_word' id='word_1_208' title='bbox 976 2673 1113 2766; x_wconf 82' lang='lat' dir='ltr'><strong>regulus</strong></span> <span class='ocrx_word' id='word_1_209' title='bbox 1143 2677 1289 2768; x_wconf 54' lang='lat' dir='ltr'><strong>impius,</strong></span> <span class='ocrx_word' id='word_1_210' title='bbox 1306 2673 1386 2749; x_wconf 88' lang='lat' dir='ltr'><strong>dom</strong></span> 
     </span>
     <span class='ocr_line' id='line_1_26' title="bbox 147 2769 1473 2862; baseline 0.005 -20"><span class='ocrx_word' id='word_1_211' title='bbox 147 2855 149 2860; x_wconf 23' lang='lat'>¹</span> <span class='ocrx_word' id='word_1_212' title='bbox 249 2771 359 2843; x_wconf 83' lang='lat' dir='ltr'><strong>debuit</strong></span> <span class='ocrx_word' id='word_1_213' title='bbox 376 2772 484 2843; x_wconf 83' lang='lat' dir='ltr'><strong>fratris</strong></span> <span class='ocrx_word' id='word_1_214' title='bbox 502 2769 653 2843; x_wconf 85' lang='lat' dir='ltr'><strong>admirari</strong></span> <span class='ocrx_word' id='word_1_215' title='bbox 671 2793 712 2842; x_wconf 91' lang='lat' dir='ltr'><strong>ao</strong></span> <span class='ocrx_word' id='word_1_216' title='bbox 727 2777 882 2846; x_wconf 83' lang='lat' dir='ltr'><strong>venerari</strong></span> <span class='ocrx_word' id='word_1_217' title='bbox 900 2774 1134 2862; x_wconf 67' lang='lat' dir='ltr'><strong>constantiana,</strong></span> <span class='ocrx_word' id='word_1_218' title='bbox 1153 2770 1384 2848; x_wconf 77' lang='lat' dir='ltr'><strong>exardescens</strong></span> <span class='ocrx_word' id='word_1_219' title='bbox 1472 2855 1473 2858; x_wconf 49' lang='lat'>,</span> 
     </span>
     <span class='ocr_line' id='line_1_27' title="bbox 249 2867 1384 2966; baseline 0.004 -25"><span class='ocrx_word' id='word_1_220' title='bbox 249 2873 282 2942; x_wconf 89' lang='lat' dir='ltr'><strong>in</strong></span> <span class='ocrx_word' id='word_1_221' title='bbox 299 2873 394 2956; x_wconf 66' lang='lat' dir='ltr'><strong>iranu</strong></span> <span class='ocrx_word' id='word_1_222' title='bbox 411 2890 486 2940; x_wconf 89' lang='lat' dir='ltr'><strong>eum</strong></span> <span class='ocrx_word' id='word_1_223' title='bbox 505 2867 680 2940; x_wconf 85' lang='lat' dir='ltr'><strong>tortoribus</strong></span> <span class='ocrx_word' id='word_1_224' title='bbox 697 2869 780 2940; x_wconf 90' lang='lat' dir='ltr'><strong>tradi</strong></span> <span class='ocrx_word' id='word_1_225' title='bbox 796 2873 892 2944; x_wconf 87' lang='lat' dir='ltr'><strong>iussit</strong></span> <span class='ocrx_word' id='word_1_226' title='bbox 915 2891 956 2942; x_wconf 88' lang='lat' dir='ltr'><strong>ao</strong></span> <span class='ocrx_word' id='word_1_227' title='bbox 979 2873 1012 2940; x_wconf 96' lang='lat' dir='ltr'><strong>in</strong></span> <span class='ocrx_word' id='word_1_228' title='bbox 1035 2874 1201 2963; x_wconf 68' lang='lat' dir='ltr'><strong>parentia</strong></span> <span class='ocrx_word' id='word_1_229' title='bbox 1227 2892 1289 2942; x_wconf 87' lang='lat' dir='ltr'><strong>sua</strong></span> <span class='ocrx_word' id='word_1_230' title='bbox 1315 2876 1384 2966; x_wconf 80' lang='lat' dir='ltr'><strong>igni</strong></span> 
     </span>
     <span class='ocr_line' id='line_1_28' title="bbox 249 2966 1383 3064; baseline 0.004 -25"><span class='ocrx_word' id='word_1_231' title='bbox 249 2969 386 3063; x_wconf 91' lang='lat' dir='ltr'><strong>supponi</strong></span> <span class='ocrx_word' id='word_1_232' title='bbox 404 2967 603 3038; x_wconf 80' lang='lat' dir='ltr'><strong>ferramenta</strong></span> <span class='ocrx_word' id='word_1_233' title='bbox 622 2967 804 3064; x_wconf 67' lang='lat' dir='ltr'><strong>mandavit,</strong></span> <span class='ocrx_word' id='word_1_234' title='bbox 821 2981 854 3042; x_wconf 90' lang='lat' dir='ltr'><strong>et</strong></span> <span class='ocrx_word' id='word_1_235' title='bbox 872 2967 1088 3042; x_wconf 85' lang='lat' dir='ltr'><strong>exoandentia</strong></span> <span class='ocrx_word' id='word_1_236' title='bbox 1106 2989 1169 3063; x_wconf 86' lang='lat' dir='ltr'><strong>por</strong></span> <span class='ocrx_word' id='word_1_237' title='bbox 1185 2966 1295 3063; x_wconf 70' lang='lat' dir='ltr'><strong>tybias</strong></span> <span class='ocrx_word' id='word_1_238' title='bbox 1308 2969 1383 3044; x_wconf 77' lang='lat' dir='ltr'><strong>diui</strong></span> 
     </span>
     <span class='ocr_line' id='line_1_29' title="bbox 249 3062 1384 3162; baseline 0.003 -24"><span class='ocrx_word' id='word_1_239' title='bbox 249 3066 357 3138; x_wconf 83' lang='lat' dir='ltr'><strong>fratris</strong></span> <span class='ocrx_word' id='word_1_240' title='bbox 376 3087 393 3135; x_wconf 85' lang='lat' dir='ltr'><strong>a</strong></span> <span class='ocrx_word' id='word_1_241' title='bbox 413 3062 553 3158; x_wconf 83' lang='lat' dir='ltr'><strong>genibus</strong></span> <span class='ocrx_word' id='word_1_242' title='bbox 570 3087 676 3160; x_wconf 88' lang='lat' dir='ltr'><strong>usque</strong></span> <span class='ocrx_word' id='word_1_243' title='bbox 693 3065 734 3137; x_wconf 91' lang='lat' dir='ltr'><strong>ad</strong></span> <span class='ocrx_word' id='word_1_244' title='bbox 750 3065 856 3160; x_wconf 90' lang='lat' dir='ltr'><strong>pedes</strong></span> <span class='ocrx_word' id='word_1_245' title='bbox 873 3068 997 3162; x_wconf 85' lang='lat' dir='ltr'><strong>pluries</strong></span> <span class='ocrx_word' id='word_1_246' title='bbox 1015 3063 1097 3138; x_wconf 86' lang='lat' dir='ltr'><strong>trabi</strong></span> <span class='ocrx_word' id='word_1_247' title='bbox 1121 3065 1207 3138; x_wconf 82' lang='lat' dir='ltr'><strong>feeit</strong></span> <span class='ocrx_word' id='word_1_248' title='bbox 1261 3066 1384 3141; x_wconf 85' lang='lat' dir='ltr'><strong>Sedet</strong></span> 
     </span>
     <span class='ocr_line' id='line_1_30' title="bbox 250 3161 1381 3263; baseline 0.002 -27"><span class='ocrx_word' id='word_1_249' title='bbox 250 3165 320 3238; x_wconf 86' lang='lat' dir='ltr'><strong>aliie</strong></span> <span class='ocrx_word' id='word_1_250' title='bbox 337 3163 446 3235; x_wconf 70' lang='lat' dir='ltr'><strong>miultis</strong></span> <span class='ocrx_word' id='word_1_251' title='bbox 464 3161 569 3236; x_wconf 85' lang='lat' dir='ltr'><strong>modis</strong></span> <span class='ocrx_word' id='word_1_252' title='bbox 586 3173 746 3235; x_wconf 83' lang='lat' dir='ltr'><strong>tormento</strong></span> <span class='ocrx_word' id='word_1_253' title='bbox 764 3165 808 3236; x_wconf 93' lang='lat' dir='ltr'><strong>illi</strong></span> <span class='ocrx_word' id='word_1_254' title='bbox 825 3165 903 3238; x_wconf 86' lang='lat' dir='ltr'><strong>feeit</strong></span> <span class='ocrx_word' id='word_1_255' title='bbox 918 3165 1040 3236; x_wconf 79' lang='lat' dir='ltr'><strong>infern.</strong></span> <span class='ocrx_word' id='word_1_256' title='bbox 1067 3161 1136 3235; x_wconf 83' lang='lat' dir='ltr'><strong>Sed</strong></span> <span class='ocrx_word' id='word_1_257' title='bbox 1152 3164 1290 3254; x_wconf 76' lang='lat' dir='ltr'><strong>nosue,</strong></span> <span class='ocrx_word' id='word_1_258' title='bbox 1308 3170 1381 3263; x_wconf 84' lang='lat' dir='ltr'><strong>quia</strong></span> 
     </span>
     <span class='ocr_line' id='line_1_31' title="bbox 246 3261 1380 3356; baseline 0.003 -23"><span class='ocrx_word' id='word_1_259' title='bbox 246 3262 334 3335; x_wconf 77' lang='lat' dir='ltr'><strong>&#39;aliud</strong></span> <span class='ocrx_word' id='word_1_260' title='bbox 353 3283 465 3356; x_wconf 72' lang='grc' dir='ltr'>ᾳιιιιιιε</span> <span class='ocrx_word' id='word_1_261' title='bbox 492 3262 562 3332; x_wconf 83' lang='lat' dir='ltr'><strong>Deo</strong></span> <span class='ocrx_word' id='word_1_262' title='bbox 577 3261 727 3352; x_wconf 80' lang='lat' dir='ltr'><strong>protloa!</strong></span> <span class='ocrx_word' id='word_1_263' title='bbox 753 3271 802 3334; x_wconf 87' lang='lat' dir='ltr'><strong>et:</strong></span> <span class='ocrx_word' id='word_1_264' title='bbox 829 3266 916 3336; x_wconf 72' lang='lat' dir='ltr'><strong>lieres</strong></span> <span class='ocrx_word' id='word_1_265' title='bbox 932 3264 1022 3334; x_wconf 74' lang='lat' dir='ltr'><strong>oobrt</strong></span> <span class='ocrx_word' id='word_1_266' title='bbox 1040 3263 1232 3353; x_wconf 77' lang='lat' dir='ltr'><strong>lodulpeot!</strong></span> <span class='ocrx_word' id='word_1_267' title='bbox 1249 3262 1293 3336; x_wconf 90' lang='lat' dir='ltr'><strong>nb</strong></span> <span class='ocrx_word' id='word_1_268' title='bbox 1311 3268 1380 3338; x_wconf 89' lang='lat' dir='ltr'><strong>eius</strong></span> 
     </span>
     <span class='ocr_line' id='line_1_32' title="bbox 248 3359 1380 3458; baseline 0.002 -26"><span class='ocrx_word' id='word_1_269' title='bbox 248 3377 307 3432; x_wconf 86' lang='lat' dir='ltr'><strong>oro</strong></span> <span class='ocrx_word' id='word_1_270' title='bbox 334 3381 400 3431; x_wconf 94' lang='lat' dir='ltr'><strong>non</strong></span> <span class='ocrx_word' id='word_1_271' title='bbox 423 3361 525 3454; x_wconf 82' lang='lat' dir='ltr'><strong>potuit</strong></span> <span class='ocrx_word' id='word_1_272' title='bbox 545 3363 758 3455; x_wconf 33' lang='lat' dir='ltr'><strong>,extorquens</strong></span> <span class='ocrx_word' id='word_1_273' title='bbox 786 3385 860 3434; x_wconf 88' lang='lat' dir='ltr'><strong>oum</strong></span> <span class='ocrx_word' id='word_1_274' title='bbox 887 3371 998 3434; x_wconf 82' lang='lat' dir='ltr'><strong>tannen</strong></span> <span class='ocrx_word' id='word_1_275' title='bbox 1019 3383 1063 3434; x_wconf 86' lang='lat' dir='ltr'><strong>ex</strong></span> <span class='ocrx_word' id='word_1_276' title='bbox 1091 3359 1266 3435; x_wconf 82' lang='lat' dir='ltr'><strong>tortoribus</strong></span> <span class='ocrx_word' id='word_1_277' title='bbox 1285 3363 1380 3458; x_wconf 83' lang='lat' dir='ltr'><strong>aliqui</strong></span> 
     </span>
     <span class='ocr_line' id='line_1_33' title="bbox 249 3456 1378 3552; baseline 0.002 -22"><span class='ocrx_word' id='word_1_278' title='bbox 249 3459 334 3531; x_wconf 90' lang='lat' dir='ltr'><strong>illius</strong></span> <span class='ocrx_word' id='word_1_279' title='bbox 362 3456 503 3530; x_wconf 78' lang='lat' dir='ltr'><strong>finissent</strong></span> <span class='ocrx_word' id='word_1_280' title='bbox 530 3460 778 3552; x_wconf 77' lang='lat' dir='ltr'><strong>conspirationis</strong></span> <span class='ocrx_word' id='word_1_281' title='bbox 810 3470 962 3532; x_wconf 78' lang='lat' dir='ltr'><strong>auctores</strong></span> <span class='ocrx_word' id='word_1_282' title='bbox 991 3469 1024 3532; x_wconf 92' lang='lat' dir='ltr'><strong>et</strong></span> <span class='ocrx_word' id='word_1_283' title='bbox 1047 3461 1188 3549; x_wconf 68' lang='lat' dir='ltr'><strong>ennesii,</strong></span> <span class='ocrx_word' id='word_1_284' title='bbox 1216 3463 1244 3531; x_wconf 90' lang='lat' dir='ltr'><strong>si</strong></span> <span class='ocrx_word' id='word_1_285' title='bbox 1270 3472 1378 3534; x_wconf 65' lang='lat' dir='ltr'><strong>umen</strong></span> 
     </span>
     <span class='ocr_line' id='line_1_34' title="bbox 248 3554 1377 3652; baseline 0.002 -22"><span class='ocrx_word' id='word_1_286' title='bbox 248 3554 445 3652; x_wconf 76' lang='lat' dir='ltr'><strong>conspiratio</strong></span> <span class='ocrx_word' id='word_1_287' title='bbox 463 3555 524 3627; x_wconf 86' lang='lat' dir='ltr'><strong>diei</strong></span> <span class='ocrx_word' id='word_1_288' title='bbox 551 3559 673 3650; x_wconf 71' lang='lat' dir='ltr'><strong>possit,</strong></span> <span class='ocrx_word' id='word_1_289' title='bbox 699 3555 767 3628; x_wconf 93' lang='lat' dir='ltr'><strong>ubi¹</strong></span> <span class='ocrx_word' id='word_1_290' title='bbox 798 3579 859 3632; x_wconf 89' lang='lat' dir='ltr'><strong>suo</strong></span> <span class='ocrx_word' id='word_1_291' title='bbox 886 3555 996 3630; x_wconf 90' lang='lat' dir='ltr'><strong>obedit</strong></span> <span class='ocrx_word' id='word_1_292' title='bbox 1022 3560 1144 3629; x_wconf 85' lang='lat' dir='ltr'><strong>maiori.</strong></span> <span class='ocrx_word' id='word_1_293' title='bbox 1194 3557 1377 3632; x_wconf 76' lang='lat' dir='ltr'><strong>Temenus</strong></span> 
     </span>
     <span class='ocr_line' id='line_1_35' title="bbox 249 3653 1374 3751; baseline 0.004 -25"><span class='ocrx_word' id='word_1_294' title='bbox 249 3677 333 3748; x_wconf 83' lang='lat' dir='ltr'><strong>ergo</strong></span> <span class='ocrx_word' id='word_1_295' title='bbox 357 3663 423 3726; x_wconf 88' lang='lat' dir='ltr'><strong>tam</strong></span> <span class='ocrx_word' id='word_1_296' title='bbox 447 3657 576 3748; x_wconf 82' lang='lat' dir='ltr'><strong>asperis</strong></span> <span class='ocrx_word' id='word_1_297' title='bbox 599 3653 734 3749; x_wconf 86' lang='lat' dir='ltr'><strong>probata</strong></span> <span class='ocrx_word' id='word_1_298' title='bbox 759 3655 913 3728; x_wconf 85' lang='lat' dir='ltr'><strong>fidelitate</strong></span> <span class='ocrx_word' id='word_1_299' title='bbox 941 3665 976 3727; x_wconf 90' lang='lat' dir='ltr'><strong>et</strong></span> <span class='ocrx_word' id='word_1_300' title='bbox 997 3659 1150 3751; x_wconf 88' lang='lat' dir='ltr'><strong>patientia</strong></span> <span class='ocrx_word' id='word_1_301' title='bbox 1177 3653 1252 3727; x_wconf 85' lang='lat' dir='ltr'><strong>dieti</strong></span> <span class='ocrx_word' id='word_1_302' title='bbox 1271 3657 1374 3730; x_wconf 81' lang='lat' dir='ltr'><strong>fratris</strong></span> 
     </span>
     <span class='ocr_line' id='line_1_36' title="bbox 248 3752 1472 3850; baseline 0.001 -25"><span class='ocrx_word' id='word_1_303' title='bbox 248 3752 424 3825; x_wconf 83' lang='lat' dir='ltr'><strong>erudelitas</strong></span> <span class='ocrx_word' id='word_1_304' title='bbox 442 3755 572 3846; x_wconf 62' lang='lat' dir='ltr'><strong>manni</strong></span> <span class='ocrx_word' id='word_1_305' title='bbox 587 3752 767 3827; x_wconf 88' lang='lat' dir='ltr'><strong>retunditur</strong></span> <span class='ocrx_word' id='word_1_306' title='bbox 785 3753 876 3825; x_wconf 89' lang='lat' dir='ltr'><strong>etad</strong></span> <span class='ocrx_word' id='word_1_307' title='bbox 894 3753 1014 3828; x_wconf 86' lang='lat' dir='ltr'><strong>iratres</strong></span> <span class='ocrx_word' id='word_1_308' title='bbox 1030 3753 1132 3826; x_wconf 73' lang='lat' dir='ltr'><strong>nater</strong></span> <span class='ocrx_word' id='word_1_309' title='bbox 1158 3752 1270 3826; x_wconf 84' lang='lat' dir='ltr'><strong>redire</strong></span> <span class='ocrx_word' id='word_1_310' title='bbox 1297 3778 1375 3850; x_wconf 85' lang='lat' dir='ltr'><strong>per-</strong></span> <span class='ocrx_word' id='word_1_311' title='bbox 1471 3807 1472 3814; x_wconf 23' lang='grc' dir='ltr'>ι</span> 
     </span>
     <span class='ocr_line' id='line_1_37' title="bbox 248 3849 1373 3940; baseline 0.001 -17"><span class='ocrx_word' id='word_1_312' title='bbox 248 3855 388 3923; x_wconf 83' lang='lat' dir='ltr'><strong>mittitur.</strong></span> <span class='ocrx_word' id='word_1_313' title='bbox 425 3849 488 3921; x_wconf 87' lang='lat' dir='ltr'><strong>llio</strong></span> <span class='ocrx_word' id='word_1_314' title='bbox 506 3853 548 3920; x_wconf 86' lang='lat' dir='ltr'><strong>ito</strong></span> <span class='ocrx_word' id='word_1_315' title='bbox 566 3849 679 3940; x_wconf 70' lang='lat' dir='ltr'><strong>frater,</strong></span> <span class='ocrx_word' id='word_1_316' title='bbox 704 3849 764 3924; x_wconf 87' lang='lat' dir='ltr'><strong>sibi</strong></span> <span class='ocrx_word' id='word_1_317' title='bbox 791 3851 968 3924; x_wconf 88' lang='lat' dir='ltr'><strong>humilitate</strong></span> <span class='ocrx_word' id='word_1_318' title='bbox 995 3853 1163 3926; x_wconf 83' lang='lat' dir='ltr'><strong>vilescens</strong></span> <span class='ocrx_word' id='word_1_319' title='bbox 1188 3863 1223 3924; x_wconf 88' lang='lat' dir='ltr'><strong>et</strong></span> <span class='ocrx_word' id='word_1_320' title='bbox 1241 3857 1373 3926; x_wconf 69' lang='lat' dir='ltr'><strong>‘eenole</strong></span> 
     </span>
     <span class='ocr_line' id='line_1_38' title="bbox 248 3947 1374 4045; baseline 0.001 -24"><span class='ocrx_word' id='word_1_321' title='bbox 248 3948 289 4021; x_wconf 90' lang='lat' dir='ltr'><strong>ad</strong></span> <span class='ocrx_word' id='word_1_322' title='bbox 306 3951 475 4045; x_wconf 86' lang='lat' dir='ltr'><strong>proximos</strong></span> <span class='ocrx_word' id='word_1_323' title='bbox 493 3969 575 4020; x_wconf 89' lang='lat' dir='ltr'><strong>vera</strong></span> <span class='ocrx_word' id='word_1_324' title='bbox 593 3947 744 4040; x_wconf 70' lang='lat' dir='ltr'><strong>lervens,</strong></span> <span class='ocrx_word' id='word_1_325' title='bbox 761 3953 794 4021; x_wconf 96' lang='lat' dir='ltr'><strong>in</strong></span> <span class='ocrx_word' id='word_1_326' title='bbox 811 3949 926 4022; x_wconf 88' lang='lat' dir='ltr'><strong>ordine</strong></span> <span class='ocrx_word' id='word_1_327' title='bbox 943 3948 1085 4023; x_wconf 88' lang='lat' dir='ltr'><strong>devotus</strong></span> <span class='ocrx_word' id='word_1_328' title='bbox 1102 3949 1186 4041; x_wconf 66' lang='lat' dir='ltr'><strong>deo,</strong></span> <span class='ocrx_word' id='word_1_329' title='bbox 1203 3951 1266 4022; x_wconf 84' lang='lat' dir='ltr'><strong>sed</strong></span> <span class='ocrx_word' id='word_1_330' title='bbox 1283 3973 1374 4023; x_wconf 89' lang='lat' dir='ltr'><strong>oon-</strong></span> 
     </span>
     <span class='ocr_line' id='line_1_39' title="bbox 247 4045 1371 4143; baseline 0.001 -24"><span class='ocrx_word' id='word_1_331' title='bbox 247 4051 403 4142; x_wconf 87' lang='lat' dir='ltr'><strong>pasaione</strong></span> <span class='ocrx_word' id='word_1_332' title='bbox 422 4045 583 4118; x_wconf 90' lang='lat' dir='ltr'><strong>inelinans</strong></span> <span class='ocrx_word' id='word_1_333' title='bbox 601 4067 640 4120; x_wconf 87' lang='lat' dir='ltr'><strong>se</strong></span> <span class='ocrx_word' id='word_1_334' title='bbox 656 4051 819 4143; x_wconf 64' lang='lat' dir='ltr'><strong>proximu</strong></span> <span class='ocrx_word' id='word_1_335' title='bbox 837 4046 942 4122; x_wconf 86' lang='lat' dir='ltr'><strong>verbo</strong></span> <span class='ocrx_word' id='word_1_336' title='bbox 963 4048 1144 4140; x_wconf 55' lang='lat' dir='ltr'><strong>modestus</strong></span> <span class='ocrx_word' id='word_1_337' title='bbox 1163 4060 1264 4142; x_wconf 82' lang='lat' dir='ltr'><strong>gesto</strong></span> <span class='ocrx_word' id='word_1_338' title='bbox 1281 4069 1371 4123; x_wconf 85' lang='lat' dir='ltr'><strong>eorn-</strong></span> 
     </span>
    </p>
   </div>
   <div class='ocr_carea' id='block_1_5' title="bbox 116 4141 1370 4259">
    <p class='ocr_par' dir='ltr' id='par_1_5' title="bbox 116 4141 1370 4259">
     <span class='ocr_line' id='line_1_40' title="bbox 116 4141 1370 4259; baseline -0.003 -38"><span class='ocrx_word' id='word_1_339' title='bbox 116 4253 119 4259; x_wconf 74' lang='lat'><em>,</em></span> <span class='ocrx_word' id='word_1_340' title='bbox 249 4148 387 4241; x_wconf 62' lang='lat' dir='ltr'><strong>positus</strong></span> <span class='ocrx_word' id='word_1_341' title='bbox 405 4143 505 4217; x_wconf 85' lang='lat' dir='ltr'><strong>eorde</strong></span> <span class='ocrx_word' id='word_1_342' title='bbox 522 4141 699 4238; x_wconf 62' lang='lat' dir='ltr'><strong>benignus</strong></span> <span class='ocrx_word' id='word_1_343' title='bbox 714 4145 799 4218; x_wconf 84' lang='lat' dir='ltr'><strong>faeie</strong></span> <span class='ocrx_word' id='word_1_344' title='bbox 813 4145 1037 4238; x_wconf 67' lang='lat' dir='ltr'><strong>veremudus,</strong></span> <span class='ocrx_word' id='word_1_345' title='bbox 1051 4157 1166 4242; x_wconf 58' lang='lat' dir='ltr'><strong>matus</strong></span> <span class='ocrx_word' id='word_1_346' title='bbox 1181 4151 1291 4243; x_wconf 87' lang='lat' dir='ltr'><strong>utique</strong></span> <span class='ocrx_word' id='word_1_347' title='bbox 1302 4145 1370 4234; x_wconf 75' lang='lat' dir='ltr'><strong>deo,</strong></span> 
     </span>
    </p>
   </div>
   <div class='ocr_carea' id='block_1_6' title="bbox 302 4265 1059 4355">
    <p class='ocr_par' dir='ltr' id='par_1_6' title="bbox 302 4265 1059 4355">
     <span class='ocr_line' id='line_1_41' title="bbox 302 4265 1059 4355; baseline 0.011 -34"><span class='ocrx_word' id='word_1_348' title='bbox 302 4267 333 4355; x_wconf 87' lang='lat' dir='ltr'><strong>l)</strong></span> <span class='ocrx_word' id='word_1_349' title='bbox 351 4265 410 4338; x_wconf 85' lang='lat' dir='ltr'><strong>quia</strong></span> <span class='ocrx_word' id='word_1_350' title='bbox 430 4266 497 4324; x_wconf 82' lang='lat' dir='ltr'><strong>oder</strong></span> <span class='ocrx_word' id='word_1_351' title='bbox 516 4266 558 4324; x_wconf 90' lang='lat' dir='ltr'><strong>ein</strong></span> <span class='ocrx_word' id='word_1_352' title='bbox 578 4267 713 4326; x_wconf 77' lang='lat' dir='ltr'><strong>bbuliebes</strong></span> <span class='ocrx_word' id='word_1_353' title='bbox 731 4277 803 4328; x_wconf 77' lang='lat' dir='ltr'><strong>nort</strong></span> <span class='ocrx_word' id='word_1_354' title='bbox 821 4269 886 4328; x_wconf 86' lang='lat' dir='ltr'><strong>leblt</strong></span> <span class='ocrx_word' id='word_1_355' title='bbox 905 4270 932 4328; x_wconf 87' lang='lat' dir='ltr'><strong>in</strong></span> <span class='ocrx_word' id='word_1_356' title='bbox 952 4271 1059 4329; x_wconf 87' lang='lat' dir='ltr'><strong>dor-bs.</strong></span> 
     </span>
    </p>
   </div>
   <div class='ocr_carea' id='block_1_7' title="bbox 0 0 1496 4824">
    <p class='ocr_par' dir='ltr' id='par_1_7' title="bbox 0 0 1496 4824">
     <span class='ocr_line' id='line_1_42' title="bbox 0 0 1496 4824; baseline 0 0"><span class='ocrx_word' id='word_1_357' title='bbox 0 0 1496 4824; x_wconf 95' lang='lat' dir='ltr'><strong> </strong></span> 
     </span>
    </p>
   </div>
  </div>
 </body>
</html>
