2900 4820
352 273 517 332 niumm
539 273 877 334 uuwmuunounsrs.
1101 277 1175 354 207

63 453 103 521 oui
118 451 252 536 interffi,
269 475 333 547 per
351 452 529 546 predictum
548 451 590 522 de
606 451 747 523 Randek
764 474 808 524 ex
826 461 918 546 parte
936 453 1089 546 principis
1107 449 1174 522 hu-

64 550 175 620 millime
196 573 299 644 super
322 554 483 644 peticione
508 549 726 624 absolucIonis
751 560 784 621 et
806 551 1038 638 restitucionis,
1062 561 1096 620 et
1119 551 1176 622 sa-

63 647 149 718 cuudo
165 671 336 738 sannone,
354 647 396 719 de
414 671 477 742 quo
494 671 611 720 ornnes
629 651 682 742 qui
700 648 837 720 aderant
854 645 1065 731 mirabantur,
1089 670 1172 742 pnpa

62 750 289 834 paciosissime
313 746 540 841 respondeus,
569 747 663 820 dixit:
694 769 730 818 se
751 757 783 818 el
805 747 928 832 fratres
948 767 1024 816 suos
1044 750 1085 816 ile
1105 749 1175 827 liae,

61 849 133 930 mod
149 847 270 914 nobilis
291 865 404 916 ramus
424 849 573 934 ecclesie,
596 847 812 934 Alamannia,
840 850 897 934 qui
916 865 951 914 se
972 849 1006 913 in
1031 863 1175 932 persana

60 943 165 1010 lemnii
179 945 353 1014 Ludorolci
373 947 439 1014 ledi
457 963 520 1031 per
536 947 708 1016 ecclesiam
728 949 890 1032 estimans,
911 947 979 1014 iam
996 944 1038 1012 ab
1056 944 1176 1012 arbore

60 1045 265 1110 ecclesiastica
287 1047 441 1130 separari
461 1049 599 1131 ceperat,
624 1045 728 1112 eidem
749 1043 864 1112 arbori
881 1062 952 1111 cam
970 1050 1037 1112 tarn
1054 1060 1174 1129 mapna

59 1138 162 1207 tonare
187 1143 281 1209 sedis
301 1142 594 1229 redintepraretur,
623 1144 800 1228 plurimum
826 1143 1007 1229 prolatari,
1040 1139 1174 1210 multum

59 1235 281 1308 contuendam
304 1237 535 1308 Alamannicus
563 1248 597 1308 et
624 1236 789 1310 domuum
817 1235 1049 1324 Ludowiuurn,
1079 1249 1174 1329 quem

58 1335 234 1405 nobiliorem
263 1339 379 1405 rnnnli
407 1333 553 1422 dicebat,
587 1357 810 1429 conquerens:
842 1339 916 1424 repr·
951 1336 1090 1406 italiam
1114 1353 1176 1424 per·

58 1439 212 1521 tyrannos,
245 1454 292 1504 ac
311 1453 447 1522 repetam
468 1435 619 1504 monnio
641 1438 718 1522 capi
738 1455 761 1502 a
777 1438 936 1524 poponis,
966 1436 1175 1520 cuius'prr‘rr-

57 1533 130 1616 cipes
154 1541 303 1620 tempore
331 1535 455 1601 damini
480 1531 636 1602 Iohannis
658 1552 748 1621 pape
775 1541 808 1602 et
831 1552 890 1602 sua
917 1533 1175 1602 Christianarum

56 1632 199 1697 errantium
222 1631 459 1718 implorabant,
496 1650 538 1698 ac
558 1639 680 1700 terram
700 1638 847 1700 sanctam
869 1637 1006 1718 propter
1027 1633 1175 1718 impero-

56 1731 121 1794 toris
140 1731 334 1798 narencium
355 1730 520 1816 occupari.
567 1729 656 1798 Unde
676 1730 799 1816 merita,
821 1725 913 1816 dixit,
935 1728 1175 1798 absolucionem

55 1843 82 1890 se
98 1829 258 1913 impertiri
280 1826 412 1914 debere,·
433 1847 497 1919 que
516 1835 547 1896 et
565 1824 634 1896 dari
652 1828 744 1919 quasi
763 1828 904 1896 crastino
923 1823 1124 1919 sperabatur.

108 1921 233 1996 Verum
253 1921 420 2017 predictus
438 1921 577 1993 Francia
595 1933 628 1994 el
644 1921 809 1994 Robertus
828 1922 950 1994 Ceoilie
975 1943 1036 1994 seu
1053 1921 1175 2016 Apollo

57 2042 142 2111 reges
165 2024 289 2093 oru'ues
320 2022 412 2115 quasi
437 2018 620 2092 cardinales
645 2045 663 2090 a
687 2024 853 2114 proposito
878 2029 1068 2092 averieront
1091 2042 1175 2113 pre-

56 2131 209 2214 coucepto.
238 2119 413 2190 Venerant
432 2121 519 2189 enirn
537 2117 578 2188 ad
596 2117 837 2212 impediendum
856 2118 974 2190 facturn
992 2117 1034 2188 ud
1051 2121 1173 2188 curiam

55 2215 108 2286 duo
124 2218 376 2312 archiepiscopi,
394 2214 458 2286 duo
476 2218 620 2310 episcopi
639 2226 671 2286 et
682 2214 746 2286 duo
758 2219 891 2288 comites
905 2239 948 2286 ex
961 2225 1053 2309 parte
1064 2213 1175 2286 Frau-

55 2317 106 2404 cio,
123 2326 154 2386 ei
172 2315 310 2388 totidem
322 2335 365 2386 ex
376 2321 468 2408 porte
479 2316 570 2404 regis
582 2310 728 2402 Roberti,
746 2325 981 2408 proponentes
999 2335 1175 2383 erroneum

55 2436 133 2498 esse,
155 2425 285 2485 tanturm
302 2409 524 2483 heresiarcam
541 2433 726 2505 preponere
745 2409 883 2483 dominis
903 2433 1017 2482 eorum
1035 2411 1176 2481 ecclesie

56 2507 260 2598 fidelissimis,
278 2531 461 2603 papamque
480 2531 603 2582 cavere
621 2506 756 2597 debere,
775 2531 818 2578 ne
837 2508 942 2580 fautor
959 2507 1177 2578 hereticorum

55 2607 172 2680 dicatur.
205 2609 298 2702 Papa
318 2629 401 2680 vero
419 2604 563 2677 dicente:
585 2607 673 2696 eriit
688 2611 799 2677 colant
813 2610 937 2678 damini
952 2607 1072 2677 vostri?
1091 2608 1181 2693 qnod

54 2725 107 2774 reon
125 2711 168 2778 sit
186 2707 394 2795 imperinm?
411 2703 479 2774 Illis
497 2727 581 2775 vero
598 2715 754 2799 proterve
772 2703 969 2776 dicentibus:
992 2705 1096 2792 Pater,
1113 2723 1178 2774 non

54 2805 233 2895 impinpatrs
256 2805 319 2874 ltoc
341 2805 481 2873 dominis
500 2807 620 2872 nastris
641 2807 692 2873 ael
716 2804 809 2872 nolis
830 2805 919 2892 quad
938 2822 1003 2872 nort
1024 2804 1179 2890 alamus,-

53 2905 121 2986 po'a
140 2911 262 2974 cantra
289 2905 460 2990 imperium
487 2920 552 2970 nan
579 2905 756 2988 loquintar,
784 2904 844 2971 sed
862 2909 977 2970 contra
1000 2919 1178 2989 personam

55 2999 209 3071 lailouici
230 3003 454 3088 darnpnatam.
497 2997 645 3091 Cumque
662 2997 821 3087 dicerent,
848 2997 1061 3068 Ludowiourn
1079 2996 1177 3068 multa

53 3109 151 3169 rrsutrn
170 3098 354 3170 ecclesiam
370 3097 505 3186 secisse,
523 3119 605 3189 papa
623 3095 717 3166 dixit:
739 3094 1180 3179 Immonoslccimtrscantra

53 3214 129 3285 eun,-
149 3201 221 3286 ipse
240 3215 314 3264 cnm
332 3196 449 3264 baculo
468 3199 604 3264 cepisset
622 3197 669 3264 art
683 3196 785 3284 pedes
801 3196 1043 3283 predecessoris
1059 3195 1163 3262 nostri
1167 3217 1178 3278 ,·

53 3295 111 3379 ipse
125 3299 235 3366 noluit
249 3311 329 3382 cnm,
348 3302 380 3363 et
394 3294 552 3380 quicquid
561 3295 616 3362 ille
632 3292 719 3382 lecit,
732 3300 930 3380 prouocatus
940 3289 1027 3375 sealt.
1059 3290 1179 3375 Quan-

53 3399 242 3486 tumcunque
262 3401 371 3462 aulem
388 3413 472 3484 papa
491 3399 679 3480 assereret,
707 3412 746 3460 se
764 3390 899 3460 meliora
923 3397 1017 3482 pacta
1041 3384 1082 3458 ab
1108 3389 1179 3482 ipso

54 3484 222 3562 Ludowico
252 3511 311 3584 pro
338 3487 491 3582 predictis
516 3485 671 3578 regibuS,
699 3510 814 3558 eorum
840 3489 955 3576 regnis
981 3497 1014 3557 et
1037 3487 1178 3580 posteris

54 3597 288 3676 extracturum,
318 3608 415 3681 quoin
440 3589 468 3656 si
492 3591 581 3656 eum¹
610 3595 778 3667 tenerent,
810 3587 939 3678 penitus
963 3583 1007 3655 nil
1031 3581 1178 3677 proiecit.

54 3681 118 3754 Rex
139 3685 283 3756 Francia
312 3687 416 3755 eciam
441 3685 474 3753 in
503 3693 588 3754 terra
617 3707 677 3755 sua
702 3681 844 3776 tradique
868 3679 951 3752 iruna
977 3692 1010 3751 et
1032 3679 1178 3751 redditus

53 3781 258 3856 cardinalium
275 3781 450 3853 intendunt.
493 3781 699 3876 Scripseram
718 3784 822 3851 eciam
840 3781 903 3852 illis
922 3775 1037 3850 diebus
1056 3777 1097 3848 ad
1115 3799 1179 3847 cu-

54 3881 123 3951 riam
145 3904 209 3952 rex
234 3879 392 3952 Bobemie
418 3889 451 3950 et
475 3878 648 3951 Heinricus
673 3877 741 3950 dux
763 3878 931 3968 Bawarie,
960 3896 1067 3968 gener
1090 3878 1178 3946 eius:

54 4039 1180 4168 pmvjoemfflaVaffimfflmfflwmmfflumdfflpfflmr

63 4112 1179 4184 mmwmffimssfflwfflfflmummmmkfflffimm

55 4183 1062 4258 ΗΜΜΝωΒΜὲΜΆωΜΜΜΨΜΜἯΜὴᾩΜ

118 4285 561 4356 ΙΗυωΜὴΜΜπηπὴΑ
