2900 4820
249 207 325 282 250
549 204 716 264 mutuus
734 202 1075 268 uutvnuunouuste.

167 397 236 454 tatu
250 381 346 456 tibus.
381 381 419 456 In
436 381 549 454 eloneo
566 391 677 454 autern
686 377 773 453 hulla
784 379 973 454 hortabatur
981 403 1067 476 pupa
1077 401 1210 474 regen
1228 389 1386 455 otuver-

251 491 336 552 teret
351 502 469 571 regern
487 479 635 572 Ungnrie
658 500 821 572 generum
839 501 948 572 suom,
971 499 1016 552 ue
1038 502 1077 552 sa
1100 480 1278 572 eolliguret
1299 502 1387 574 pro-

251 577 516 747 phanouhioelffl
539 576 710 650 Laurenoii
733 575 823 651 urhis
847 575 1000 651 tribuno.¹
1037 577 1172 652 Exosus
1196 580 1289 650 enirn
1313 588 1390 650 erut

274 699 335 772 ape
414 699 510 748 unus.

250 700 272 773 p
316 773 480 848 Inclusam
505 777 610 846 eniam
633 776 719 847 misit
741 777 868 869 oopiuru
890 777 997 848 littere
1021 797 1082 870 per
1105 773 1273 847 tribunum
1299 799 1390 870 papa

251 873 405 962 dire0o2,
421 875 455 942 in
472 894 535 967 quo
548 868 709 963 tribunus,
727 895 879 967 eumnper
894 895 1013 968 papum
1031 871 1073 944 de
1096 871 1244 968 pluribus
1267 871 1391 946 unisset

251 981 402 1063 argutus,
429 969 598 1066 respondit
619 971 706 1042 iuter
722 970 801 1042 ullu:
829 993 868 1044 se
891 981 1013 1043 terrum
1038 974 1141 1044 saneti
1157 971 1250 1042 Petri
1275 973 1390 1043 animo

252 1067 450 1140 defendendi
467 1091 486 1138 a
503 1071 651 1162 muntiis
670 1078 799 1158 tenere,
822 1091 926 1163 seque
944 1071 1037 1164 quusi
1053 1073 1190 1142 inritum
1209 1068 1253 1140 ad
1276 1067 1391 1140 trihu-

250 1169 377 1239 natum³
402 1175 623 1260 assumpturo,
655 1189 720 1238 neo
742 1175 895 1260 oportere
918 1189 1037 1262 popum
1060 1164 1245 1262 procedere
1271 1177 1391 1239 oontm

252 1268 358 1358 ipsum
375 1265 438 1336 nisi
455 1261 598 1334 ollioium
622 1260 773 1352 dimittut3
802 1263 887 1358 quod
910 1264 1084 1354 dimitterea
1112 1267 1145 1336 in
1168 1274 1335 1358 quantum
1359 1267 1391 1336 in

251 1384 293 1434 eo
311 1371 375 1452 ast,
399 1364 542 1434 asseruit
558 1383 597 1434 se
613 1373 772 1456 puratum.
816 1359 898 1434 Cum
916 1372 1026 1434 autern
1047 1365 1222 1456 untiqrritus
1240 1361 1391 1434 Romani

251 1457 424 1532 habuerint
445 1462 611 1553 patricios„
635 1471 821 1550 senatoreu
844 1459 1023 1554 prefectos,
1047 1458 1193 1531 tribunos
1212 1469 1246 1530 et
1264 1460 1391 1531 multos
1435 1505 1436 1546 4

250 1555 422 1646 officiatos,
447 1557 518 1650 quis
536 1561 585 1629 eis
609 1555 783 1630 inhibuerit
805 1558 889 1631 telas
906 1555 1004 1629 hodia
1021 1555 1143 1629 hahere
1160 1579 1280 1652 posse,
1298 1579 1392 1652 qne-

251 1657 337 1727 sivit.
365 1654 447 1727 Corn
465 1663 498 1726 et
514 1652 640 1727 honore
657 1653 775 1748 dignos
793 1656 870 1729 olim
881 1657 983 1728 variis
995 1658 1124 1728 ooronis
1135 1657 1393 1746 insigniverint
1435 1671 1436 1746 l

252 1755 323 1847 quis
341 1775 400 1825 eos
422 1763 552 1844 ergoet,
580 1751 666 1848 quod
689 1755 796 1847 ipsum
819 1752 982 1826 tribunum
1004 1752 1118 1840 laureo
1137 1763 1171 1825 et
1187 1749 1393 1846 qrrihnsdaun
1435 1749 1436 1830 l

251 1853 380 1923 coronis
399 1850 470 1922 aliis
494 1851 704 1923 ooronarint?
745 1852 818 1925 Nee
841 1855 969 1940 mirumq
993 1850 1079 1945 quod
1101 1853 1135 1922 in
1158 1871 1265 1922 oonou
1290 1871 1393 1922 mar-

251 1970 364 2019 morea
383 1947 586 2020 Constantini
602 1953 807 2042 imperatoris
826 1971 864 2022 ee
881 1949 987 2021 lavari
1004 1951 1163 2044 permisit,
1181 1950 1216 2018 in
1233 1971 1302 2042 qua
1323 1971 1393 2042 pu·
1435 2015 1436 2042 p

252 2067 359 2137 genus
378 2047 482 2118 extitit
498 2043 692 2139 baptizatusa
717 2069 791 2119 oum
808 2049 840 2119 in
859 2048 961 2143 ipsius
985 2044 1103 2117 tribuni
1125 2045 1265 2116 luvooro
1291 2045 1392 2140 plura
1435 2051 1436 2145 l

250 2144 371 2214 luerint
379 2145 475 2233 signu
483 2141 597 2236 luotu⁴7
606 2167 701 2238 quum
711 2145 953 2219 inConstuntini
961 2141 1131 2238 baptismo.
1143 2144 1393 2238 Prosequendo
1435 2147 1436 2213 l

250 2238 407 2312 mirabilia
426 2239 468 2310 de
486 2261 568 2334 paee
585 2251 619 2314 et
635 2243 864 2338 tranquillitate
887 2238 977 2315 urhis
1001 2251 1036 2312 et
1056 2237 1174 2335 patrie
1198 2262 1266 2334 que
1289 2239 1392 2312 breui

249 2347 398 2432 tempore
416 2359 477 2410 suo
494 2343 637 2412 asseruit
652 2339 765 2414 divino
780 2345 894 2414 iutuitu
912 2361 992 2412 esse
1008 2339 1107 2428 faetn,
1130 2359 1207 2410 aum
1227 2348 1391 2434 tempore
1435 2355 1436 2432 p

250 2439 468 2530 promooiouis
486 2457 548 2510 sue
568 2449 635 2509 turn
658 2437 702 2509 de
727 2438 804 2511 dote
825 2441 940 2512 uxoris
962 2459 1062 2531 quarn
1084 2435 1212 2508 oalurrm
1236 2457 1304 2507 suo
1332 2437 1393 2508 vix

249 2533 399 2607 hahuerit
416 2536 648 2628 quinquaginta
665 2537 822 2627 llorenosn
840 2548 873 2610 et
889 2541 921 2608 in
939 2556 1084 2631 persona
1102 2555 1163 2606 suu
1179 2533 1278 2627 plura
1295 2556 1393 2629 ope-
1435 2543 1436 2636 l

250 2641 341 2704 retus
359 2636 402 2705 sit
417 2631 501 2705 deus
519 2655 614 2727 quarn
631 2633 819 2708 Bonlfuuos
839 2655 924 2729 popu
947 2653 1022 2706 oum
1039 2631 1211 2704 thesauro·
1223 2651 1306 2722 suo,
1333 2631 1393 2702 vel
1435 2639 1436 2710 l

251 2728 393 2803 Kerolus
420 2728 565 2822 Magnus
590 2753 665 2804 oum
692 2755 752 2806 sun
780 2736 930 2826 potencia
956 2733 1170 2827 proournrint.
1227 2727 1392 2821 Argutus

252 2831 370 2916 eniam,
398 2825 484 2922 qnod
507 2831 540 2900 in
564 2831 724 2901 neolone
748 2853 810 2924 que
835 2851 947 2902 ooruru
969 2849 1009 2902 se
1033 2839 1066 2900 et
1087 2825 1247 2899 llomunis
1274 2829 1394 2898 cituvh

252 2922 467 2997 Ludowioum
484 2923 601 2998 ducem
616 2926 762 3000 Bovario
779 2937 813 3001 et
829 2926 987 3000 llarolnm
1009 2945 1128 3020 regern
1144 2921 1326 3015 BohemiQ
1352 2943 1392 2996 su

251 3025 501 3096 intromittentes
519 3022 562 3094 de
581 3047 688 3117 regno
705 3027 868 3116 Romano,
891 3025 1060 3097 Baverurn
1084 3022 1202 3094 duoern
1224 3027 1395 3094 nornhrr

252 3121 351 3211 verit,
367 3141 442 3194 oum
458 3141 520 3215 per
535 3143 653 3216 popum
670 3123 767 3196 fuerit
783 3121 902 3196 duoutn
918 3125 1080 3218 privutosq
1097 3117 1285 3193 Bolremurn
1301 3142 1393 3192 vern

251 3221 437 3292 Romanurn
454 3241 572 3312 regem
590 3242 656 3292 non
673 3224 905 3311 nominaverit,
931 3221 1083 3316 quumvis
1100 3219 1198 3290 luerit
1214 3220 1248 3288 in
1267 3239 1393 3312 regam

252 3318 475 3390 Romanorum
498 3340 560 3411 per
586 3317 701 3391 sedern
724 3317 935 3414 apostolieum
960 3315 1170 3414 approbatus,
1197 3315 1393 3410 respoudit:

254 3437 293 3489 se
310 3435 377 3486 non
394 3435 549 3507 magnum
573 3416 615 3487 de
641 3415 825 3489 huiusmodi
849 3418 947 3490 titolis
965 3419 1034 3488 viru
1057 3414 1191 3486 iecisse.
1242 3411 1337 3485 Cum
1362 3423 1395 3484 et

252 3513 330 3585 olim
340 3514 480 3585 Romani
498 3511 559 3586 sihi
576 3513 760 3607 eolligurint
775 3517 939 3609 principes
957 3524 992 3585 et
1008 3515 1147 3584 urniooe:
1165 3533 1224 3584 our
1237 3520 1275 3584 et
1289 3509 1394 3584 hodie

252 3613 327 3702 regi
344 3610 493 3701 Ungerie
511 3620 545 3683 et
560 3613 631 3686 ullis
650 3635 689 3686 se
707 3611 866 3704 oolligare
889 3633 957 3684 non
980 3609 1134 3700 debeant,
1157 3629 1224 3680 non
1244 3607 1392 3682 videret.

253 3708 431 3804 Pluraque⁵
449 3710 512 3781 ulia
531 3713 659 3783 seriose
675 3714 854 3805 rescripsit,

303 3805 439 3879 Summe
457 3817 569 3880 autem
579 3807 1201 3902 oomrnissionisBuhenbergensiieote
1210 3807 1288 3880 tulis
1299 3819 1392 3880 erut:

257 3907 336 3976 Cum
352 3910 454 3996 multi,
472 3909 529 3995 oui
544 3909 735 3997 emendor,
756 3927 931 3997 processus
947 3915 982 3977 at
989 3925 1098 3997 ponor
1114 3907 1276 3976 lotounta
1289 3925 1392 3996 pope,

307 4017 337 4087 l)
362 4019 388 4074 (l.
408 4019 433 4074 d.
454 4018 523 4076 1347
542 4019 599 4075 (leo.
619 4019 644 4074 7.
680 4017 711 4087 2)
736 4021 761 4075 d.
781 4019 808 4075 tl.
826 4017 908 4076 honre
928 4021 955 4076 io
974 4018 1100 4092 capitolio
1121 4016 1192 4074 1347
1212 4023 1267 4074 oet
1284 4017 1318 4075 ll
1341 4019 1393 4074 ah·

252 4089 384 4213 pedruekt
409 4089 452 4145 bei
479 4089 649 4172 Wtirdtwein
675 4092 747 4147 Nora
773 4089 852 4174 subs.
874 4090 917 4162 ll,
937 4091 971 4148 12
996 4091 1049 4146 und
1067 4091 1107 4174 ‚ra
1143 4089 1244 4172 noordt
1271 4090 1339 4146 colu
1366 4090 1392 4144 di

274 4175 352 4215 renuo
371 4177 396 4233 p.
416 4177 460 4216 xx.
486 4160 516 4230 3)
535 4161 670 4217 tribunum
688 4163 716 4216 B.
742 4163 774 4231 4)
794 4177 872 4232 signu
893 4163 961 4218 tacu
981 4160 1049 4219 iehlt
1066 4179 1093 4217 rn
1134 4203 1140 4216 .
1160 4161 1216 4217 und
1235 4165 1274 4217 ret
1292 4177 1342 4218 rus
1360 4163 1392 4218 A.
1435 4193 1436 4204 κ

254 4236 372 4302 ergiout.
409 4235 441 4302 5)
461 4249 493 4290 eo
512 4231 554 4303 h,
572 4233 699 4307 pleraque
718 4234 746 4290 ll.
