3036 4822
254 213 328 294 344
521 215 688 278 conculca
705 217 901 278 ruassmutt
920 217 1120 276 srmunsltnt.

257 405 291 467 et
308 395 453 468 terminis
470 397 573 490 ipsius
591 394 633 465 ad
650 417 710 468 ecs
727 397 853 468 ratione
869 395 948 466 iun's
965 403 1155 488 patronatus
1172 393 1386 488 pcrtinente¹,

255 493 385 565 decano
407 503 440 564 ct
459 492 599 587 capitulo
616 492 765 587 Spirensi
783 490 1029 564 vendidertmt.²
1063 489 1147 562 Item
1170 493 1257 564 drea
1280 513 1386 564 annos

257 591 378 662 domini
401 591 586 664 mcclxvi.
608 589 736 681 [1262]
763 601 911 683 tempore
936 591 1067 682 prelati³
1085 589 1219 661 Hanrioi
1241 592 1387 684 episcopi

256 688 425 762 fundatum
442 687 601 782 cstSpire
618 689 795 762 claustrum
813 686 948 758 fratrum
958 687 1203 762 Predioatcrmn
1219 696 1252 757 et
1268 686 1387 758 frames

257 785 407 858 eiusdem
432 785 554 858 ordinis
578 784 761 874 introducti
786 787 838 878 qui
857 807 895 858 se
913 793 947 854 et
964 805 1044 858 suos
1065 805 1281 860 successores
1298 783 1387 856 obli-

251 894 377 976 ·garunt
404 887 559 979 episcopo
576 895 611 955 et
633 884 722 956 clero
745 888 779 954 in
797 883 934 972 munst
958 905 1021 978 que
1045 886 1142 956 modo
1166 885 1298 954 minime
1321 879 1389 954 ob-

253 993 403 1058 servant.
710 1033 713 1040 -

252 1109 254 1116 ·
306 1077 494 1160 Fridericus
512 1079 555 1152 de
571 1079 742 1172 Bolandic,
766 1081 851 1156 filius
876 1085 999 1156 sororis
1023 1080 1141 1178 prelati
1158 1080 1292 1152 Henrici
1310 1083 1390 1174 epi-

257 1183 361 1272 scopi,
384 1179 499 1251 xlxiii.
518 1178 661 1252 ecclesie
677 1179 844 1275 Spirensis
866 1183 1055 1275 episcopus,
1079 1176 1218 1272 adeptus
1242 1186 1294 1250 est
1310 1181 1390 1280 epi-

240 1281 428 1371 ’scopatum
439 1298 526 1347 anno
534 1275 654 1348 domini
664 1279 862 1352 mcclxxii.
871 1287 985 1372 quarto
995 1297 1100 1349 nonas
1108 1278 1219 1348 marcii
1230 1277 1338 1366 [mira
1347 1273 1388 1365 4]

256 1373 379 1446 resedit
395 1377 428 1446 in
446 1377 502 1445 ea⁵
521 1377 605 1446 circa
627 1397 732 1448 annos
749 1397 833 1447 xxx.
869 1375 931 1447 Hic
947 1373 1133 1446 Fn‘dericus
1157 1395 1244 1444 anno
1266 1371 1390 1444 domini

256 1495 368 1544 mccc.
386 1470 464 1545 lecit
486 1493 652 1544 renovare
676 1496 809 1546 crucem
832 1493 988 1564 magnam
1004 1477 1037 1544 in
1055 1493 1133 1544 arcu
1151 1468 1300 1542 ambonis
1322 1491 1390 1564 po-

256 1573 365 1659 sitam,
383 1591 446 1664 qne
457 1580 624 1643 vetustate
641 1581 832 1664 consumpta
850 1574 977 1642 ninam
995 1567 1188 1658 minabatur,
1207 1565 1392 1640 uthehetur

256 1671 290 1739 in
307 1665 425 1741 tabulis
443 1666 659 1762 pendentibus
673 1673 706 1740 in
718 1667 818 1740 choro
837 1679 950 1740 sancte
969 1670 1085 1739 crucis.
1110 1665 1154 1736 Et
1170 1666 1320 1760 sepultus
1338 1675 1393 1738 est

255 1768 289 1836 in
317 1768 517 1837 monasterio
544 1765 876 1855 onerantium
904 1785 1067 1836 marmore
1095 1765 1297 1836 monumenti
1324 1763 1392 1834 tale

251 1865 440 1936 'conduntur
458 1862 670 1957 epitapthm:

384 1985 536 2058 Continet
552 1986 615 2059 hec
630 1988 721 2060 fossa
739 1987 875 2060 Fridrici
891 1987 1032 2083 presulis
1051 2007 1128 2060 ossa

381 2082 552 2172 Quondam
570 2083 750 2180 Spirensisq
769 2085 851 2160 deus
869 2086 958 2157 illum
976 2105 1116 2179 pascere
1133 2079 1259 2149 mensis

380 2179 472 2253 Coeli
490 2179 650 2274 digneris
669 2183 774 2278 epulis
793 2204 921 2278 quoquc
937 2185 1079 2274 iungere
1095 2179 1198 2253 veris.

381 2278 483 2351 Anno
501 2279 633 2352 milleno
651 2275 925 2376 treoemcnoque⁶
943 2278 1090 2352 secundo

379 2376 491 2470 Atque
508 2377 573 2449 kal.
592 2381 702 2472 quinto
719 2377 823 2450 lebrui
841 2378 936 2450 datm
951 2381 995 2450 isl
1014 2381 1086 2471 pius
1105 2385 1207 2448 anno.

255 2491 337 2564 Item
354 2489 515 2565 Rndcllus
534 2492 576 2563 de
594 2491 772 2587 Habsburg
794 2517 857 2565 rex
873 2495 1096 2568 Romanorum
1119 2489 1215 2563 huius
1243 2493 1391 2585 episcopi
1500 2471 1501 2552 ἶ

256 2587 457 2684 temporibus
480 2591 627 2684 sepultus
653 2601 705 2663 est
721 2591 818 2686 Spire
835 2595 868 2662 in
886 2591 985 2664 choro
1008 2612 1140 2683 regomq
1164 2587 1219 2659 uhi
1243 2591 1276 2658 in
1294 2610 1392 2659 mar-

257 2708 350 2759 more
375 2687 441 2759 tale
464 2685 602 2759 habetur
625 2687 839 2784 epitaphium:
865 2689 1023 2773 liudolfus
1045 2691 1086 2758 de
1108 2687 1298 2776 aaronem
1319 2686 1393 2755 lto-
1500 2723 1501 2750 r

258 2805 430 2854 manorum
440 2805 501 2855 ree
511 2804 599 2856 conc
610 2791 705 2878 repat
720 2792 773 2858 sui
787 2790 878 2857 cciii.
889 2789 971 2858 odiit
985 2805 1073 2857 anno
1084 2789 1210 2856 domim
1224 2787 1391 2854 moenai.

255 2901 363 2954 omme
393 2884 469 2953 iulii
491 2885 527 2952 io
554 2887 608 2954 dic
635 2888 804 2955 divisionis
832 2889 1054 2974 apostolorum
1083 2882 1153 2974 [iul.
1182 2882 1259 2972 15].
1306 2880 1392 2952 ltern

254 2977 398 3051 Adollus
416 2977 458 3050 de
475 2977 665 3054 Nassanwe
678 2982 902 3055 Romanorum
918 3005 982 3054 rex
998 2980 1115 3076 prelati
1133 2981 1280 3146 episcopli
1296 2988 1392 3049 mm·

255 3075 388 3171 poribus
407 3079 554 3172 sepultus
579 3088 631 3151 est
648 3077 744 3173 Spire
761 3083 795 3151 in
813 3079 912 3152 choro
929 3100 1061 3172 regum,
1084 3076 1139 3149 ubi
1161 3077 1226 3150 tale
1274 3073 1392 3147 abeam

256 3173 469 3269 epitaphium:
490 3179 585 3247 Anno
606 3180 731 3248 domini
750 3181 958 3248 mccccaiii.
982 3179 1064 3248 odiit
1079 3173 1220 3260 'Adclsus
1240 3177 1281 3244 de
1299 3175 1392 3244 Νω-

255 3291 364 3344 scuwc
386 3274 607 3345 Romanorum
627 3295 689 3346 rec
709 3279 750 3347 ci.
770 3295 876 3347 nonos
903 3279 977 3346 iulii
999 3276 1069 3367 [iul.
1087 3273 1127 3364 2]
1154 3276 1281 3344 accim
1300 3291 1392 3342 aare

254 3374 351 3460 requi
369 3374 422 3442 sni
441 3375 507 3442 ciii.
541 3371 579 3443 ln
597 3375 689 3445 cuius
751 3372 838 3445 idem
861 3372 974 3445 tumuli
992 3375 1160 3468 opertione
1182 3373 1320 3442 inventa
1339 3379 1393 3442 est

254 3489 360 3562 parva
379 3470 526 3561 capsula„
543 3471 577 3541 in
594 3493 695 3564 quac
732 3473 806 3563 gies
825 3470 994 3544 curiusdem
1011 3469 1169 3566 puellule7
1194 3489 1258 3563 que
1277 3489 1392 3562 maon-

255 3562 330 3635 dam
349 3574 421 3636 crat
437 3565 501 3638 lilia
513 3565 670 3640 Friderici
686 3571 914 3663 imperatorisp
924 3566 1030 3639 adhuc
1046 3567 1227 3663 aliqualiter
1243 3563 1392 3637 restabat

255 3685 330 3734 cum
347 3664 543 3758 corpusculo
560 3666 708 3740 involuto
725 3689 800 3737 cum
817 3689 926 3763 parma
945 3669 1061 3738 scrico.
1088 3662 1184 3754 Quod
1201 3685 1390 3757 corpuscu-

253 3760 334 3851 lum„
353 3784 427 3833 cum
444 3761 594 3836 manibus
612 3774 817 3854 naceretur,
834 3768 942 3838 statim
952 3767 985 3834 in
1002 3763 1177 3858 pulverem
1195 3771 1246 3834 est
1262 3757 1391 3832 redac-

308 3945 338 4014 i)
363 3945 397 4002 sd
421 3947 496 4019 ipsos
522 3949 679 4021 pertinentis
704 3955 777 4006 wire
802 3951 868 4006 nach
894 3951 941 4007 der
967 3950 1024 4006 urla.
1043 3966 1076 4005 nn
1095 3949 1179 4004 lesco.
1215 3949 1246 4014 2)
1266 3949 1390 4020 Remling

255 4015 281 4086 1,
301 4015 363 4076 270.
400 4017 431 4086 3]
451 4019 518 4076 teuta
542 4019 569 4078 in
587 4021 633 4078 W.
669 4025 701 4091 4)
720 4021 890 4080 Wtirdtwein
909 4021 988 4078 subs.
1008 4021 1035 4076 di
1054 4021 1071 4076 l.
1090 4023 1123 4089 5,
1146 4018 1200 4076 stt
1219 4021 1237 4074 l.
1275 4023 1306 4089 5)
1326 4021 1389 4076 W.:

247 4087 325 4143 sedit
349 4087 427 4145 eirca.
463 4089 494 4158 d)
513 4105 546 4147 so
565 4092 687 4176 Remiing
705 4093 801 4150 Gcsclr.
823 4092 853 4161 1,
877 4093 930 4149 553
949 4111 974 4148 n.
996 4039 1080 4160 ΜΞ),
1103 4091 1232 4146 withread
1251 4091 1313 4148 Ere.
1334 4091 1389 4146 uod

253 4157 494 4292 {Vingehg'enflda}
511 4168 622 4221 meeum
648 4164 789 4223 millesimo
815 4163 1055 4240 trecentesimoqne
1079 4162 1174 4218 haben.
1212 4161 1243 4236 7)
1267 4179 1301 4218 so
1327 4163 1389 4234 W.;

274 4246 288 4288 s
318 4246 333 4285 s
370 4247 395 4290 tc
434 4248 475 4290 em
488 4247 543 4308 urg.
