3014 4822
528 251 693 312 mammas
711 252 872 314 armans
1190 255 1265 330 41ss

136 425 256 500 nando.
304 425 410 498 Finito
436 427 560 520 hymno
585 447 650 500 rex
675 427 718 498 de
744 427 837 500 alteri
864 425 1062 517 descendat.
1091 427 1209 500 ollerat
1234 438 1268 500 ot

135 535 269 598 vestem
287 527 491 618 superiorem
515 525 656 619 deponat
672 547 731 618 pro
755 523 952 598 subcustode
977 526 1142 598 ecclesiae
1161 549 1267 620 prae-

134 633 279 694 notatae.
316 619 467 692 Oblatum
491 645 553 694 sen
576 623 774 694 offertorium
793 633 845 694 est
864 625 1104 694 canonicorum.
1140 623 1197 694 Sic
1210 623 1267 694 ou

133 719 178 790 de
194 723 403 814 imperatrice
413 720 471 791 vel
482 724 599 812 regina
617 729 748 812 praeter
761 719 847 814 qnod
863 720 937 790 loco
954 719 1154 812 psalmorum
1171 723 1265 790 trium

134 817 376 911 praedictorum
400 818 562 908 psalmus:
590 819 644 886 Ad
664 825 694 887 te
717 819 822 888 boeot
846 821 959 888 oculm
979 837 1067 888 meos
1089 827 1150 888 etc.
1175 817 1266 892 solos

134 923 189 986 est
203 913 373 988 dicendus.

184 1065 250 1136 Die
267 1067 301 1137 8.
318 1063 472 1138 februarii
490 1068 523 1136 in
540 1066 613 1140 loeo
631 1063 936 1158 Sambslagshergh
960 1089 1118 1160 campana
1142 1067 1265 1138 maiore

130 1163 279 1268 prdsata,
296 1185 359 1237 rex
376 1159 563 1234 Guntherus
581 1161 715 1236 sedibus
733 1165 816 1260 aptis
833 1161 1023 1236 Heinrioum
1040 1161 1267 1258 archiepisco-

135 1283 214 1354 pum
231 1257 461 1352 bloguntinum
484 1257 667 1334 infeodavit
690 1263 921 1355 quinquaginta
939 1257 1071 1332 vexillis
1090 1269 1123 1331 et
1146 1264 1194 1336 sio
1210 1263 1266 1332 iu-

134 1361 224 1432 ravit
240 1357 504 1451 archiepiscopus
522 1359 608 1448 regi,
626 1367 660 1428 et
677 1368 809 1430 econtra
822 1355 1140 1452 rexarchiepiscopo
1151 1357 1267 1430 vexil-

135 1455 204 1525 lum
231 1451 429 1548 porrigebat
468 1451 747 1549 Archiepiscopns
776 1458 848 1546 regi
876 1453 1020 1546 gladium
1055 1457 1267 1548 evaginatum

135 1551 242 1641 dedit.
277 1574 374 1644 quem
401 1573 463 1622 rex
489 1561 607 1622 tenens
642 1549 887 1646 archiepiscopo
914 1575 1013 1622 manu
1041 1549 1082 1622 ed
1109 1551 1267 1644 gladium.

135 1647 257 1719 deinde
275 1659 387 1720 contra
406 1649 523 1736 sotem.
542 1657 616 1741 post
633 1647 674 1718 ad
690 1659 806 1742 pectus
824 1651 927 1742 posita
946 1647 1022 1719 lecit
1039 1651 1265 1720 iuramentum.

135 1745 211 1816 lloc
226 1745 313 1816 sacto
330 1767 394 1816 rex
410 1745 655 1838 archiepiscopo
674 1745 817 1836 sigillum
834 1745 1032 1838 porrigebat.
1069 1743 1196 1816 Eodem
1214 1746 1266 1817 die

136 1841 322 1938 eodemque
338 1843 412 1914 loco
430 1843 557 1914 incolae
581 1841 688 1936 oppidi
706 1846 906 1914 iuraverunt.
941 1840 1112 1914 Dominica
1128 1841 1266 1914 Laetare

136 1939 293 2034 oppidum
310 1937 471 2031 Fridberg
485 1961 602 2032 regem
621 1943 805 2033 suscipiens
823 1939 930 2010 eidem
948 1937 1101 2012 obedivit.
1139 1937 1265 2012 Eodem

134 2058 224 2111 auno
250 2035 437 2110 Guntherus
461 2058 525 2112 rex
552 2059 626 2110 cum
652 2035 834 2110 civitatibus
852 2035 960 2108 Rheni
984 2047 1016 2107 et
1039 2039 1148 2132 quinta
1171 2047 1265 2132 parte

134 2137 258 2204 civium
275 2131 608 2206 Francolurdensium
625 2155 665 2204 ao
681 2133 835 2206 Heinrico
854 2131 1055 2230 archiepisco
1078 2155 1098 2208 o
1115 2133 1266 2226 Mogon-

133 2233 203 2304 tinu
227 2230 261 2300 6.
279 2230 352 2304 idus
375 2234 451 2302 maii
476 2234 509 2302 in
527 2231 640 2302 villam
659 2227 781 2304 Castell
806 2253 844 2304 se
890 2241 1028 2304 onentes
1047 2158 1201 2303 barolum
1225 2231 1266 2301 ad

131 2325 259 2398 bellum
286 2325 517 2420 provocabant
560 2327 632 2414 Quo
659 2337 821 2400 renuente
879 2338 1013 2400 unterus
1040 2326 1265 2400 Altamvillam

131 2424 241 2516 vulgo
258 2423 356 2496 Ellell
376 2423 591 2518 proficiscitur
608 2421 732 2496 Castcll
755 2421 961 2498 comburens.
997 2421 1065 2494 Sed
1090 2427 1207 2496 comite
1223 2422 1265 2493 de

132 2520 268 2594 Nassau
285 2532 506 2616 persequente
523 2519 840 2594 Francolordienses
855 2519 1082 2594 miserabiliter
1099 2531 1174 2594 sunt
1191 2520 1265 2592 dis-

132 2621 239 2712 persi,
260 2629 372 2692 tamen
395 2643 415 2690 a
438 2619 584 2712 periculo
607 2621 711 2710 gratia
736 2617 788 2690 dei
812 2641 927 2692 omnes
949 2622 1166 2712 praeservati.
1201 2617 1266 2689 Die

127 2715 192 2786 11.
212 2714 342 2786 halend.
361 2718 438 2788 iunii
455 2713 661 2788 marchiones
680 2725 713 2786 et
730 2715 831 2787 duces
854 2715 1137 2788 concordaverunt
1155 2713 1264 2786 Caro-

130 2811 200 2884 lum
226 2822 260 2882 et
284 2811 499 2902 Guntherum,
524 2815 577 2906 qni
600 2816 690 2906 prius
717 2816 750 2884 in
772 2811 884 2886 Coena
911 2812 1032 2886 domini
1055 2837 1073 2886 a
1098 2811 1264 2884 Friderico

130 2907 261 2982 medico
278 2911 385 2982 fuerat
401 2912 610 3000 intoxicatus,
628 2920 663 2981 ut
673 2909 828 2984 videlicet
839 2907 1006 2984 Gunthero
1021 2922 1053 2982 et
1071 2913 1140 2984 suis
1157 2909 1264 2980 here-

130 3003 227 3078 dibus
245 3005 367 3080 22000
384 3029 516 3078 marcae
541 3029 642 3100 super
664 3009 801 3102 imperio
819 3006 1054 3101 deputarentur
1070 3030 1129 3101 pro
1147 3005 1263 3100 quibus

129 3102 250 3196 oppida
274 3103 500 3194 Gemausen
524 3103 721 3175 Mulheusen
746 3115 779 3176 et
807 3101 938 3176 Goslar¹
965 3101 1158 3196 obligantur.
1195 3101 1263 3174 Sed

129 3197 331 3274 Mulhauscn
349 3211 383 3274 et
400 3199 521 3272 Goslar
538 3221 576 3272 se
590 3199 819 3289 redemerunt3
844 3199 1056 3274 Gelnhansen
1074 3199 1129 3272 diu
1146 3201 1265 3272 mansit

129 3294 320 3388 obligatum.
356 3297 501 3370 lhadnnt
525 3299 577 3368 alii
596 3307 631 3368 et
652 3297 805 3392 oppidum
822 3297 973 3370 Arnstatt
991 3321 1035 3372 ex
1053 3319 1093 3370 eo
1110 3306 1205 3394 pacto
1223 3295 1264 3366 ad

130 3397 268 3466 comites
280 3394 322 3464 de
332 3392 593 3486 Schwartnburg
603 3399 814 3488 pervenisse.
830 3394 915 3490 qnod
925 3393 1021 3467 hodie
1033 3398 1129 3467 etiam
1141 3403 1262 3466 tenent.

128 3487 192 3562 Die
218 3491 250 3561 6.
274 3491 339 3567 ku.
363 3494 442 3567 iunii
466 3495 499 3564 in
524 3489 660 3562 meridie
684 3515 748 3566 rex
765 3490 952 3566 Guntherus
978 3497 1209 3568 semimortuus
1231 3493 1263 3562 in

126 3588 384 3679 taetrosignis
410 3587 645 3682 imperiaans,
661 3588 798 3667 ¹vexillo
822 3599 855 3662 et
877 3587 962 3664 tubis
989 3586 1263 3683 praecedentibus

121 3682 398 3774 llraneolordiam
408 3695 460 3760 est
472 3682 617 3777 delatus.
638 3685 758 3774 Quarta
773 3685 826 3758 die
844 3689 921 3763 iunii
937 3689 1031 3760 iussu
1048 3690 1139 3780 regis
1155 3683 1262 3756 Caroli

121 3784 239 3873 ‚omnia
256 3781 390 3876 praedio
407 3779 515 3876 oppidi
526 3781 698 3874 Francfurt
710 3794 743 3856 et
755 3782 854 3860 villae
872 3806 932 3878 per
944 3783 1093 3858 dommus
1113 3781 1154 3859 de
1166 3777 1262 3876 Epp-

113 3883 229 3970 ‚soleio¹
254 3879 375 3955 tiaran
401 3891 433 3950 et
449 3879 663 3971 Fnlhenstein
688 3892 764 3952 sunt
788 3877 986 3972 combustae.
1025 3877 1131 3951 Pridie
1157 3899 1262 3950 nonas

110 3975 829 4072 ,iuniirexGnntherusFranoolopdiensibus
840 3977 1057 4050 iuramentum
1069 3974 1129 4053 sibi
1142 3973 1261 4048 lactum

180 4175 212 4244 l)
230 4177 406 4235 Nordhausen
425 4177 504 4234 sollte
523 4195 553 4233 es
578 4177 702 4246 heissen3
724 4177 777 4248 egl.
797 4177 840 4234 die
859 4177 916 4233 urk.
936 4175 1011 4232 llarls
1030 4175 1073 4232 Ν.
1094 4173 1119 4232 d.
1140 4171 1164 4230 d.
1185 4175 1262 4231 liltvil

127 4245 199 4304 1340
218 4247 269 4303 mai
288 4249 324 4304 20
343 4249 386 4304 bei
406 4249 597 4318 Olenschlager
616 4252 798 4319 staatsgesch.
818 4249 868 4306 Ull.
888 4249 949 4305 280.
