2862 4820
245 223 317 304 ote
420 221 597 282 umorum
616 221 807 282 rnoeummr
825 221 933 281 susm
951 221 1192 282 memmerunt

244 399 462 476 Crediderunt
478 422 574 493 ergo,
592 402 695 495 quiin
713 400 857 471 Vieton'u
874 408 981 490 erunt,
998 397 1085 494 quod
1107 401 1354 492 gnomimentum

242 501 321 574 illue
337 502 516 572 maximum
534 497 729 570 advenisset
751 507 785 568 et
801 497 887 592 quod
911 495 1082 569 lombardi
1098 499 1178 570 illue
1196 497 1357 572 uomitum

243 596 350 672 subito
367 599 614 670 eonvenissent
640 594 760 690 Sisque
780 617 819 668 se
836 594 981 690 proditos
992 596 1194 687 eogitentes
1205 593 1279 666 dnm
1288 603 1358 669 meri

244 701 442 784 timueruntq
472 694 553 787 fuge
580 717 619 767 se
645 693 789 788 presidio
816 695 1059 766 summiserunt.
1108 693 1159 765 At
1174 694 1359 768 Parmenses

244 795 390 866 Victorie
407 795 661 887 propinquantes
679 794 712 862 in
728 813 802 864 eam
814 813 874 886 per
890 800 1001 885 partes
1013 790 1168 864 diverses
1182 795 1360 886 irrumpunt,

242 901 277 965 et
293 894 385 986 quasi
403 889 444 962 ibi
461 889 561 962 iovee
578 911 645 962 non
661 889 791 980 luisset,
809 892 857 963 sie
874 911 949 960 eam
959 899 1207 984 pertranseunt,
1218 900 1360 964 suenus

241 990 385 1062 deiciunt
401 999 435 1060 et
460 1009 595 1062 suorum
618 1010 772 1060 eereeres
796 989 934 1082 primum
957 987 1114 1080 frangunt
1131 1011 1174 1060 ue
1202 1009 1264 1060 eos
1285 988 1362 1061 loros

242 1088 394 1161 educunt.
430 1088 550 1159 Postea
567 1090 680 1179 ignem
701 1083 850 1159 domibus
865 1088 1064 1160 immittentes
1080 1109 1123 1160 ee
1138 1107 1204 1180 per
1214 1088 1363 1160 oirinten

244 1185 388 1279 undique
405 1185 640 1274 discurrentes,
657 1182 848 1278 predantur,
867 1183 1020 1256 oeoidunt
1035 1195 1069 1256 et
1085 1187 1272 1257 eomooiem
1287 1183 1363 1256 Cre-

243 1285 449 1358 monensium
468 1286 598 1377 eupiunt
615 1293 648 1354 et
664 1280 832 1354 invadunt.
869 1279 974 1352 Sedu
999 1293 1123 1355 renutu
1149 1281 1288 1356 rediens
1308 1286 1363 1354 im-

242 1390 387 1476 peraton
405 1379 481 1453 dum
499 1389 625 1475 euptem
644 1401 723 1454 esse
740 1382 906 1452 oivitutem
923 1384 1065 1474 aspexit,
1082 1403 1162 1453 nem
1179 1379 1301 1452 indieet
1313 1378 1365 1452 loo

242 1481 351 1553 firmus
369 1481 469 1572 ignis,
488 1478 569 1570 iuge
586 1477 730 1574 presidio
746 1500 786 1552 se
804 1480 976 1567 eommisit,
999 1487 1033 1550 et
1059 1477 1266 1551 Cremonam
1287 1482 1365 1573 quusi

244 1578 336 1652 solus
354 1576 511 1649 ooniusns
528 1575 734 1668 ingrediens,
752 1579 802 1649 sio
817 1597 949 1648 omnem
967 1598 1063 1648 suum
1074 1576 1272 1650 thesaurum
1290 1581 1365 1648 nni-

243 1679 297 1766 sit,
316 1685 349 1747 ut
366 1678 499 1766 erigere
516 1685 614 1769 eaput
635 1677 700 1746 iem
726 1675 810 1746 ultro
836 1676 1030 1768 nequiverit
1065 1675 1274 1748 Parmenses
1295 1696 1365 1768 ergo

243 1774 363 1846 multos
394 1783 553 1867 oeperunt
578 1771 797 1845 Theotonieos
821 1781 855 1842 et
880 1768 1102 1862 Lomburdom
1128 1771 1367 1846 Surueenoeet

244 1869 386 1959 Grecos,
404 1881 438 1941 et
452 1891 572 1962 regum
586 1893 626 1941 ee
645 1873 824 1964 principun
842 1868 1052 1942 diversorum
1068 1869 1206 1962 legatos
1217 1869 1365 1966 eddepo·

245 1971 342 2040 situm
369 1989 429 2061 pro
454 1977 602 2061 tempore
629 1967 685 2039 illo
711 1971 843 2040 missos.
888 1964 1035 2060 Cumque
1063 1971 1228 2042 universo
1255 1967 1366 2064 preduti

243 2065 396 2155 fuissent,
413 2066 498 2136 inter
513 2063 687 2138 thesauros
704 2064 841 2159 depositi
858 2067 1012 2160 prineipis
1024 2087 1146 2138 eoronu
1158 2088 1265 2138 nureo
1277 2087 1365 2159 gem·

243 2166 306 2236 mis
333 2165 485 2257 pretiosis
512 2172 626 2234 ornato
650 2185 669 2234 u
695 2160 839 2236 oerdone
862 2184 1010 2258 paupere
1032 2166 1170 2235 invente
1199 2174 1255 2237 est
1275 2173 1366 2258 rapu,

243 2283 342 2356 quum
360 2282 533 2333 eommune
550 2260 790 2348 Parmensium,
808 2261 896 2334 mille
913 2259 1003 2334 libris
1020 2261 1243 2355 imperialium
1263 2283 1365 2334 neer-

243 2359 329 2432 done
347 2357 527 2448 redimens,
557 2363 769 2453 oomperevit
809 2360 889 2432 Post
910 2356 974 2430 lieo
1000 2356 1171 2453 depositus
1202 2363 1366 2455 imperator

242 2459 340 2530 unus
358 2457 542 2551 expoliatus
563 2453 682 2530 divitiis
707 2455 864 2530 eoniusus
893 2459 927 2528 in
947 2455 1091 2530 Sieiliom
1116 2456 1235 2548 rediit,
1261 2467 1293 2529 et
1313 2455 1366 2528 deo

243 2551 305 2626 sihi
322 2553 481 2626 reddente
495 2553 580 2650 quod
598 2557 727 2646 meruit,
745 2552 858 2626 morbo
875 2555 953 2649 lupe
970 2557 1078 2626 omniu
1094 2557 1128 2626 in
1146 2557 1224 2628 eins
1242 2575 1367 2651 eorpore

243 2651 465 2746 deposcentis,
483 2652 648 2724 Panormi¹
668 2675 734 2725 non
752 2652 928 2726 eonlessus
945 2654 1074 2724 interiit

292 2749 431 2822 Hentius
448 2749 534 2823 filius
551 2749 718 2823 Frederioi
735 2748 886 2845 depositi,
903 2771 1002 2845 quem
1019 2773 1065 2823 ex
1087 2761 1196 2824 mauu
1213 2752 1323 2826 iulemi
1338 2759 1365 2820 et

242 2845 376 2940 ignobili
396 2851 522 2938 genuit,
542 2851 626 2920 siout
642 2848 779 2943 plurime
795 2847 881 2920 melu
898 2847 988 2936 feeit,
1006 2851 1054 2920 sie
1070 2859 1105 2920 et
1126 2849 1217 2922 mele
1240 2851 1364 2944 plurim

241 2967 363 3040 pessus
380 2944 447 3016 fuit
484 2944 546 3018 Hie
563 2949 651 3017 enim
667 2945 807 3020 Hentins
836 2945 1017 3020 simillimus
1040 2949 1122 3041 petri
1148 2945 1229 3036 fuit,
1254 2945 1363 3042 probus

241 3044 351 3132 nimis3
368 3043 495 3134 lurgusq
513 3042 704 3132 industrius„
722 3043 866 3130 curtulis,
884 3055 918 3115 et
933 3042 1008 3114 ideo
1025 3043 1097 3118 solo
1108 3043 1259 3118 Corredo
1276 3044 1362 3117 dun-

241 3149 333 3214 unm
349 3152 489 3236 exeepto
514 3163 590 3213 eum
614 3165 674 3236 pre
691 3146 811 3215 eeteris
829 3142 903 3214 liliis
922 3140 1096 3215 adamavit
1129 3142 1205 3233 flio,
1223 3151 1362 3237 utsupra

241 3243 306 3311 inm
326 3236 445 3311 dietmn
464 3250 528 3329 est,
545 3241 690 3334 prelatos
708 3243 794 3336 oepit
820 3243 854 3312 in
874 3243 956 3311 mori
980 3240 1114 3334 Pysuno
1137 3239 1180 3312 ud
1203 3241 1362 3316 eonsilium

241 3339 416 3409 venientes
434 3348 467 3408 el
484 3340 519 3408 in
536 3339 671 3409 exilium
687 3340 774 3410 misit
790 3341 824 3410 in
840 3358 992 3429 regnum.
1018 3337 1080 3410 llio
1097 3361 1171 3410 eum
1188 3341 1361 3433 eeoepisset

241 3431 446 3506 domieellum
462 3433 614 3506 Surdinie
640 3438 830 3509 innuerem
854 3445 888 3507 et
910 3457 1052 3528 regnum
1075 3434 1115 3508 eb
1140 3457 1180 3508 eu
1204 3438 1359 3510 'lin'nsin

242 3531 373 3620 dotem„
398 3554 461 3604 rex
483 3530 635 3604 Surdinie
659 3532 762 3606 dietus
788 3544 849 3607 est.
885 3533 948 3605 Hie
973 3537 1007 3605 in
1024 3538 1176 3606 eomitetu
1193 3533 1357 3606 Mediolani

240 3629 400 3703 hostiliter
417 3651 524 3721 agens
541 3634 574 3701 in
592 3629 731 3724 quadum
748 3631 813 3704 illie
830 3631 908 3703 villu
920 3642 1033 3726 eaptus
1054 3631 1167 3724 [1245
1178 3633 1294 3722 noul,
1309 3629 1357 3702 luit

239 3729 378 3823 eaptivis
397 3748 478 3821 quos
499 3737 632 3822 ceperat
654 3728 796 3801 redditis¹
813 3751 892 3802 mox
920 3730 1085 3804 dimissus.
1119 3728 1157 3801 ln
1182 3735 1356 3826 episeopetu

239 3825 383 3918 Reginoq
402 3823 478 3896 dum
497 3823 659 3919 quoddam
675 3837 831 3916 casuum,
848 3827 988 3900 Arolum
998 3831 1145 3917 nomine,
1161 3832 1198 3900 vi
1214 3829 1355 3922 espisset

239 3933 371 3994 eentum
387 3920 514 3994 nobiles
535 3922 576 3993 de
593 3923 723 4016 Regio,
746 3924 862 3996 Parme
891 3935 925 3997 et
951 3922 1075 3997 Mutine
1101 3925 1145 3998 ibi
1171 3937 1282 4021 eeptos
1306 3943 1355 4015 per

239 4021 350 4112 gulam
367 4020 445 4092 feeit
463 4043 530 4092 una
546 4019 600 4092 die
623 4020 790 4116 suspendi.
842 4020 892 4093 Ob
923 4045 1021 4119 quum
1043 4045 1179 4096 oensem
1207 4019 1352 4095 eversuri

240 4116 418 4208 dedignati,
446 4131 526 4190 oum'
542 4119 576 4189 in
605 4117 723 4192 eodem
750 4124 940 4217 episeopetu
967 4131 1043 4216 post
1067 4119 1227 4197 modicum
1256 4115 1351 4192 taln-

294 4235 323 4308 l)
342 4234 369 4291 iu
387 4236 542 4295 Fiorentiuo
561 4238 604 4295 bei
622 4239 735 4312 loppin
