2982 4824
245 237 317 312 666
403 235 596 296 slfltoouss
615 235 806 298 nonestis}
824 237 934 298 GESTA
952 239 1195 300 postmontis„

245 422 351 486 torum
368 435 503 486 suorum
521 435 660 508 sperans
678 435 717 487 se
737 434 798 508 per
814 414 966 510 papalem
989 414 1226 508 indulgentiam
1243 413 1374 490 habitu·

244 533 326 583 mm.
352 511 500 606 Cumque
510 533 584 584 oum
594 512 695 584 naue
706 510 853 628 Conrado
863 535 964 606 super
974 512 1034 629 biis
1046 523 1215 586 baetetum
1225 513 1374 606 baberet„

245 608 827 800 tiltllttltlttltllltlt
837 609 1375 784 tltlbllltblffi

245 807 385 901 aliquem
408 828 469 902 per
507 805 598 880 lures
615 805 687 878 dies
711 804 912 878 eouoordeue
928 827 995 878 uon
1012 817 1162 902 possem,
1186 807 1375 880 teudemiu

244 903 348 994 buno,
373 903 450 976 lieet
472 827 663 995 absentem,
690 905 885 976 unanimiter
908 915 1158 978 eonsenserunt
1191 903 1375 980 Coronatus

244 1011 353 1072 autem
369 1003 401 1073 in
419 1023 538 1094 regem
562 1003 667 1074 stetim
686 1005 772 1096 cepit
796 1000 839 1073 de
857 1000 981 1074 iuribus
1006 1006 1102 1095 regni
1120 1002 1280 1077 sollicitae
1298 1025 1376 1077 esse

183 1127 188 1134 ·
243 1108 375 1194 totoque
391 1103 466 1173 uisu
489 1109 644 1191 sategere
661 1109 695 1171 et
710 1121 896 1194 procurare,
920 1122 984 1195 que
1001 1100 1043 1172 ad
1059 1103 1285 1174 reverentiam
1302 1101 1376 1174 lle·

243 1217 341 1268 mane
358 1200 449 1269 eus-ie
465 1195 671 1291 pertinebant
683 1209 715 1270 et
725 1220 790 1294 que
804 1198 845 1270 ad
862 1219 979 1294 paoem
994 1207 1133 1293 possent
1147 1199 1277 1294 imperii
1294 1219 1376 1294 pno-

244 1293 358 1384 lieeue,
384 1295 469 1390 quuod
492 1296 602 1388 longis
626 1299 758 1388 pusulis
782 1307 879 1391 etque
902 1295 1072 1371 dispendiis
1089 1317 1177 1392 pene
1194 1296 1376 1392 oollapsum

244 1402 315 1464 eret
337 1403 434 1489 atque
458 1392 648 1466 omnimode·
667 1392 868 1562 dissipatum.
894 1393 985 1488 Papa
1011 1397 1111 1487 igitur
1125 1391 1376 1486 erogantem-

243 1499 395 1564 vertente
419 1513 438 1562 e
459 1491 610 1580 munito,
633 1491 718 1585 quod
762 1491 886 1583 ugduni
903 1491 1010 1564 Gallie
1034 1490 1277 1582 celebraverat,
1301 1491 1376 1564 Ro-

204 1625 207 1631 ·
243 1585 351 1660 dullue
368 1611 432 1662 rex
448 1593 541 1662 venit
563 1588 605 1661 ad
622 1611 698 1660 eum
715 1587 933 1664 lausannam.
968 1587 1081 1684 lbique
1104 1587 1171 1660 fide
1196 1586 1273 1660 dats
1289 1587 1377 1684 quod

241 1688 312 1757 iura
337 1687 481 1760 eealeeie
497 1687 648 1761 Romane
672 1707 738 1759 non
763 1687 949 1780 invaderet,
974 1687 1060 1786 qnod
1076 1690 1195 1760 invasa
1212 1708 1231 1757 e
1249 1707 1376 1782 preae-

242 1781 393 1858 deutibus
418 1787 624 1876 resumeret,
654 1806 818 1880 cruceque
846 1795 1000 1882 suscepta
1029 1805 1249 1880 permenam
1277 1805 1377 1878 pape,

243 1880 329 1974 quod
346 1881 388 1953 ad
405 1881 592 1956 mandatum
616 1885 688 1955 eius
706 1886 738 1955 iu
755 1895 844 1958 teum
862 1893 976 1960 saneta
1002 1881 1182 1956 subsidium
1207 1880 1377 1955 tandm-

241 1985 339 2070 teret,
355 2002 417 2075 per
434 1979 575 2053 eundem
592 1979 780 2076 pontibnem
797 1985 868 2055 eius
886 1992 939 2054 est
955 1981 1074 2054 eleeb'o
1086 1991 1121 2052 et
1135 1981 1294 2052 institutio
1310 2001 1377 2074 ap-

85 2155 87 2158 ,
242 2074 394 2170 probata3
411 2082 603 2174 iussumque
621 2089 673 2152 eet
690 2081 733 2171 ei,
750 2090 786 2152 ut
798 2080 1009 2175 dispositione
1021 2079 1063 2150 de
1080 2098 1186 2170 reguo
1199 2077 1378 2150 Alamenie

241 2174 326 2247 laete
344 2175 385 2248 ed
404 2176 644 2271 suscipiendam
662 2199 818 2250 coronam
838 2180 963 2273 imperii
981 2187 1131 2271 tempore
1145 2196 1299 2267 eougmo
1316 2174 1377 2246 le-

202 2351 209 2366 ·
244 2275 389 2346 sonaret.
416 2275 590 2348 Reversus
607 2278 717 2369 itaque
732 2279 766 2348 iu
783 2276 992 2348 Alamaniam
1009 2277 1079 2346 iure
1096 2275 1224 2370 imperii
1241 2271 1377 2346 detenta
1477 2305 1478 2314 ¹

243 2380 341 2467 alque
358 2383 515 2468 oeeupata
532 2394 733 2468 recuperare
751 2373 868 2447 studet.
1477 2367 1478 2387 ¹

290 2469 371 2542 Erat
387 2481 496 2543 autem
513 2481 662 2565 tempore
680 2471 735 2542 illo
752 2473 785 2543 in
802 2471 937 2544 Boemia
953 2493 1018 2544 rex
1034 2469 1186 2558 burnus,
1209 2469 1264 2562 qui
1289 2466 1377 2540 lilius

242 2569 301 2640 luit
318 2567 383 2640 filie
399 2568 548 2663 Phylippi
565 2567 657 2642 dunis
667 2568 806 2659 b'ueviea
824 2573 877 2665 qui
894 2571 953 2643 luit
968 2569 1072 2641 frater
1087 2566 1229 2642 earnalis
1240 2563 1379 2638 Hearim'

241 2669 457 2761 imperatoris.
490 2665 553 2739 Hie
578 2663 676 2738 homo
701 2677 827 2741 astutus
855 2672 905 2740 sui
934 2671 1032 2759 segni
1058 2688 1118 2760 per
1141 2665 1192 2738 las
1217 2672 1253 2736 et
1278 2661 1378 2735 nelos
1476 2713 1477 2721 κ

241 2762 416 2858 ampliabat
431 2763 581 2836 eoubnia.
614 2761 698 2836 Nam
716 2764 868 2838 dueatuun
885 2766 1035 2856 Auente,
1052 2765 1150 2836 Stiuie
1165 2771 1264 2856 atquo
1280 2759 1379 2832 cua-

240 2859 358 2933 rintbie
375 2871 409 2932 et
424 2863 556 2933 Pontum
574 2861 716 2934 Naonis²
733 2866 853 2935 iniuste
876 2887 958 2937 aeon
1002 2871 1098 2936 verat
1113 2861 1282 2954 multaque
1298 2858 1378 2948 alia,

242 2980 305 3054 que
323 2957 364 3029 ad
383 2979 523 3052 regnum
541 2958 691 3051 Ungauie
708 2959 923 3055 peutinebunl.
982 2963 1037 3032 ‘tat
1061 2963 1170 3055 itaque
1194 2955 1283 3028 buno
1299 2955 1377 3028 llo-
1475 3024 1476 3044 ,

241 3054 350 3129 dulles
367 3079 431 3128 rex
447 3067 636 3153 monetque,
653 3067 688 3130 ut
698 3061 767 3132 suis
779 3069 951 3134 eontentus
968 3059 1076 3131 aliena
1093 3058 1253 3129 restituat
1279 3051 1378 3126 Con-

240 3152 415 3228 tenditnex
426 3154 575 3245 Boemie,
595 3154 658 3228 heo
675 3160 784 3228 omnia
801 3154 842 3227 ed
860 3179 899 3230 se
917 3159 1082 3252 pertinere
1098 3157 1225 3226 radone
1241 3150 1378 3224 dotalitii

240 3255 367 3342 uxone,
392 3275 456 3347 que
472 3249 537 3324 lilia
560 3253 668 3326 luserat
681 3253 831 3348 Pepaldi³
849 3253 942 3328 daeis
959 3254 1108 3344 Austris,
1133 3249 1176 3323 ad
1201 3271 1301 3344 quam
1317 3269 1378 3346 pro

241 3371 362 3440 magna
388 3361 481 3445 pente
507 3349 571 3423 beo
596 3357 705 3424 omnia
732 3355 804 3424 iure
832 3351 1028 3424 hereditario
1056 3346 1270 3445 pertinebant
1305 3347 1379 3419 Heu

241 3443 408 3540 allegabat
426 3451 559 3538 iniuste,
584 3471 671 3540 eum‚
696 3451 793 3520 etiam
812 3453 839 3522 si
857 3471 940 3522 vena
958 3458 1084 3538 esseut,
1108 3445 1149 3520 ed
1166 3449 1275 3540 ipsum
1292 3467 1378 3540 per-

240 3547 346 3616 tinere
362 3566 429 3618 non
445 3545 617 3636 deberent„
637 3569 710 3619 oum
727 3550 833 3641 ipsam
850 3567 989 3620 uxorem
1005 3544 1215 3641 repudiasset
1232 3551 1266 3614 et
1281 3545 1378 3638 qnasi

239 3642 443 3735 illegitimam
466 3642 651 3717 abiecisset.
690 3645 836 3717 Consilio
860 3647 1037 3738 prinoipem
1062 3643 1263 3730 deoemitur,
1290 3639 1378 3736 quod
1473 3701 1474 3721 ἢ

161 3739 164 3744 “
262 3738 385 3812 ’τθάἰοῐα
397 3741 607 3813 rexBoemie
626 3746 758 3814 omniuo
774 3743 986 3837 relinqueret,
1004 3752 1061 3814 aut
1077 3751 1230 3834 umqum
1240 3736 1377 3812 rebellis

240 3763 413 3910 banniatur
436 3839 605 3936 proboque
629 3851 768 3933 eogetur
790 3838 944 3930 reddere,
970 3839 1057 3935 quod
1079 3859 1176 3912 suum
1202 3857 1270 3909 nou
1295 3847 1377 3909 mot

240 3937 422 4032 Penatuque
445 3947 539 4031 pente
565 3941 731 4012 exereitus
756 3942 876 4010 timens
900 3959 962 4010 nex
984 3936 1144 4025 soemo,
1165 3957 1210 4008 ne
1232 3933 1320 4008 forte
1341 3937 1378 4006 vi

240 4033 334 4128 prelii
346 4045 524 4128 eogeretuu
536 4039 672 4128 invitus,
688 4039 783 4109 veuit
793 4034 834 4108 ad
845 4034 949 4132 pedes
961 4037 1179 4136 imperatoris„
1196 4044 1379 4129 ueoeptns-
1472 4035 1473 4038 ’

243 4153 308 4226 que
332 4129 480 4226 benigne
509 4144 621 4206 ooutm
649 4131 885 4208 multitudinem
919 4136 1100 4230 principum
1126 4133 1309 4208 restituitur
1335 4127 1379 4204 ad

298 4251 326 4323 l)
345 4251 535 4312 Frenbinlurcb
554 4257 595 4312 bs.
631 4255 662 4326 2)
681 4241 779 4314 leonis
797 4255 839 4313 bs.
876 4255 907 4324 3)
925 4259 990 4312 stall
1008 4252 1148 4327 leopoldi.
