2900 4820
367 279 530 342 mittitis
550 283 890 344 ttuswsttsttttusttsts.
1120 281 1194 364 227

70 459 132 532 laos
151 481 239 552 egre
262 461 345 532 tulit.
397 463 548 555 Rogatus
565 463 670 534 eciam
686 465 759 558 ipse
775 461 974 534 Benedictus
992 483 1093 556 sopor
1109 485 1193 557 pro-

68 561 209 630 nooione
227 581 367 632 suorum
384 561 567 656 respondit:
585 563 624 633 St
632 564 697 634 mei
712 581 777 632 rron
793 561 918 647 sueini
931 564 1101 652 dominati,
1117 569 1194 634 torro

67 660 291 728 innocelotrrs
311 679 379 729 ero.

132 752 221 826 Obiit
237 765 351 827 autem
368 756 507 830 feliciter
521 780 606 853 papa
624 759 823 832 Benedictus
840 767 960 831 octavo
977 781 1064 831 anno
1080 760 1193 854 ponti-

66 851 173 926 iratus
198 855 273 942 sui,
302 854 426 926 scilicet
449 879 536 928 anno
560 854 681 928 domini
703 857 885 929 mmccxlii.
910 855 952 926 de
976 879 1094 929 mense
1117 859 1193 927 maii

67 947 105 1040 [i-
115 975 184 1045 apr.
197 950 279 1040 251.
322 949 364 1022 Et
380 953 514 1028 inclusis
533 957 640 1028 statim
658 953 876 1027 cardinalibus
893 977 953 1049 par
970 955 1193 1028 senescallum

64 1051 250 1140 Provincia,
277 1054 384 1122 statim
401 1052 527 1125 electus
553 1061 605 1126 est
630 1055 711 1143 [mai
723 1051 762 1142 7]
781 1053 897 1124 Petrus
914 1051 1052 1144 Rogerii
1069 1051 1192 1126 ordinis

65 1152 161 1220 sancti
179 1145 355 1220 Benedici
377 1148 564 1239 cardinalis,
588 1155 641 1245 qui
662 1151 768 1222 furerat
784 1150 1040 1242 Rotomagensis
1059 1149 1193 1222 archie-

63 1249 216 1340 pisoopas
225 1249 400 1338 progeniei
411 1247 569 1336 militaris,
580 1251 634 1342 qui
645 1250 829 1321 nominatus
840 1246 1054 1321 estClemens
1066 1259 1192 1322 sextus.

64 1342 120 1414 llio
136 1345 250 1416 statim
268 1343 394 1416 electus
412 1367 601 1418 sermonem
618 1345 744 1420 faciens
763 1355 797 1418 et
813 1355 926 1438 grates
944 1345 1008 1418 dco
1028 1345 1194 1438 referens,

64 1443 199 1534 maliter
216 1441 323 1535 primo
340 1446 372 1513 in
389 1442 544 1516 diciorem
562 1441 725 1535 abbatem
742 1453 859 1540 postea
871 1447 906 1516 in
918 1444 1088 1518 meliorem
1099 1448 1194 1540 epis-

64 1551 225 1634 ropatum
235 1543 338 1612 tercio
348 1543 381 1612 in
391 1545 547 1635 optimum
558 1540 872 1638 archiepiscopalium
878 1541 1017 1616 Francia
1024 1554 1193 1636 promotus

63 1635 166 1728 merit,
185 1647 222 1708 et
237 1634 300 1710 has
312 1635 486 1730 dignitates
497 1661 614 1712 omnes
628 1639 787 1731 gravibus
798 1640 966 1736 reliquerit
977 1643 1116 1714 sarcinis
1127 1640 1194 1711 dc-

62 1732 200 1807 bitorum
218 1745 391 1826 gravatam
409 1747 443 1808 et
458 1748 575 1832 postea
593 1736 634 1809 ad
652 1737 898 1830 cardinalatum,
916 1751 950 1812 et
967 1749 1134 1834 postremo
1152 1737 1194 1811 ad

63 1855 225 1904 summam
243 1833 330 1906 hanc
346 1831 537 1926 dignitatem
560 1840 764 1930 pervenerit,
787 1846 867 1910 nutu
890 1833 1015 1927 dtmno,
1042 1859 1084 1908 eo
1108 1834 1194 1930 quod

62 1935 167 2023 priora
186 1954 267 2003 eum
284 1936 428 2004 enutrire
445 1937 676 2028 nequiverant,
693 1934 915 2028 perordinem
928 1939 1105 2008 ananavit.
1132 1935 1195 2008 Hic

62 2027 99 2098 ab
127 2033 355 2104 antecessoris
384 2033 435 2103 sui
458 2031 602 2104 moribus
627 2031 765 2122 distans,
794 2033 980 2124 mulierum,
1003 2031 1137 2107 honoris
1162 2041 1195 2106 et

61 2131 215 2220 potencie
231 2126 368 2222 cupidus
393 2152 433 2200 ac
456 2153 591 2202 suorum
606 2129 724 2203 aridus
741 2139 919 2226 promotor„
938 2151 978 2202 ao
991 2153 1029 2204 se
1042 2133 1150 2225 ipsum
1161 2140 1195 2204 et

61 2229 185 2297 cunam
202 2225 247 2296 de
265 2229 415 2321 symonia
433 2226 616 2316 diffamans,
634 2225 865 2323 ipseFrancus
876 2227 1004 2300 Franco
1022 2227 1195 2301 ferventer

61 2322 198 2396 adhesit.
235 2323 400 2418 Tempore
417 2348 547 2421 quoque
564 2329 788 2399 coronacionis
807 2347 869 2398 sne
890 2328 970 2417 [mai
985 2325 1046 2416 19]
1065 2329 1194 2420 primo-

60 2425 171 2509 genito
190 2420 323 2512 Franci,
341 2425 395 2515 qui
411 2447 486 2495 eum
503 2422 586 2495 duee
596 2423 789 2516 Burgundio
806 2422 972 2496 avunculo
989 2443 1051 2497 suo
1068 2423 1194 2514 adema,

60 2539 218 2611 magnam
235 2523 410 2614 pecuniam
426 2525 588 2614 erogavit.
622 2522 684 2608 Qui
700 2520 786 2592 filius
797 2518 928 2612 Franci,
944 2542 1052 2612 gener
1069 2521 1195 2594 scilicet

59 2614 211 2786 Bolpiemi,
238 2621 364 2691 inuam
392 2621 621 2692 consistorium
648 2640 708 2713 pro
733 2641 819 2712 rege
836 2618 1036 2691 Alemannie
1062 2621 1195 2711 rogavit

60 2715 92 2784 iu
136 2715 202 2787 olo.

107 2812 172 2884 llic
188 2833 276 2907 papa
293 2835 367 2884 oum
385 2837 475 2886 orma
493 2817 666 2910 progeniei
684 2835 745 2888 sue
762 2812 921 2888 heberent
932 2817 1072 2911 quinque
1083 2835 1193 2906 rosas,

57 2921 173 2982 cont-a
192 2931 320 2982 morem
338 2921 587 2986 antecessorum
604 2911 738 2984 totidem
754 2935 850 2986 rosas
868 2917 945 3008 poni
962 2914 1040 2986 fecit
1051 2910 1192 2984 inbullo.

56 3009 221 3094 Quicum
245 3017 338 3082 esset
364 3009 471 3082 adhuc
492 3011 769 3102 Rotomagensisq
793 3013 938 3084 Parisius
962 3014 996 3082 in
1018 3014 1193 3106 presencia

58 3104 179 3178 Franci
197 3116 232 3177 et
246 3103 384 3178 Bolrami
407 3106 572 3202 publicum
589 3127 778 3181 sermonem
801 3107 940 3199 faciens,
964 3111 1055 3202 ipsos
1079 3117 1193 3180 contra

57 3206 254 3298 prinoipem
272 3225 370 3299 quem
387 3209 567 3279 nominarit
582 3206 755 3297 Baurump¹
775 3207 948 3294 animavit;
975 3207 1192 3300 interpretans

57 3323 183 3372 nomen
201 3303 340 3393 murus,
367 3301 469 3376 idest
489 3307 635 3375 nectem
655 3311 782 3394 terpora
802 3305 947 3394 dariam,
975 3305 1049 3398 quia
1070 3313 1193 3375 tantam

56 3397 141 3470 dixit
159 3421 239 3472 esse
257 3398 423 3472 feditatem
440 3401 507 3476 o'ris
526 3404 589 3493 sui,
608 3401 693 3496 quod
710 3405 816 3497 ipsam
832 3399 964 3474 abicere
975 3423 1041 3473 non
1052 3401 1192 3474 voleret.

58 3493 122 3568 llio
139 3517 260 3570 omnes
278 3497 437 3572 ecclesias
455 3497 567 3570 mundi
583 3521 644 3593 per
661 3503 840 3594 peticiones
859 3502 891 3571 in
908 3502 1095 3574 inmensum
1105 3521 1191 3592 gra-

58 3598 167 3666 vavit.
202 3593 245 3667 Bt
261 3617 336 3667 cum
353 3607 562 3690 quereretur:
581 3621 624 3669 an
640 3619 805 3693 pauperes
822 3595 909 3669 hene
926 3600 1109 3670 examinari
1126 3597 1192 3668 de-

57 3689 206 3763 berent?
226 3697 315 3782 qood
332 3691 454 3766 moriter
470 3703 504 3766 et
520 3699 619 3768 colles
639 3699 727 3785 rpaos
744 3698 993 3785 examinassent,
1013 3689 1191 3788 respondit.

57 3789 121 3860 Cui
140 3811 207 3861 rex
222 3791 347 3883 Anglie
365 3790 407 3863 de
424 3794 561 3868 consilio
578 3796 658 3866 cleri
682 3805 715 3866 et
737 3793 846 3888 populi
863 3793 989 3886 Anglie
1012 3794 1192 3885 rescripsit,

58 3889 154 3975 pocd
171 3891 206 3957 tc
218 3895 438 3962 concessiones
455 3891 646 3981 huiusmodi,
665 3909 749 3980 coos
760 3909 855 3980 popo
872 3890 1005 3980 feceret,
1019 3891 1192 3980 presertim

57 3989 215 4075 adamo,
241 3992 297 4076 qui
322 3991 491 4060 thesauros
512 3993 646 4061 ecclesie
667 3989 846 4080 deferrent,
874 3999 907 4060 ct
931 3993 966 4060 ire
989 3989 1193 4079 provisiones

55 4089 309 4174 prelaturrorom
335 4089 518 4160 collotenus
544 4089 757 4178 eomeotiret;
788 4089 867 4177 poio
894 4107 967 4159 cum
993 4089 1071 4158 olim
1100 4103 1194 4176 repes

58 4185 186 4274 Auptte
209 4188 415 4257 ecclesiarum
431 4187 567 4277 potrcrri
587 4187 628 4260 de
649 4205 806 4259 cometem
825 4187 912 4260 sedis
932 4187 1112 4276 apostolice
1130 4205 1194 4256 co-

117 4311 150 4382 l)
173 4311 306 4372 Bonorum
326 4317 353 4372 B.

924 4421 983 4484 tt·
