3014 4822
270 237 346 316 422
661 239 830 298 {OHANNES
849 238 1009 300 tutunus.

274 413 419 486 tudinem
441 415 475 486 in
497 413 766 486 inthronisatione
787 419 1032 509 imperatorum,
1058 439 1189 508 regum„
1212 419 1401 508 reginarum

273 521 307 582 et
329 511 648 606 archiepiseoporum
665 511 969 604 Mogununensium
992 525 1045 586 est
1065 513 1273 587 subcustodis
1290 520 1401 588 uestri.

322 609 423 681 Anno
441 608 537 680 1486
562 612 604 680 in·
619 607 672 679 die
697 613 841 681 cinerum
862 609 942 700 [feb.
961 609 1001 700 8]
1026 612 1151 684 elesius
1173 621 1226 683 est
1243 609 1402 684 Maximi-

149 777 152 782 .
271 708 379 780 lianus
395 710 429 777 in
445 725 563 798 regem
573 706 796 778 Romanorum
813 717 990 800 praesente
1002 719 1036 779 et
1045 708 1224 780 ratifieaute
1235 707 1403 782 undenso

271 816 375 899 patre.
410 801 580 875 Eleationa
603 815 735 897 peraeta
760 803 885 877 duobus
912 805 1077 878 eeclesiae
1094 817 1228 879 nostrae
1246 807 1402 900 praelau's

272 924 425 996 mappam
447 899 634 972 tenentibus
653 901 763 974 altaris
782 902 952 974 exaltatur.
990 901 1151 976 Continuo
1167 927 1232 976 rex
1252 907 1287 975 iu
1312 906 1406 976 altari

273 999 396 1074 sedens
415 997 521 1070 donee
535 1001 576 1068 Ta
592 1003 688 1069 deum
704 1001 899 1070 laudamus!
914 1023 976 1095 per
992 1001 1117 1073 elerum
1134 1005 1167 1073 in
1182 1005 1321 1094 organis
1338 1001 1404 1072 de-

272 1107 436 1169 euntatum
447 1105 507 1169 est.
534 1094 598 1167 Ubi
615 1095 822 1170 deseendens
834 1120 897 1170 rex
908 1101 1112 1190 superiorem
1124 1109 1256 1172 vestem
1273 1119 1404 1172 exuens

271 1193 384 1266 obtulit
401 1197 622 1287 campanaria
644 1193 677 1264 id
695 1204 747 1267 est
764 1192 952 1268 subaustodl
969 1218 1028 1288 pro
1045 1199 1117 1266 iure
1135 1219 1209 1286 suo,
1227 1219 1327 1291 qtreur
1345 1221 1404 1292 pru

270 1301 349 1363 turne
372 1293 449 1361 aunt
471 1293 677 1384 praepositus
699 1301 813 1363 nester
835 1312 894 1385 pru
919 1292 967 1364 24
992 1293 1062 1364 flur.
1086 1293 1182 1364 aliurn
1207 1315 1339 1387 quoque
1362 1295 1403 1365 de

270 1409 380 1484 panno
398 1406 487 1460 novo
504 1398 634 1460 vestem
650 1387 739 1460 dedit
755 1393 786 1458 ei
803 1391 949 1461 talarem.
977 1388 1078 1462 Affuit
1094 1391 1157 1464 alia
1174 1394 1280 1464 vasus
1296 1396 1403 1483 regia,

272 1507 335 1579 qua
359 1489 476 1556 amiato
498 1508 582 1577 rege
599 1485 683 1556 faeta
702 1495 754 1558 est
776 1487 986 1579 proclamatio
1002 1511 1020 1558 a
1039 1489 1235 1560 eanaellario
1250 1487 1404 1579 Magnu-

271 1587 349 1656 tino.
384 1581 616 1655 Praesentibus
640 1582 747 1654 adhue
769 1582 936 1656 undenso
960 1596 992 1655 et
1014 1585 1238 1656 Maxirniliano
1265 1585 1403 1676 regibus

271 1684 444 1752 nunciatur
466 1702 615 1752 sororem
643 1683 809 1754 caesaris¹
836 1681 959 1755 obiisse
983 1681 1069 1754 diem
1095 1703 1296 1776 supremum.
1333 1685 1405 1755 Pu-

271 1789 385 1849 rantur
402 1780 563 1871 exequiae
573 1781 607 1848 in
618 1778 760 1850 eeclesia
777 1789 890 1852 nostra
907 1782 1004 1870 nigro
1020 1798 1129 1873 panno
1147 1779 1304 1852 damaseu
1316 1797 1403 1853 eun·

271 1883 358 1946 teate
375 1874 510 1964 feretro7
527 1877 632 1967 posita
650 1885 809 1967 argentea
822 1895 920 1947 oruee
931 1875 1087 1970 (iusuperq
1104 1876 1247 1948 offiuun
1258 1875 1405 1950 defune-

270 1981 378 2042 torum
395 1967 497 2041 abbas
507 1969 689 2044 Meldensis
708 1969 896 2045 eelebrabat
912 1973 1033 2064 vigiliis
1052 1984 1085 2046 et
1101 1977 1204 2048 missa
1221 1973 1404 2047 demutatis

272 2086 373 2162 super
399 2067 574 2140 eaneellos.
610 2068 731 2140 Postea
757 2073 790 2140 in
818 2070 871 2140 die
899 2074 1002 2142 saneti
1028 2070 1173 2163 paschae
1202 2073 1311 2161 [mitra
1335 2071 1401 2162 26]

271 2161 453 2236 eelebravit
475 2163 775 2238 reverendissimus
797 2165 1062 2261 archiepiscopus
1080 2166 1296 2258 Moguntiuus
1312 2168 1405 2240 Ber—
1492 2161 1493 2186 ³

270 2260 400 2334 ihuldus
435 2257 637 2334 adstantibus
671 2266 834 2356 episeopis
862 2263 1096 2337 Cameracensi
1126 2275 1159 2336 et
1185 2265 1403 2340 Seeeavieusi

271 2357 398 2432 duobus
422 2358 601 2451 capellanis
625 2369 659 2428 et
681 2360 753 2432 aliis
776 2361 919 2452 prelatis.
956 2363 1103 2448 Quatuur
1123 2362 1246 2434 levitae
1269 2361 1406 2436 fuemt

271 2457 407 2550 praelati
425 2465 459 2526 et
476 2457 626 2527 seniores
651 2458 798 2527 eauoniui
824 2459 988 2530 ecelesiae
1013 2469 1156 2532 nostrae.
1191 2459 1302 2530 Tertia
1319 2459 1404 2532 feria

270 2552 415 2648 paschae
433 2555 609 2646 imperatur
632 2549 803 2626 deseendit
820 2557 958 2645 navigio
974 2555 1222 2648 Aquisgrauum
1239 2556 1283 2626 ad
1299 2579 1404 2629 euru·

270 2653 436 2721 nationem
464 2671 537 2720 eum
564 2670 660 2740 rege,
688 2671 773 2743 quae
800 2650 885 2722 faeta
913 2661 974 2722 est·
992 2649 1150 2724 dominica
1175 2651 1402 2726 Miseneordiu

270 2745 390 2819 domini
416 2749 500 2840 [apr.
519 2746 558 2836 9]
578 2768 663 2817 anno
682 2746 787 2818 1486.
831 2746 958 2818 Eodem
982 2769 1068 2818 annu
1085 2751 1238 2836 Quirinus
1256 2754 1401 2824 uranus

270 2847 374 2917 saneti
391 2842 633 2916 Bartholomaei
658 2855 792 2938 propter
808 2855 916 2917 certas
940 2863 1060 2917 causas
1081 2856 1133 2918 est
1156 2869 1343 2940 suspensus
1361 2849 1401 2920 ad
1492 2877 1493 2880 ¹

271 2939 534 3035 permutandum,
551 2940 685 3012 tandem
702 2951 835 3036 propter
851 2939 1126 3012 ineorrihilitatem
1144 2941 1280 3016 adsutus
1292 2949 1401 3017 omnia
1492 2957 1493 3024 t

269 3041 465 3132 eontempsit
496 3047 530 3109 et
563 3039 726 3129 flagitiose
753 3042 837 3112 vixit
862 3043 894 3111 in
922 3036 1130 3132 opprobrium
1158 3039 1247 3110 cleri.
1290 3043 1400 3127 Quare

268 3133 390 3208 fiscalis
415 3157 460 3208 ex
484 3139 717 3208 commissione
739 3135 859 3208 demini
876 3134 1060 3227 Maguntini
1084 3139 1225 3208 veniens
1249 3135 1401 3209 Frena>-

267 3232 405 3304 fordiarn
434 3256 507 3304 cum
535 3231 662 3305 duobus
689 3233 841 3326 pedellia
868 3233 945 3304 feeit
967 3233 1058 3304 illum
1081 3236 1153 3327 oapi
1179 3256 1241 3326 per
1260 3234 1401 3306 famulus

268 3333 407 3402 unitatis
420 3341 453 3400 et
465 3334 670 3424 praesentari
689 3328 749 3402 sibi
766 3353 826 3402 nur
843 3331 931 3402 alten
942 3329 1092 3422 Wugen
1111 3334 1223 3424 sieque
1236 3334 1402 3426 captivum

268 3424 361 3500 duxit
376 3429 409 3498 in
426 3426 558 3519 Hoegst
573 3427 615 3498 ad
634 3447 803 3500 cernerem
821 3425 1081 3500 subterraneum.

315 3523 417 3596 nano
445 3524 542 3595 1487
573 3523 778 3596 aedificatum
806 3535 859 3596 est
885 3525 1043 3597 sauellum
1073 3526 1239 3599 eeclesiae
1266 3537 1402 3598 nusuae
1431 3593 1439 3606 ,
1492 3565 1493 3592 n

268 3619 328 3694 das
345 3619 475 3694 Scheits
493 3621 605 3693 chitrle
622 3643 694 3692 uum
714 3619 841 3693 duobus
858 3619 1014 3693 altaribus
1032 3640 1093 3714 per
1105 3621 1276 3695 Nieolaum
1289 3623 1403 3694 Seheit
1492 3607 1493 3686 ἒ

267 3720 390 3807 alvan
407 3740 494 3789 annu
513 3717 609 3790 1578
626 3741 687 3813 per
697 3741 751 3788 me
767 3719 979 3790 reformatum
991 3729 1024 3790 et
1034 3721 1189 3794 oauuellis
1209 3721 1403 3794 oeuulusum
1492 3745 1493 3810 }

268 3817 417 3909 impensa
435 3816 510 3910 plus
528 3832 625 3910 quarn
643 3827 774 3931 pentum
791 3816 1000 3888 florenorum
1208 3919 1214 3934 .
1240 3921 1247 3935 ι
1394 3919 1401 3934 .

264 3912 1402 4102 nau⁰1ittistatuunturastusastus

266 4151 575 4294 *sterpenumm'
607 4157 739 4232 gemahIiu
768 4159 816 4215 des
845 4159 1000 4216 inuritrsteu
1027 4157 1160 4222 Friedrich
1189 4177 1243 4221 von
1272 4159 1403 4232 Sacirsena
