3012 4820
533 221 697 282 mantuus
716 222 881 282 maman
1201 221 1274 296 603

142 412 177 473 el
194 404 243 474 sic
259 403 366 494 ipsum
384 403 553 495 imperium
572 411 606 472 el
627 403 698 472 iura
715 399 895 494 imperialia
912 393 1048 490 sibiipsi
1067 407 1204 470 conatus
1222 405 1360 470 celibes

142 519 305 592 usurpare
323 496 414 568 etde
431 498 529 589 factm
551 509 705 593 quantum
722 500 841 592 potuit,
870 497 1041 590 usurpavit
1063 507 1176 568 contra
1203 499 1273 568 iura

142 595 254 668 divina
274 605 307 666 et
325 593 466 668 bumana
483 607 638 668 etcontra
656 593 912 670 consuetudines
930 587 1125 688 appmbatas
1139 604 1173 665 et
1187 615 1273 666 eon-

142 705 191 766 tra
209 696 279 764 iura
300 703 334 766 et
352 693 518 768 libertates
536 694 610 768 dicti
623 697 750 788 imperii
767 703 801 764 et
817 693 1017 786 prelatorum
1034 711 1074 762 ac
1091 693 1272 784 principum

141 792 321 864 aleatorum
339 795 465 885 imperii
483 803 517 864 et
532 796 565 865 in
586 791 796 886 preiudieiam
813 787 887 864 dieti
912 790 1038 862 comitis
1064 787 1223 861 Pelentini
1239 799 1274 862 et

142 889 281 960 aliorum
298 889 442 962 bdelium
458 893 584 985 imperii
602 887 760 985 prelibati.
944 891 948 896 ’

190 985 295 1060 Sexto
312 988 458 1081 prelmus
478 987 629 1061 deminus
645 987 810 1060 lebannes
828 988 905 1060 lecit
925 985 1087 1081 quoddam
1100 983 1273 1058 aliudsta-

141 1095 245 1156 tutum
262 1096 374 1158 eontra
392 1087 670 1180 appellacicnemq
688 1107 805 1178 mam,
831 1097 866 1158 ul
889 1087 1040 1178 superius
1063 1083 1183 1156 dictum
1208 1093 1273 1172 est,

141 1180 289 1278 prelatus
307 1182 457 1256 dominus
480 1183 667 1256 budovicus
691 1183 769 1256 iecit
791 1195 825 1256 et
847 1184 1040 1276 interposuit
1064 1203 1124 1276 pro
1149 1179 1273 1252 delerr-

142 1283 238 1352 eiene
253 1282 368 1352 iuriam
385 1285 512 1376 imperii
528 1293 563 1354 et
579 1281 655 1354 fidei
667 1281 824 1354 catholice
835 1291 868 1352 et
878 1283 1040 1370 veritatis,
1051 1301 1149 1374 quam
1160 1287 1272 1352 sancta

141 1377 292 1448 Romana
319 1379 461 1452 ecclesia
491 1379 647 1452 catbclica
675 1392 709 1452 el
736 1379 913 1474 apostolica
940 1376 1037 1450 dccet
1062 1387 1097 1450 et
1121 1375 1215 1448 tradit
1239 1379 1272 1448 in

141 1475 299 1546 decretali
315 1477 411 1548 linit!
424 1481 529 1571 posita
547 1488 641 1550 extra
658 1479 712 1550 De
730 1476 908 1550 verbomm
925 1475 1173 1566 significacione
1189 1472 1272 1546 librc

141 1575 187 1644 vi.
230 1573 324 1660 Quod
351 1585 526 1666 statutum,
550 1579 578 1648 si
608 1579 657 1648 sic
679 1575 742 1647 dici
766 1584 886 1669 potest
902 1596 963 1667 per
979 1576 1087 1668 ipsum
1107 1571 1273 1644 dominum

139 1668 321 1742 Iohannem
341 1682 453 1744 enntm
471 1677 646 1746 veritatem
672 1674 805 1764 lactum,
827 1671 914 1766 quod
939 1673 1048 1764 incipit
1077 1671 1164 1760 Quin
1187 1690 1273 1758 quo-

140 1772 284 1840 rundum
300 1779 420 1841 memes
424 1797 437 1860 ,·
453 1774 487 1842 in
502 1792 566 1865 quc
578 1782 696 1844 statute
707 1793 849 1843 ermnec
860 1773 932 1863 ipsc
946 1767 1097 1842 deminus
1107 1765 1272 1840 lebannes

140 1864 184 1936 de
212 1865 298 1937 lacto
325 1873 554 1961 prenunciavit
579 1891 695 1942 omnes
725 1870 800 1944 illos
829 1878 864 1940 at
891 1868 1053 1958 singulos,
1078 1869 1132 1960 qui
1155 1863 1274 1939 dictem

140 1963 399 2056 appellaeionem
416 1969 695 2061 interposuerunt,
712 1971 787 2040 sive
806 1968 860 2061 qui
876 1967 965 2054 talia,
985 1975 1020 2036 ut
1035 1966 1151 2059 inipso
1163 1961 1273 2036 libello

140 2064 360 2151 mutuentur,
378 2061 530 2136 dixerunt
547 2069 622 2138 sive
648 2068 852 2158 scripserunt
874 2085 936 2136 sea
965 2083 1025 2134 ecs
1049 2065 1275 2134 instruxerunt

138 2161 174 2228 in
196 2157 314 2231 talibus
332 2171 377 2249 el„
395 2171 430 2232 ut
446 2171 597 2236 contenta
613 2165 645 2234 in
662 2166 734 2256 ipso
751 2161 861 2233 libello
884 2161 1053 2247 racemum
1079 2157 1273 2248 docuerunt,

139 2259 176 2328 in
196 2253 402 2351 dampnatum
419 2257 553 2334 heresin
570 2259 724 2332 incidisse
746 2253 788 2331 ac
811 2269 846 2330 ul
865 2256 1060 2348 [hereticos]
1072 2309 1076 2316 .
1088 2255 1271 2328 evitandos.

140 2352 179 2425 ln
198 2373 264 2448 quo
285 2365 403 2430 statuto
423 2359 511 2447 Quia
523 2361 812 2451 quorundnmipse
824 2351 1148 2427 duminualobanaes
1160 2352 1272 2446 plures

11 2539 15 2552 Ι
138 2450 282 2524 hereses
301 2464 413 2526 contra
431 2455 530 2528 iidem
548 2467 582 2528 et
598 2459 786 2544 veritatem,
802 2475 899 2548 mam
917 2461 1030 2526 sancta
1041 2451 1189 2524 Romana
1208 2473 1272 2522 ec-

140 2549 242 2620 clesia
261 2561 363 2640 tenet,
382 2551 719 2648 dogmatizataperte,
736 2562 833 2646 prout
841 2555 874 2622 in
887 2545 1165 2643 appellacionibus
1176 2545 1270 2622 iactis

139 2657 253 2720 centra
271 2651 378 2742 ipsum
396 2661 549 2724 statutum
566 2650 749 2724 ostenditur
765 2647 948 2722 evidenter.

189 2744 337 2839 Septimo
354 2749 500 2840 prefatus
520 2749 671 2822 dominns
688 2747 852 2822 lohannes
870 2750 903 2818 in
923 2745 1059 2840 speciali
1069 2747 1273 2840 pmnuncia-

139 2846 189 2914 vit
206 2853 240 2914 et
256 2843 410 2917 iudicavit
426 2844 468 2917 de
484 2847 571 2920 lacto
582 2850 689 2942 ipsum
703 2845 869 2918 dominum
881 2841 1083 2916 ludovicum
1093 2843 1273 2916 hereticum

139 2951 176 3012 el
192 2942 564 3040 scismaticum‚.ipsum
589 2967 717 3041 quoque
737 2943 912 3039 deheresi
936 2951 969 3014 et
988 2946 1142 3014 scismata
1161 2951 1272 3014 ecntm

138 3037 239 3110 fidem
257 3038 447 3113 catholicam
466 3042 719 3138 condempnavit
736 3045 812 3112 etin
830 3061 953 3112 *omnes
975 3039 1071 3128 utos„
1092 3037 1273 3133 quieidem

138 3136 271 3208 dominc
284 3135 451 3212 Ludevico
468 3151 525 3214 aut
548 3139 778 3236 conplicibus,
809 3134 1189 3228 transtegumenta
1214 3137 1273 3208 vel
1356 3155 1360 3162 ·

137 3233 331 3306 officialibus
352 3240 434 3328 suis„
452 3261 646 3334 quocunque
663 3241 794 3310 nomine
813 3244 1051 3322 censerentur,
1069 3243 1223 3326 parerent
1238 3237 1273 3304 in

137 3332 247 3426 alique
278 3334 333 3404 vel
361 3338 466 3408 eciam
495 3337 702 3410 intenderent
730 3335 785 3408 vel
814 3355 873 3406 ecs
907 3331 965 3406 vel
992 3331 1135 3426 aliquem
1158 3353 1272 3404 eorum

138 3433 326 3523 reciperent
342 3434 398 3508 vel
414 3433 621 3508 admitterent
635 3445 691 3508 aut
710 3433 783 3525 [dc]
804 3427 960 3506 fructibus
985 3431 1041 3502 vel
1058 3427 1272 3524 proventibus
1353 3511 1359 3522 ,

137 3525 401 3624 quibuscunque,
417 3533 460 3604 ad
476 3555 618 3625 regnum
634 3533 820 3614 Romanum
830 3530 888 3604 vel
904 3531 1077 3623 imperium
1089 3529 1272 3620 spectanti-

136 3623 213 3715 bus,
231 3628 473 3720 responderent
487 3631 545 3703 vel
572 3631 653 3703 alias
672 3634 722 3702 eis
744 3627 971 3724 impenderent
987 3626 1167 3714 auxilium,
1185 3645 1272 3696 con-

138 3724 247 3798 silium
264 3734 299 3794 et
312 3724 463 3800 lavarem
480 3727 604 3800 directe
622 3730 679 3801 vel
703 3727 873 3816 indirecte,
898 3723 1027 3817 publice
1051 3722 1107 3796 vel
1131 3721 1271 3811 occutus

137 3825 170 3892 in
188 3823 558 3920 singularespersonas
573 3829 796 3918 cmuscunque
817 3823 1089 3917 preeminencie,²
1101 3819 1271 3892 condicio-

137 3923 203 4010 nis‚
221 3921 386 4012 dignitatis
411 3924 469 3997 vel
495 3931 598 3997 status
624 3924 838 3996 ecclesiastici
862 3919 920 3991 vol
946 3917 1101 3990 mundani
1128 3938 1271 3988 excom·

137 4023 372 4094 municacionis
389 4032 423 4092 et
438 4025 671 4094 universitates
687 4011 846 4092 interdicti
859 4020 1039 4090 sententias
1051 4015 1273 4112 promulgavit

137 4117 180 4188 de
196 4117 285 4188 iacta
302 4128 336 4190 et
352 4123 566 4193 comminatus
583 4121 652 4210 buit,
671 4141 711 4192 se
727 4127 761 4188 et
777 4127 889 4188 conda
905 4113 1119 4209 patriarchas,
1137 4111 1271 4186 archie-

191 4239 221 4311 ¹]
238 4241 359 4302 inlotos
375 4242 418 4302 hs.
453 4243 484 4315 2)
503 4241 685 4318 cuiuscunque
704 4243 822 4301 lavarem
841 4235 1038 4314 preeminencie
1056 4233 1097 4296 bs.
1210 4277 1212 4282 .
