2960 4832
263 203 313 274 60
575 197 750 257 nemarcos
770 199 814 256 ua
829 196 1092 274 omssmnovm.

182 392 249 448 1347
264 371 1398 468 „penoiurtsttcuonempotesutemetauctortutemprctendentbus
1466 357 1467 446 Ῐ

266 492 419 565 „quoquo
430 470 540 560 modm
558 474 732 542 terminum
743 469 819 542 hinc
828 470 996 543 adiestum
1006 470 1240 567 penthecostes
1250 475 1399 566 proxime
1466 505 1467 514 1

267 567 445 660 „futurum
469 567 555 662 quod
578 567 661 640 inire
679 567 799 640 dictum
822 572 996 640 terminum
1019 573 1052 640 in
1075 573 1145 664 ipse
1164 570 1251 641 alma
1269 567 1354 640 urbe
1370 580 1401 640 et

265 665 722 757 „secmsenotatateranensi
734 667 877 739 ecclesia
888 688 999 738 coram
1009 664 1103 738 nobis
1115 677 1148 738 et
1164 667 1236 739 aliis
1248 665 1401 738 officiali·
1466 667 1467 742 t

265 761 350 854 „bus
367 762 487 835 domird
504 767 606 836 nostn'
617 785 702 858 pape
713 764 891 835 etRomani
907 764 1017 858 populi
1035 762 1177 835 debeant
1193 787 1269 835 cum
1287 786 1399 836 eorum

264 859 411 953 „iuribus
429 883 634 955 comparere,
658 862 798 955 alioquin
816 885 834 932 a
853 860 937 932 dicto
956 865 1094 932 termino
1111 866 1143 932 in
1161 872 1259 933 antea
1278 883 1402 955 proce-

265 959 384 1051 „detur
400 970 495 1052 prout
506 958 749 1048 deincipem,
767 970 800 1030 et
811 962 942 1054 spiritus
961 963 1063 1032 sancti
1075 964 1186 1052 gracia
1197 959 1401 1032 ministrabit
1466 971 1467 1046 t

263 1055 329 1148 „Et
344 1055 571 1128 nichilominus
588 1055 630 1127 ad
647 1055 790 1149 predicta
801 1061 908 1127 omnia
919 1061 952 1127 in
964 1060 1076 1151 specie
1087 1068 1120 1128 et
1131 1061 1295 1128 communi
1314 1062 1402 1130 citari
1466 1047 1467 1122 1

263 1155 423 1245 „iacimus
440 1155 583 1226 illustres
601 1157 780 1248 principes:
798 1152 1181 1226 dominumLudewicum
1200 1155 1323 1226 ducem
1332 1156 1402 1227 Ba·
1466 1125 1467 1210 1

264 1255 406 1343 „warin
428 1251 593 1322 dominum
610 1251 766 1323 Karalum
789 1273 907 1342 regem
924 1249 1095 1341 Bohemia
1117 1255 1168 1346 qui
1190 1274 1229 1324 se
1247 1265 1402 1324 assemnt

264 1352 502 1440 „imperatores
521 1348 563 1419 ad
581 1351 751 1444 imperium
773 1349 907 1420 electos.
931 1349 1075 1420 Citamus
1096 1348 1263 1420 dominum
1283 1372 1403 1443 regem
1466 1363 1467 1396 ¹

265 1444 458 1536 „Bohemie
481 1446 647 1518 domiuum
670 1443 788 1517 ducem
804 1445 972 1536 Bawarie,
1000 1444 1165 1518 dominum
1189 1447 1310 1518 ducem
1333 1447 1403 1519 Sa·

265 1547 400 1634 „xonie
418 1543 583 1615 dominum
600 1543 821 1615 marchionem
837 1542 1207 1634 evacuenturgensem„
1235 1543 1404 1616 dominum

266 1639 569 1735 „archiepiscopum
597 1640 899 1732 Magantinensem
927 1638 1092 1712 dominum
1120 1641 1403 1737 archiepiscopum

264 1738 547 1829 „Treverensem
565 1737 730 1810 dominum
748 1736 1028 1832 archiepiscopum
1040 1737 1287 1827 Coloniensem„
1306 1743 1403 1832 quiin

264 1835 380 1926 „dictis
396 1839 536 1908 termino
552 1836 626 1906 loco
643 1845 675 1905 et
691 1835 774 1906 inire
791 1839 965 1906 terminum
983 1835 1162 1928 predictum
1180 1858 1292 1906 coram
1309 1833 1404 1908 nobis

265 1934 409 2024 „etatis
427 1931 617 2004 officialibus
630 1933 770 2004 Romani
787 1933 897 2026 populi
914 1931 1056 2004 debeant
1070 1934 1290 2026 personaliter
1306 1955 1404 2004 com-

265 2052 420 2125 „parere
445 2031 586 2124 alioquin
606 2041 641 2100 ut
664 2028 842 2123 predicitur
861 2029 1093 2123 procedemus7
1117 2051 1232 2101 eorum
1253 2029 1403 2102 absentia

264 2137 323 2217 „et
339 2130 540 2198 contumacia
558 2149 624 2198 non
648 2125 807 2198 obstante.
833 2125 885 2196 De
902 2126 1055 2220 predictis
1073 2137 1183 2198 autem
1199 2126 1354 2198 omnibus
1370 2140 1403 2198 at
1466 2103 1467 2196 1

264 2223 427 2316 „singuiis
439 2227 559 2298 nostris
573 2222 697 2296 actibus
708 2222 919 2318 processibus
933 2221 1181 2296 exceptionibus
1195 2223 1403 2318 quibuscun-

264 2344 365 2415 „quc‚
389 2325 578 2394 auctoritate
601 2319 829 2394 iurisdictionis
847 2332 961 2393 sancte
984 2325 1096 2394 matris
1120 2321 1264 2394 ecclesie
1282 2321 1402 2394 domini

264 2421 390 2509 „nostri
401 2441 486 2514 pape
498 2421 626 2491 etsacri
638 2419 781 2510 collegii„
798 2422 831 2489 in
842 2419 932 2489 nullo
943 2417 1284 2510 volumusderogara
1303 2423 1402 2514 quin-
1466 2497 1467 2524 p

265 2519 387 2606 „immo
417 2518 570 2588 volumus
598 2515 640 2586 ad
669 2526 882 2607 augmentum
907 2525 940 2586 et
969 2513 1127 2586 honorem
1151 2539 1287 2610 semper
1312 2529 1402 2589 actis
1466 2527 1467 2586 t

264 2623 421 2702 „nostros
439 2612 584 2705 dirigere
601 2623 636 2684 ut
653 2623 804 2684 tenemur
820 2635 881 2706 per
903 2615 1012 2684 omnia
1037 2617 1198 2684 revereri.
1221 2611 1403 2686 indictione

264 2731 361 2800 „nuq
379 2707 433 2780 die
449 2713 552 2804 prima
565 2713 690 2781 mansis
708 2715 839 2801 augusti
857 2708 1017 2803 publicata
1029 2710 1162 2781 fuerunt
1178 2732 1291 2782 coram
1309 2709 1403 2782 nohis

265 2806 440 2895 „Romano
456 2807 589 2901 populo
607 2817 742 2900 accepta
754 2818 787 2877 et
796 2805 973 2900 approbata
984 2807 1235 2900 perRomanum
1246 2808 1403 2902 populum

265 2907 487 2994 „existentem
497 2904 646 2997 inplatea
656 2903 884 2992 bacernensi,
902 2902 1110 2997 presentibus
1127 2904 1259 2975 domino
1277 2909 1404 2977 neeric

264 3000 408 3092 „domini
418 3005 520 3072 nostri
533 3023 618 3094 pope
630 3000 760 3073 domino
767 3002 858 3072 Pauli
869 3001 912 3072 de
929 3001 1101 3091 Commius„
1119 2997 1404 3074 dominoLafredo
1466 3021 1467 3088 t

263 3097 399 3190 „Socim
416 3098 506 3170 fratri
522 3097 640 3170 lacobo
657 3110 853 3192 preceptore
864 3099 1124 3194 senctiSpiritusq
1142 3099 1242 3170 botre
1255 3098 1404 3191 Huglino

263 3195 410 3286 „ordinis
427 3195 684 3285 Predicatorum,
708 3195 839 3266 domino
856 3194 1033 3268 Francisco
1057 3195 1098 3266 de
1116 3194 1254 3267 Falletto
1282 3197 1404 3280 iudice„

264 3291 419 3383 „domino
431 3292 564 3365 Matheo
576 3292 757 3364 deChaace
768 3292 887 3381 indice,
898 3292 1000 3364 Paulo
1012 3292 1258 3383 angeliFuscie
1270 3293 1403 3366 domino
1466 3315 1467 3396 p

264 3388 562 3479 „NicolaoNicole
581 3389 711 3461 domino
722 3387 1030 3462 UbaldiuoPictonis
1048 3389 1090 3460 de
1107 3389 1251 3482 Egubio,
1270 3388 1403 3462 domino
1466 3411 1467 3482 ζ

265 3484 473 3577 „Hugicione
491 3487 579 3558 Petri
596 3511 636 3557 ac
652 3486 832 3575 Sercincim
849 3487 1036 3558 Pancatone
1054 3486 1095 3557 de
1112 3485 1268 3579 Egubi01.
1466 3495 1467 3506 ¹

262 3655 313 3726 Da
329 3662 432 3725 morta
448 3655 613 3726 Ludcuici
635 3659 728 3726 ducto
750 3657 901 3726 Bouaria
913 3674 979 3744 pro
996 3659 1194 3744 imperatore
1209 3675 1244 3725 se
1259 3668 1403 3747 perante,
1466 3645 1467 3648 ¹

363 3760 396 3823 et
410 3757 572 3842 quomodo
588 3758 734 3824 moritur.

312 3887 414 3960 Anno
431 3895 541 3958 autem
557 3884 703 3981 predicto
719 3885 825 3973 xlvii„
850 3907 887 3976 ¹v.
905 3885 978 3958 idus
995 3884 1136 3958 octobris
1157 3887 1312 3978 [ostii]
1331 3886 1404 3959 Ln-

264 3982 415 4056 dewicus
427 3987 480 4080 qui
494 4005 599 4080 sepro
609 3987 807 4079 imperatore
814 3993 969 4074 gesserat
979 3985 1095 4075 viginti
1102 3989 1210 4074 annis„
1228 3993 1262 4055 et
1278 3988 1402 4076 trigin-

303 4115 333 4182 1)
348 4115 438 4184 Vergi.
454 4115 500 4170 mit
515 4115 615 4170 diesem
635 4117 697 4170 sehr
712 4113 888 4170 iebierhaiten
904 4115 970 4170 Text
992 4113 1042 4169 deu
1065 4113 1183 4171 abdruck
1197 4114 1224 4171 in
1238 4115 1404 4190 Papencordt

270 4184 335 4242 coia
349 4185 376 4242 di
390 4185 488 4244 Rieuuo
504 4201 526 4240 s.
540 4185 592 4244 xu.
