2982 4824
508 251 659 311 nmmos
677 251 877 312 1101111110.
1186 253 1259 332 677

108 455 111 464 ¹
129 438 289 522 extraque
305 429 515 523 oppugnatis,
538 437 626 500 111111
643 427 764 500 nouo
785 428 1008 524 industriaque
1024 428 1200 524 prevaluit,
1225 437 1261 503 ut

129 531 163 598 in
183 529 398 598 maximamm
421 523 561 598 bostium
583 529 748 620 copiarum
765 529 869 599 oculis
887 525 1000 598 orbem
1018 527 1106 598 illurn
1123 529 1261 600 mirabili

129 625 217 698 loma
234 627 391 718 potiretur
410 625 502 716 [aug.
521 621 573 714 31.
601 621 791 698 Castronius
809 635 842 696 et
858 623 1045 698 Galeactius
1061 623 1259 698 Vioeeomes

129 713 176 796 ci
202 732 368 794 contracto
395 719 438 792 cb
471 724 604 794 nimium
637 719 784 795 laborem
813 725 845 794 in
872 721 1062 795 Pistoriensi
1088 720 1260 795 obsidione

130 817 245 892 morbo
268 841 289 890 e
311 823 379 891 vita
404 821 595 911 migrarunt
628 819 744 892 Petrus
768 820 810 892 dc
827 819 998 912 1111110111,
1021 823 1074 916 qui
1097 819 1260 914 quondam

129 915 475 1088 qonffixffllosmus
492 921 622 1013 quintus
635 915 740 992 dictos
751 929 814 1010 cst,
831 921 864 990 in
881 915 1054 1011 cathalogo
1072 929 1259 992 sanctorum

152 1037 191 1090 es
230 1017 239 1034 ⁰
260 1019 332 1088 itur.
629 1071 635 1080 .

180 1129 287 1203 1320.
319 1131 442 1222 risam,
467 1134 520 1228 qui
581 1141 612 1206 st
628 1131 799 1206 Castroicii
814 1139 951 1203 mortem
968 1134 1001 1203 in
1018 1128 1175 1204 budovici
1191 1134 1262 1204 im-

128 1234 292 1326 peratoris
308 1239 503 1325 potestatem
549 1241 744 1322 evenerant,
769 1233 800 1302 in
827 1227 1011 1304 libertatem
1038 1228 1260 1304 1111111101-

129 1336 206 1401 runt
225 1329 306 1420 [ion.
325 1327 401 1418 181.

179 1440 287 1516 1330.
312 1439 518 1518 Gberadinus
535 1441 670 1538 Spioola
688 1441 875 1519 Genuensis
900 1445 969 1518 sois
986 1445 1134 1540 privatos
1151 1467 1260 1539 peoo-

128 1544 192 1614 niis
209 1538 330 1613 Lucam
354 1539 469 1614 orbem
487 1545 586 1614 emit¹
625 1541 723 1616 Greci
739 1543 903 1616 Teucros²
919 1541 1117 1616 invadentes
1138 1545 1260 1634 ingens

129 1638 253 1711 bobum
270 1641 465 1730 excitarunt,
483 1638 569 1736 qood
583 1643 741 1736 proximis
755 1644 849 1714 annis
860 1645 974 1810 sepios
991 1650 1187 1713 renovatum
1198 1651 1264 1712 est

128 1735 217 1809 Solis
235 1746 268 1808 et
286 1738 364 1809 lone
383 1737 502 1810 eodem
518 1761 605 1812 anuo
623 1737 706 1812 lacta
725 1737 874 1812 delectio.
927 1740 1012 1812 isani
1025 1738 1158 1810 Petrum
1170 1736 1260 1810 Cor-

130 1831 318 1906 bariensem
342 1833 461 1908 falsum
479 1835 679 1931 pontificem,
704 1859 801 1931 quem
826 1837 1004 1934 imperator
1020 1833 1207 1908 Ludovious
1227 1838 1261 1912 in

130 1929 340 2004 Germaniam
359 1934 524 2006 transiens
541 1935 625 2008 Pisis
645 1933 705 2006 reli
751 1944 835 2025 er'at,
858 1938 1001 2030 capiunt,
1026 1942 1060 2005 et
1077 1931 1119 2004 ad
1134 1931 1263 2006 loban-'

128 2025 207 2101 n'em
224 2027 409 2124 pontificem
426 2029 595 2104 Avinione
611 2041 688 2104 tooc
727 2042 883 2124 egentem
900 2035 1039 2123 mittunt,
1059 2029 1145 2126 apud
1163 2037 1262 2126 quem

129 2149 226 2200 suom
250 2132 396 2198 errorem
420 2127 595 2202 confessos
619 2132 720 2201 vitam
742 2129 930 2223 suppliciter
956 2132 1128 2218 exoravit,
1155 2127 1262 2202 donec

126 2227 269 2296 triennio
285 2235 371 2320 post,
388 2223 526 2299 honesto
544 2248 679 2299 carcere
696 2236 904 2318 asservatos,
921 2229 1049 2300 interiit

136 2408 140 2418 ,
179 2337 287 2412 1331.
312 2338 475 2414 lohannes
498 2339 643 2415 Boemie
659 2364 723 2417 rex
743 2341 869 2414 ltaliam
893 2343 1069 2434 ingressus
1085 2338 1261 2434 3111111103,

127 2437 344 2530 Bergomum,
365 2437 499 2532 1110110,
523 2440 687 2530 Parmam,
708 2441 852 2534 Regium
876 2450 911 2513 et
926 2437 1085 2512 Mutinam
1107 2441 1141 2511 in
1164 2461 1262 2513 suom

127 2533 296 2638 arbitrium
314 2546 575 2634 potestatemque
592 2541 728 2633 occepit.
1027 2645 1030 2652 Ι

180 2650 287 2726 1332.
312 2651 511 2730 Ganuenses
521 2653 633 2726 navali
649 2653 755 2749 prelio
766 2653 1024 2747 Arragonenses
1042 2663 1211 2749 superant,
1228 2663 1263 2727 et

128 2771 247 2822 eorum
263 2751 369 2824 littora
386 2749 596 2845 cupidissime
613 2751 843 2847 depredantur.

179 2864 287 2938 1333.
313 2865 428 2938 Amos
446 2869 606 2942 continuis
623 2865 780 2942 imbribus
797 2869 949 2942 inmense
965 2878 1081 2942 auctus
1097 2877 1166 2940 tres
1177 2865 1261 2940 llo-
1374 2919 1382 2930 .

127 2967 237 3037 rentie
260 2974 377 3060 pontes
404 2985 479 3036 com
503 2987 668 3038 muromm
693 2962 782 3038 urbis
806 2975 900 3060 parte
917 2973 957 3037 a'o
978 2967 1135 3061 proximis
1159 2964 1262 3040 fluvio

128 3061 266 3135 edificiis
284 3065 445 3134 maximo⁴
461 3065 583 3136 rivium
600 3072 726 3136 tenure
743 3065 931 3158 prostravit

180 3175 287 3250 1334.
315 3175 502 3250 Marmorea
519 3181 616 3252 turris
634 3177 794 3270 singrdari
811 3179 988 3272 prestantia
1007 3175 1261 3274 splendidissimi

127 3278 241 3372 operis
268 3274 309 3347 ad
334 3277 501 3371 Reparctc
527 3277 684 3370 templum
710 3273 877 3346 Florentio
907 3273 1036 3346 fundari
1070 3285 1122 3348 est
1154 3283 1258 3369 cepto.

128 3373 296 3447 lebannes
313 3373 461 3469 pontifex
478 3384 510 3446 et
526 3373 692 3468 Philippos
710 3371 912 3445 Francorum
928 3393 992 3447 rex
1007 3395 1073 3445 ona
1090 3395 1165 3446 cum
1181 3372 1261 3445 Ve-

128 3475 216 3546 netis
233 3474 266 3543 in
285 3471 467 3544 Grecorum
491 3470 718 3544 defensionem
744 3470 888 3544 classem
914 3481 1092 3562 armarunt,
1115 3494 1179 3567 qua
1197 3491 1261 3544 su-

128 3579 264 3666 peratos
281 3570 428 3643 Teucros
454 3577 696 3664 represserunt.
728 3567 893 3642 lohannes
916 3568 1064 3664 pontilex
1086 3571 1181 3642 etatis
1200 3587 1261 3640 sue

60 3659 65 3670 ’
130 3689 220 3750 anno
236 3671 455 3760 nonagesimo
478 3665 581 3762 pridie
604 3688 709 3740 nonas
727 3664 912 3740 decembris
932 3666 1261 3758 [1110.4]Α111’1110110

129 3768 279 3856 morino,
296 3767 487 3862 relinquens
500 3767 534 3836 in
544 3763 707 3838 thesauris
726 3767 795 3837 sois
812 3767 980 3856 ingentem
992 3767 1060 3836 vim
1077 3765 1147 3834 auri
1164 3773 1261 3858 utque

130 3866 275 3957 argenti„
300 3867 393 3936 ouius
416 3871 506 3935 recto
530 3864 725 3958 computatio
751 3861 825 3933 foit⁵
843 3883 1016 3934 aurearum
1034 3855 1262 3956 dragmarom⁶

128 3963 251 4036 millies
269 3963 527 4058 vigintiquinque
545 3961 656 4052 millia,
679 3958 767 4055 quod
790 3962 964 4055 scripsisse
989 3957 1125 4031 arduom
1143 3960 1261 4055 quippe

186 4129 216 4200 1)
234 4130 325 4188 dieser
348 4131 416 4188 111111
438 4129 553 4200 erlolgte
571 4129 657 4186 sebon
677 4125 756 4184 1329.
798 4126 829 4196 2)
847 4125 891 4182 die
908 4126 1021 4182 'litrlrem
1062 4123 1093 4194 3)
1111 4124 1199 4184 Brixia
1217 4127 1261 4184 bs.

128 4203 163 4272 4)
180 4201 294 4259 maxime
311 4203 353 4259 bs.
389 4204 420 4271 5)
439 4201 537 4258 1111111.
573 4201 603 4268 0)
623 4199 746 4255 dracbme
764 4198 869 4254 ecbeiut
892 4197 935 4254 liir
956 4195 1121 4282 goldguldeo
1147 4203 1262 4271 geroldi,
1409 4255 1415 4267 ,

131 4275 166 4334 da
185 4272 283 4332 villani
302 4273 353 4331 deu
373 4271 464 4330 solata
483 4273 531 4330 nul
546 4271 701 4344 25000000
719 4269 886 4342 geltruden
905 4268 1005 4342 aogrbt
1043 4321 1046 4330 .
