3036 4822
282 265 356 338 334
548 259 715 318 ennomcn
734 259 929 318 mammon
947 258 1148 316 summram

282 435 358 507 dem
376 435 584 508 donationem
600 437 715 506 iterato
733 433 961 507 animante
998 431 1081 506 ltem
1098 431 1216 502 eodem
1235 449 1322 503 anno
1339 435 1408 505 eoi-

280 533 356 605 lieet
378 533 513 606 mxlvi.
540 529 653 625 [1046
671 543 754 626 sept.
772 532 812 622 9]
840 531 954 605 Baden
978 551 1052 604 oum
1075 527 1225 602 omnibus
1250 531 1319 602 suis
1345 549 1408 624 ap-

280 629 439 725 pendioiis
456 641 490 702 et
507 625 692 703 utilitatibus
716 629 793 701 intle
812 627 1083 726 provenientibus
1101 627 1245 698 eoelesie
1262 625 1407 722 Spirensi

280 728 668 928 ttttttttttllt
687 723 1409 920 lttltttttltlltliailtt

281 922 367 995 done
391 926 547 1019 episeopo
570 923 719 996 eiusdem
742 924 914 997 eoelesie.⁴
947 922 1030 995 ltem
1053 941 1140 993 anno
1157 917 1279 992 domini
1295 918 1406 991 mlvi.

283 1019 397 1112 [1056
421 1025 485 1092 mai
509 1021 548 1112 6]
576 1021 724 1117 prelatus
751 1020 914 1095 llemioue
941 1019 1158 1093 Bruehsellen
1185 1039 1260 1088 eum
1287 1015 1409 1088 ioresto

279 1115 420 1192 Luehart
435 1123 601 1192 nominato
618 1128 652 1190 et
667 1116 817 1192 omnihus
835 1139 949 1190 eornm
968 1116 1167 1213 appendiciis
1179 1124 1213 1186 et
1222 1111 1407 1186 utilitatibus

281 1216 424 1288 eoelesie
433 1215 582 1310 Spirensi
593 1222 626 1288 in
639 1217 804 1310 proprium
822 1215 922 1307 dedit
940 1227 975 1287 ut
991 1216 1166 1310 episeopus
1184 1233 1245 1305 pro
1260 1222 1409 1305 tempore

279 1311 416 1384 liberam
433 1311 553 1386 habeat
569 1323 763 1409 potestatem
780 1311 856 1384 inde
873 1311 1012 1385 laeiendi
1030 1305 1180 1407 quioquid
1196 1309 1356 1402 placuerit
1369 1307 1408 1378 ad

280 1432 377 1483 usum
393 1419 503 1482 tamen
522 1421 555 1482 et
572 1413 739 1483 utilitatem
758 1411 900 1484 eoeleeie
918 1431 978 1484 eue
996 1409 1189 1506 Spirensie.⁵
1227 1405 1308 1478 ltem
1325 1405 1410 1477 reli·

281 1509 373 1601 quiae
397 1511 500 1580 saneti
517 1508 671 1582 Widonis
688 1507 818 1602 Spiram
842 1509 945 1580 attulit
967 1507 1009 1578 atl
1032 1507 1208 1579 eoelesiam
1230 1505 1335 1576 saneti
1351 1501 1410 1573 lo-

280 1603 397 1676 hannis
415 1607 638 1699 evangeliste
657 1625 754 1702 quam
770 1615 865 1700 pater
876 1625 956 1678 suus
969 1601 1139 1678 Comedus
1158 1599 1325 1674 eeurntlue
1337 1619 1410 1672 eum

281 1705 395 1772 maiori
412 1703 555 1776 eeclesia
573 1703 730 1776 fundavit.
763 1703 836 1790 oue
854 1711 990 1798 expuet
1006 1699 1311 1796 propterreliquiee
1329 1699 1410 1769 istas

281 1821 386 1892 neqtre
410 1799 451 1869 ad
475 1822 616 1894 presens
641 1821 762 1872 nomen
785 1803 890 1872 saneti
913 1798 1067 1871 Widonis
1091 1801 1203 1870 sortita
1226 1806 1287 1868 est.
1327 1793 1408 1866 ltem

282 1919 413 1968 erucem
436 1902 613 1990 pretiosam
630 1900 663 1967 in
681 1917 810 1969 summo
833 1898 926 1968 altari
949 1895 1150 1969 reoonditam
1168 1892 1312 1966 eoelesie
1329 1889 1411 1986 Spi-

281 1996 372 2066 rensi
388 1993 535 2086 donavit
560 2005 595 2067 ut
611 1993 714 2068 claret
730 2015 776 2067 ex
793 1995 906 2067 metris
923 1995 955 2066 in
973 1993 1234 2066 eimumlerentia
1259 1987 1411 2062 eiusdem

281 2093 387 2164 eroeie
404 2091 497 2165 litera
516 2095 646 2187 antiqua
664 2102 697 2164 et
713 2111 833 2183 grossa
851 2095 1042 2188 eonseriptie
1061 2091 1200 2164 soilioet:

446 2188 637 2262 Contulerat
661 2199 775 2262 saneta
801 2187 883 2262 felix
907 2188 970 2261 heo
995 2189 1081 2260 dona
1108 2187 1227 2278 Mane,

444 2287 587 2384 Semper
611 2298 647 2358 ut
669 2297 786 2358 eterne
812 2295 984 2381 oarpeeoat
1008 2280 1135 2360 munia⁶
1159 2289 1242 2374 vite,

445 2385 569 2458 Henrio
593 2383 733 2458 Conradi
760 2396 857 2460 natue
882 2380 924 2456 d'e
950 2389 1051 2479 stirpe
1077 2382 1244 2457 monarehi

444 2481 557 2556 Gieela
574 2486 629 2578 qui
646 2485 791 2576 genitus,
810 2484 944 2556 multum
963 2485 1043 2556 satis
1059 2485 1132 2578 ipse
1149 2480 1325 2573 benignus.

279 2596 362 2669 ltem
379 2621 397 2668 a
415 2609 511 2692 tergo
535 2599 685 2672 eiusdem
708 2601 815 2673 erueie
837 2599 997 2692 incapite
1021 2601 1107 2670 eirea
1130 2599 1311 2688 imaginem
1340 2595 1415 2670 sal-

280 2696 404 2768 vatoris
422 2695 515 2769 litera
533 2700 655 2769 minuta
673 2698 853 2790 etantiqua
872 2706 948 2769 sunt
964 2693 1026 2768 heo
1042 2706 1163 2768 metra:

445 2793 501 2866 Ad
525 2805 640 2866 votum
663 2797 758 2888 regis
785 2794 928 2866 Heinriei
955 2793 1040 2866 dona
1065 2793 1203 2866 ferentis

444 2891 588 2986 Respice
605 2891 663 2963 llez
682 2891 765 2966 eollo
782 2889 910 2965 resides
928 2911 992 2985 quo
1010 2887 1139 2964 Christe
1157 2911 1313 2985 superno.

278 3005 346 3079 lste
374 3006 548 3080 Heinn'ous
578 3009 692 3078 tertius
728 3010 978 3098 eognominatus
1009 3007 1081 3101 pius
1112 3005 1169 3078 vel
1198 3007 1296 3098 niger
1325 3011 1415 3080 cirea

280 3125 385 3175 annos
409 3101 529 3175 domini
549 3106 755 3178 [mviii.
774 3107 930 3196 regnavit
946 3123 1051 3176 annos
1067 3104 1148 3174 xvii.
1185 3101 1228 3174 Et
1243 3101 1326 3174 duaa
1345 3098 1415 3175 lra-

279 3199 347 3272 buit
363 3223 505 3290 uxoree3
530 3204 633 3296 prima
651 3199 871 3294 Kunigundisq
889 3198 1034 3274 secunda
1053 3199 1174 3292 Agnes
1191 3197 1416 3294 appellaban-

281 3308 344 3386 turq
367 3319 431 3392 que
449 3299 572 3371 Pietati
595 3301 750 3394 prinoipie
774 3309 846 3370 erat
862 3297 939 3386 ntia,
964 3319 1060 3392 quam
1077 3301 1111 3368 in
1127 3296 1332 3388 ingelnheim
1348 3321 1415 3370 re-

280 3393 410 3486 galibus
427 3399 546 3490 nuptiis
565 3394 625 3468 sthi
642 3397 816 3490 populavit.
849 3394 995 3467 Tandem
1011 3397 1138 3488 imperii
1157 3397 1208 3466 sui
1224 3413 1313 3466 anno
1328 3399 1412 3468 xvii.

280 3491 381 3564 lulium
398 3513 494 3566 auam
505 3493 695 3583 Hermum,
713 3493 828 3565 deeem
846 3490 1003 3566 annoeab
1017 3501 1089 3562 ortu
1105 3487 1294 3582 nabentem„
1313 3492 1415 3565 elee-

280 3592 367 3660 tione
384 3593 564 3685 prinoipum
587 3611 706 3683 regem
723 3587 889 3665 eonstituit
904 3589 1127 3662 Romanorum
1151 3599 1308 3683 presente
1325 3611 1413 3685 papa

280 3685 414 3760 Viotore
437 3691 470 3758 in
492 3687 575 3759 urbe
592 3687 700 3783 Spina,
725 3681 920 3761 uolentem
944 3707 1031 3758 anno
1054 3684 1143 3777 obiit,
1167 3697 1202 3757 et
1222 3685 1345 3758 mitem
1372 3687 1413 3759 ad

278 3784 480 3880 latueputrle
493 3789 547 3857 aui
555 3783 700 3861 Ganratll
717 3785 865 3879 sepultae
882 3794 935 3858 est
949 3783 1010 3857 sub
1029 3805 1192 3855 marmore
1209 3794 1338 3877 qtrarto,
1359 3785 1413 3858 nlri

278 3881 343 3952 tale
359 3879 504 3954 hahetur·
512 3882 725 3978 epitaphium
750 3883 845 3954 Anao
864 3886 1029 3954 domim
1043 3885 1287 3954 mutuatione
1304 3882 1413 3955 mlvi

279 3979 445 4094 iterim
462 3985 573 4089 aaron
596 3984 690 4079 uiae
706 3983 813 4087 ,tutia
830 4001 935 4086 eoae
958 3981 1099 4085 oratus
1119 3981 1210 4082 altit,
1237 3983 1334 4065 «Aru
1347 3982 1415 4075 pe

302 4138 306 4146 ·
334 4118 368 4186 ι).
382 4119 502 4190 murum
516 4119 601 4186 aaa
638 4122 671 4189 a)
688 4121 741 4175 ne.
756 4120 780 4188 r,
799 4119 842 4177 ae.
880 4109 1305 4188 o-wsmnwnmnm1u
1331 4107 1416 4175 ltere

278 4189 338 4258 ling
355 4190 381 4259 1,
392 4190 441 4246 ee.
462 4195 507 4248 =5t
519 4192 543 4246 Ἰ.
557 4209 579 4246 o.
599 4189 625 4260 l,
642 4193 695 4248 442·
718 4191 887 4261 flllle'mllng
901 4188 1030 4248 ’Biselllile
1043 4187 1068 4256 l,
1105 4189 1144 4246 te
1159 4204 1184 4245 n.
1198 4181 1266 4246 506:
1289 4123 1418 4267 tipascap

279 4277 303 4314 m
306 4277 394 4316 uuuuuu
432 4260 462 4329 7)
481 4261 603 4332 liemllng
620 4262 637 4317 l.
658 4281 679 4317 e.
699 4263 771 4318 wohl
791 4263 938 4332 unriahtig:
960 4263 996 4318 in.
1226 4284 1228 4293 ·
1297 4271 1343 4300 r·
1401 4272 1406 4287 ¹
