2960 4832
371 217 547 278 mmoos
562 217 606 274 nn
625 217 891 278 omssnnuovnn.
1156 225 1204 296 49

69 387 118 456 lle
127 391 332 478 depositione
343 392 584 482 archiepiscopi
589 394 781 483 Maporiton,
795 396 872 464 etde
883 396 1057 464 collatione
1064 398 1206 465 academ

166 487 471 580 archiepiscopatus
481 494 578 560 alleri
583 495 646 578 ;de
652 496 927 580 pronunciatione
938 497 1205 562 eocammum'ca-

167 590 269 656 liom's
285 596 317 657 et
331 591 492 658 edomatio
508 593 544 658 ta
560 590 766 660 ludewicum
784 593 840 676 poi
856 609 890 658 se
906 594 1006 678 pessa
1015 610 1081 677 pro
1098 594 1205 678 impe-

167 693 290 773 rotare,
309 694 341 756 et
366 688 405 755 de
415 689 572 756 annuato
589 686 680 770 sacto
691 687 898 776 principibus
915 695 951 756 ut
966 690 1000 755 ia
1017 691 1204 758 electionem

166 784 305 852 amrin
316 787 540 871 procederent.
630 819 632 824 ⁴

119 931 224 1002 Anno
242 943 351 1004 autem
370 933 489 1004 domini
507 934 712 1006 mcccnlvi.
722 933 878 1007 Clemens
896 957 980 1030 papa
999 939 1042 1006 vi.
1061 938 1204 1030 privavit

71 1027 357 1125 archiepiscopum
366 1029 656 1124 Magantinensem
673 1035 740 1104 viii.
759 1032 831 1104 idus
850 1033 959 1128 aprilis
980 1036 1063 1126 [apr.
1083 1031 1121 1122 6]
1143 1057 1203 1104 ar-

66 1125 326 1221 chiepiscopatu,
347 1139 385 1199 et
406 1132 514 1224 ipsum
537 1129 670 1200 contulit
694 1128 823 1201 domino
847 1129 987 1202 Gerlaoo
1011 1129 1053 1200 de
1071 1129 1203 1202 Nasson

1219 995 1286 1052 1346

66 1227 179 1317 nepoti
196 1229 290 1316 regis
307 1224 431 1315 addolfi,
449 1231 502 1321 qui
520 1237 591 1298 erat
608 1229 713 1298 iunior
730 1231 824 1298 annis
842 1237 875 1298 et
892 1228 1102 1322 cappellanus
1123 1247 1202 1300 suus
1332 1283 1334 1288 -

65 1343 104 1392 ac
119 1319 541 1414 decanusllaguntinensis
555 1328 708 1418 provisus
727 1327 831 1394 eciam
851 1347 977 1420 npapaq
996 1348 1058 1396 neo
1075 1325 1204 1396 admis-

67 1441 126 1488 sus
145 1417 189 1489 nd
205 1424 457 1512 possessionem
475 1420 663 1494 decanatus.
699 1419 775 1493 ldus
794 1433 902 1493 autem
913 1423 1023 1516 aprilis
1044 1421 1200 1517 [apald]

65 1538 150 1610 papa
181 1515 338 1587 Clemens
366 1516 530 1611 predictus
557 1517 790 1608 Ludevvicum,
829 1525 941 1615 quise
968 1543 1026 1614 pro
1054 1523 1203 1614 impera-

67 1623 139 1683 tore
158 1618 279 1706 gessit,
296 1618 532 1708 pronunciavit,
542 1619 859 1688 excommunicatum
877 1628 911 1687 et
928 1621 1148 1688 scismaticum
1159 1640 1204 1691 cn

64 1708 213 1804 pluribus
232 1716 352 1783 causis.
370 1713 478 1783 Prima
496 1717 569 1808 quia
580 1711 865 1786 Mediolanensem
877 1713 1067 1786 Galeacium
1078 1725 1109 1785 et
1122 1735 1201 1786 snos

65 1831 125 1902 pcr
140 1831 262 1903 papam
279 1807 459 1881 Iohannem
475 1813 554 1881 xxii.
574 1833 647 1881 cum
659 1815 728 1882 suis
739 1810 917 1883 fautoribus
930 1815 1202 1884 excommunica-

65 1915 115 1976 tos
131 1910 320 2000 receptavit
336 1917 368 1977 et
379 1910 427 1980 sic
437 1905 720 2000 quindecimannis
731 1912 763 1978 in
776 1914 952 1982 sentenciis
970 1913 1202 1980 excommuni-

65 2007 203 2075 cationis
220 2003 422 2098 perduravit.
440 2002 566 2075 Nurum
586 2008 690 2075 eciam
707 2009 799 2096 regis
811 2005 968 2077 Bohemie
981 2018 1014 2078 et
1025 2007 1122 2077 liliam
1134 2007 1201 2077 dn-

65 2099 292 2172 oisKarinthie
310 2100 375 2172 ulio
394 2123 453 2172 suo
466 2105 682 2195 primogenito
694 2102 871 2196 copulavit
890 2115 1064 2198 antequam
1082 2104 1201 2174 divor·

66 2203 142 2269 tium
159 2219 223 2292 per
240 2198 417 2270 ecclesiam
434 2210 526 2271 esset
542 2197 753 2290 celebratum
773 2209 805 2270 et
816 2205 889 2294 quia
901 2204 1084 2295 antipapam
1095 2201 1201 2272 Rome

67 2305 252 2366 creaverat.
269 2295 324 2366 En
341 2299 451 2368 causis
468 2299 538 2367 istis
557 2295 666 2366 etaliis
679 2296 1065 2391 mandavitpriucipibus,
1083 2308 1119 2368 ut
1135 2294 1201 2368 ali-

67 2415 119 2464 um
142 2397 176 2464 in
200 2414 320 2484 regem
337 2393 560 2464 Romanorum
577 2393 765 2484 eligerent.-
773 2394 849 2465 Rex
866 2417 949 2466 vero
966 2394 1124 2465 Bohemie
1140 2393 1202 2465 lo-

67 2488 193 2562 hannes
209 2493 358 2579 nominc,
375 2491 494 2561 volens
513 2490 612 2560 lilium
632 2513 727 2561 suum
737 2491 918 2581 vindicare
937 2497 987 2562 cui
1001 2514 1083 2562 uxor
1094 2489 1199 2561 ablata

67 2587 171 2658 marat
195 2599 229 2658 et
253 2590 423 2658 comitatus
446 2585 576 2677 'lirolia
601 2610 639 2658 sc
657 2592 873 2680 promciorem
896 2589 1038 2662 ostendit
1055 2588 1096 2659 ad
1114 2610 1200 2660 con-

68 2684 274 2756 sentiendum
293 2683 378 2778 qnod
395 2683 490 2754 lieret
507 2685 624 2756 electio
641 2685 683 2754 de
702 2683 766 2757 filio
785 2709 846 2758 suo
860 2685 993 2778 Karolm
1012 2698 1047 2758 nt
1064 2687 1199 2758 allectus

68 2781 273 2876 subsequens
298 2780 451 2869 ostendit,
476 2792 509 2852 et
533 2786 581 2854 sic
597 2779 733 2852 haberet
749 2804 807 2875 pro
827 2807 864 2854 se
881 2807 999 2880 papam
1017 2787 1071 2878 qui
1089 2805 1200 2878 quon-

68 2877 137 2950 dam
154 2879 273 2950 doctor
290 2878 401 2950 Karoli
423 2877 479 2950 filii
499 2883 550 2951 sui
567 2879 682 2950 luerat
701 2880 946 2954 'l'reverensem
964 2904 1047 2954 vero
1066 2880 1199 2952 archie-

68 2979 235 3072 piscopum
262 2975 479 3047 favorabilem
504 2975 633 3066 habuit,
663 2981 736 3070 quia
770 2989 903 3071 patruus
932 3003 1012 3051 suus
1040 2988 1074 3049 et
1099 2979 1201 3048 irater

70 3071 207 3145 Heinrici
225 3077 432 3168 imperatoris
449 3074 564 3145 luerat.
583 3072 810 3166 Maguntmum
824 3081 928 3146 eciam
945 3099 1004 3168 pro
1023 3097 1061 3148 se
1077 3071 1199 3164 habuit,

70 3193 160 3263 quem
181 3194 269 3266 papa
291 3169 413 3242 adhoc
432 3181 617 3260 creaverat
646 3181 679 3242 ut
702 3172 851 3262 eligeret.
881 3172 1088 3244 Coloniensis
1115 3193 1199 3244 vero

70 3289 126 3340 non
151 3269 282 3340 audens
302 3291 340 3340 se
356 3291 441 3362 pape
458 3290 638 3362 opponere,
656 3291 718 3339 neo
734 3269 926 3342 'l'revirensi
942 3273 1114 3358 resistere,
1138 3289 1202 3340 neo

70 3387 180 3457 regem
196 3365 358 3437 Bohemie
375 3387 440 3436 nco
456 3365 556 3444 filium
572 3365 754 3454 offendere,
778 3389 917 3438 unacum
939 3391 1024 3460 rege
1040 3367 1199 3438 Bohemie

71 3471 99 3531 et
113 3461 196 3536 duce
214 3463 364 3535 Saxonic
382 3474 415 3532 et
432 3486 510 3538 cum¹
526 3463 678 3556 predictis
697 3461 947 3558 archiepiscopis
968 3469 1141 3537 terminum
1158 3462 1199 3533 ad

73 3559 256 3652 eligendum
273 3582 399 3632 novum
415 3582 533 3652 regem
550 3571 585 3631 ut
600 3559 682 3632 infra
700 3560 820 3654 patebit
836 3563 1011 3656 prefigunt.

74 3819 115 3888 lle
130 3811 265 3894 munim
289 3811 436 3909 episcopi
463 3821 566 3891 Utrici
589 3823 623 3890 io
644 3812 842 3909 Commoda,
867 3831 899 3891 et
913 3814 1074 3908 quomodo
1091 3821 1200 3890 recum

159 3923 296 3992 reducit
310 3921 537 3990 Prodicatores
555 3921 706 4008 copulem
724 3921 764 3989 dc
786 3919 983 4008 Constantia,
1012 3927 1044 3988 et
1058 3921 1199 4006 quedam

159 4023 231 4092 olio
248 4021 291 4089 de
308 4019 490 4088 interdicto.

114 4149 227 4229 nense
245 4162 359 4225 numm
377 4150 487 4244 aprilis
511 4152 587 4224 amni
603 4150 739 4244 predicti
756 4149 847 4222 xlvi
868 4154 899 4222 in
917 4147 969 4220 die
988 4150 1073 4222 beati
1092 4147 1200 4224 Marci

118 4301 247 4348 tomen
260 4299 376 4346 FONTBS
389 4299 410 4340 t.
970 4298 989 4354 4
