2900 4820
256 197 340 273 ,246
568 195 734 254 nummis
753 195 1094 254 uunwmnuacmsrs.

186 387 255 447 totu
271 387 337 448 tam
354 372 397 444 de
413 373 505 462 Biasp
529 372 664 444 fratrem
686 373 787 466 priori
810 393 899 444 anno
913 374 1013 446 occisi
1036 375 1070 442 in
1092 369 1181 444 balio
1204 375 1397 468 prescripto.¹

270 473 371 546 iilium
400 474 522 544 sororis
549 469 686 560 Franci,
719 467 830 542 habuit
856 473 889 542 iu
916 473 1075 542 marinum.
1124 468 1264 542 Mittens
1292 481 1398 542 antem
1429 479 1430 482 ’

270 569 421 643 Francus
435 591 495 664 pro
513 567 610 658 duce,
633 565 780 642 secundo
799 570 923 640 scilicet
939 568 1051 658 frutra
1074 569 1182 662 ipsum
1206 567 1263 640 din
1290 573 1399 656 tenuit

270 677 306 740 ut
322 669 512 762 prescripsi,
531 669 706 761 captivum.
748 667 810 755 Qui
828 663 982 740 dimissus
1001 667 1108 740 statim
1125 663 1212 738 obiit.
1252 665 1400 738 Francius

183 823 187 834 .
271 775 379 839 autem
397 762 578 859 predictum
595 767 748 837 comitem
765 763 807 835 de
824 763 903 838 Bias
919 768 1054 838 racione
1077 766 1190 836 uxoris
1216 767 1251 836 in
1277 775 1400 859 partem

271 863 407 938 ducatus
424 863 562 934 intrusit.
587 863 721 955 Anglus
739 872 849 934 autem
866 865 966 936 tercio
984 861 1087 953 ircim,
1106 883 1189 934 vero
1201 861 1296 954 dcci,
1313 865 1402 934 assi-

271 972 362 1036 siens
380 964 486 1056 ipsum
504 970 668 1054 tamquam
684 983 749 1033 rex
764 959 903 1033 Francis
923 962 1102 1034 investivit.
1145 957 1300 1034 Ducatus
1318 964 1402 1034 euim
1431 1004 1432 1048 p

270 1063 343 1155 ipse
354 1083 373 1130 a
385 1080 507 1132 corona
518 1055 657 1130 Francia
675 1057 790 1130 dieitur
807 1061 912 1131 teneri
929 1062 962 1130 in
978 1056 1122 1130 feudum.
1149 1055 1282 1131 itatius
1296 1069 1403 1131 autem
1431 1073 1432 1078 ’

271 1157 380 1230 multis
406 1158 557 1248 muueris
580 1159 665 1227 inter
691 1177 770 1246 eosa
797 1155 929 1228 undem
956 1159 990 1227 in
1016 1155 1162 1251 predicto
1188 1178 1314 1228 mense
1342 1157 1403 1228 iulii

275 1252 388 1348 [1347
406 1257 471 1326 iun.
483 1252 563 1344 201„
587 1256 664 1326 inito
681 1251 758 1326 inihi
776 1254 924 1326 conflicto
943 1262 976 1326 et
992 1257 1093 1326 nrissa
1112 1255 1196 1326 ciam
1215 1265 1326 1346 gente
1349 1277 1404 1349 per

270 1352 438 1445 Argium,
466 1353 610 1424 intrusus
634 1349 752 1424 Franci
780 1361 894 1445 captus
918 1361 971 1424 est
993 1373 1067 1424 cum
1090 1353 1200 1424 multis
1226 1349 1404 1438 nobilibus,
1432 1354 1433 1378 ²

271 1459 384 1542 strage
401 1447 567 1522 hominum
584 1471 706 1542 magua
724 1449 819 1520 iacta.

270 1603 322 1676 De
341 1605 505 1673 comanae
524 1605 652 1672 comitio
671 1602 829 1673 Flondric
851 1604 886 1673 to
907 1605 1050 1690 quodam
1070 1603 1224 1689 condictu
1248 1605 1328 1690 fitto
1348 1605 1405 1674 ot-

369 1705 488 1771 noema
507 1703 703 1771 comitatum.
807 1713 810 1720 ·
1433 1704 1434 1726 ³

321 1831 439 1906 Occiso
457 1844 566 1906 autem
583 1835 682 1928 priori
700 1854 787 1906 anno
804 1835 921 1906 comite
932 1829 1086 1904 manduc
1097 1827 1403 1928 [†1346aug.2o]

269 1935 303 2006 in
327 1929 496 2020 conflictu,
523 1929 748 2004 Fiandrenses
772 1929 872 2004 iiiium
895 1929 1073 2002 honorifice
1095 1943 1322 2028 receperunt,
1350 1931 1405 2006 sibi

269 2027 1405 2126 iiliamragisAngliedesponsantes.llleautamoportunitatecaptata
1434 2069 1435 2074 =

271 2126 312 2198 ad
334 2124 498 2198 Francnm
520 2126 615 2198 rediit
632 2124 761 2200 dicens:
790 2148 825 2198 se
845 2129 931 2198 nollo
952 2129 1071 2198 ducere
1090 2129 1180 2200 iilius
1197 2129 1328 2220 filiam,
1356 2133 1406 2218 oni

271 2227 336 2296 nidi
350 2232 481 2314 patrem
502 2227 630 2296 oceidit.
680 2223 903 2298 Flandrenscs
927 2235 1037 2296 autem
1057 2223 1286 2300 marchionem
1304 2225 1406 2300 Iulio-

272 2344 410 2395 censem
427 2326 460 2395 in
477 2323 629 2395 favorem
646 2323 750 2416 Angli
769 2333 801 2396 et
824 2323 890 2394 iilia
913 2325 946 2394 in
964 2327 1171 2418 capitaneum
1192 2335 1404 2420 recepenmt
1435 2402 1436 2406 Ἴ

271 2419 362 2492 Misit
384 2431 493 2492 autem
510 2419 644 2513 Argius
667 2443 728 2516 pro
752 2419 836 2494 duce
860 2419 985 2512 Getae,
1011 2420 1078 2493 iilio
1101 2423 1225 2496 sororis
1251 2443 1335 2513 sue,
1359 2425 1405 2518 qui
1435 2419 1436 2422 ’

272 2517 371 2590 iiliam
388 2516 480 2590 ducis
490 2515 673 2592 Brabanoia
689 2520 837 2614 promisit
854 2518 976 2591 ducere
994 2521 1027 2592 in
1044 2540 1197 2609 umorem,
1215 2517 1283 2592 sihi
1296 2523 1406 2594 iuveni

271 2637 338 2687 non
366 2612 498 2687 audenti
525 2616 750 2688 contradicere
778 2615 875 2690 iiiiam
900 2615 1050 2690 eiusdem
1074 2615 1278 2692 marchionis
1304 2618 1406 2691 Iulia-

272 2715 382 2786 censis
401 2711 619 2807 desponsans.
665 2714 793 2786 Verum
809 2717 882 2810 ipse
901 2714 969 2787 dux
985 2714 1097 2787 Gelrie
1116 2725 1149 2786 et
1167 2737 1286 2790 comes
1304 2717 1407 2790 Fian-

272 2809 343 2882 dria
360 2832 434 2881 cum
451 2807 579 2885 filiabus
598 2812 689 2886 ducis
700 2809 883 2884 Brabancie
900 2815 1140 2886 matrimonium
1157 2823 1406 2887 conruerunt

271 2905 428 3002 Idemque
446 2906 515 2982 dux
531 2907 714 2983 Brabanoie
732 2908 859 2983 duobus
883 2909 956 2984 filiis
981 2914 1065 3002 suis,
1089 2911 1315 3005 primogenito
1341 2915 1408 2986 sci-

271 3005 347 3078 licet
369 3003 468 3078 filiam
490 3005 646 3080 Iohannis
670 3006 762 3080 ducis
785 3007 1005 3099 Normannie,
1032 3011 1240 3104 primogeniti
1277 3008 1407 3082 Franci.

272 3101 420 3177 secundo
443 3125 526 3177 vero
550 3104 648 3176 filiam
672 3104 764 3178 ducis
789 3103 831 3176 de
853 3105 1000 3196 onnon,
1026 3128 1176 3178 sororem
1198 3107 1322 3180 relicte
1339 3107 1408 3180 Bo-

271 3199 373 3291 hemi„
396 3205 428 3274 in
445 3205 650 3276 matrimonio
668 3203 842 3297 copmovit.
885 3202 1014 3276 Diu-exit
1031 3215 1141 3276 autem
1157 3203 1298 3296 Argius
1318 3229 1408 3300 gen-

271 3307 339 3369 tem
363 3302 396 3370 iu
419 3299 571 3374 Scociam
616 3323 655 3372 ro
679 3298 891 3396 disponendis
914 3299 1014 3375 rebus
1038 3305 1130 3396 regis
1155 3305 1260 3395 capti,
1291 3304 1407 3376 sororii

271 3397 375 3490 ipsius
393 3397 514 3489 Angli3
538 3323 654 3493 quidus
673 3419 711 3472 se
729 3397 859 3493 quidam
876 3403 1044 3494 terrigena
1062 3408 1271 3495 opponentes
1290 3399 1336 3474 de
1354 3405 1407 3472 in-

272 3495 390 3567 stinctu
407 3493 537 3586 Franci
555 3496 646 3569 multi
662 3499 780 3568 iterum
798 3500 882 3592 capti
899 3506 975 3571 sunt
992 3507 1026 3570 et
1041 3500 1151 3570 occisi.

271 3654 322 3726 Dc
337 3661 610 3746 perseoarootono
629 3660 719 3749 repta
739 3661 857 3750 Aopttc
877 3661 913 3730 io
935 3659 1105 3730 obsidione
1125 3659 1219 3730 notu
1245 3658 1325 3744 fere
1348 3678 1407 3749 pes

369 3773 499 3825 conum.

321 3887 567 3962 Perseveranta
584 3901 694 3962 autem
710 3889 824 3983 Anglc
841 3891 875 3964 iu
892 3889 1062 3964 obsidione
1069 3889 1170 3964 Kales
1183 3889 1258 3964 iere
1267 3914 1332 3988 per
1343 3915 1405 3964 an-

270 4007 363 4076 num,
376 3986 548 4058 etnolente
557 4009 631 4058 eam
637 3990 787 4081 recipere
796 3985 836 4060 ad
845 3991 990 4080 graciam
999 3987 1245 4084 quoquomodo,
1254 3993 1405 4064 stoinne-

271 4086 682 4177 ratanimeamintantum,
700 4084 786 4182 quod
796 4107 861 4158 nec
870 4090 1018 4162 introitus
1029 4109 1094 4159 uec
1104 4089 1214 4160 exitus
1221 4087 1357 4182 patebat
1367 4085 1405 4158 ad

273 4201 360 4274 eam,
371 4180 502 4254 undam
512 4180 673 4278 Francus,
685 4187 737 4284 qui
745 4184 907 4258 interdum
917 4207 978 4284 per
990 4208 1029 4262 se
1042 4183 1205 4260 interdum
1212 4185 1405 4284 perichon-
