3010 4822
269 221 344 296 526
607 215 783 274 llElNlllCllS
802 212 1056 274 bastoniensis,

185 403 256 462 1344
270 404 304 466 et
320 395 513 466 iuraverunt
529 391 659 465 insimul
677 394 836 466 assistere
853 390 997 464 invicem
1013 398 1124 462 contra
1142 408 1275 460 ornnem
1292 384 1405 460 homi-

268 514 358 582 nem„
380 495 475 563 etiam
494 501 605 562 contra
623 489 838 562 Ludewicum
856 487 1045 583 predictum.
1081 485 1182 560 Cuius
1200 483 1405 558 confedera-

269 593 364 662 tionis
382 600 495 660 auctor
511 590 570 660 luit
581 587 746 682 predictus
764 610 827 659 rex
839 585 998 658 Bohemie
1015 598 1048 656 et
1065 585 1149 658 lilius
1169 608 1250 657 suus
1261 583 1405 657 Karolus

267 687 492 781 infrascriptos
520 687 742 758 Romanorum
770 708 850 774 rex„
881 694 1014 779 propter
1042 687 1189 776 iniuriam
1219 703 1317 778 qnam
1347 679 1405 754 sihi

268 785 419 856 intulerat
446 783 531 854 idem
558 782 771 880 Ludewious,
800 793 833 853 at
855 782 1021 876 Repertus
1045 780 1087 853 de
1111 804 1174 877 quo
1198 785 1313 876 supra¹
1340 780 1407 852 dux

267 881 411 955 Bovario
429 892 462 952 et
478 904 590 954 comes
603 879 897 975 palatiunstenb
915 881 968 974 qui
987 890 1063 950 tunc
1080 878 1277 951 discordiam
1296 877 1407 950 habuit

268 1003 342 1052 cum
370 979 525 1052 Heinrico
559 978 805 1074 archiepiscopo
833 977 1037 1069 Moguntino.
1082 978 1155 1065 Que
1182 975 1406 1050 confederatio

269 1079 405 1150 multum
422 1076 584 1172 displicuit
600 1075 789 1149 Ludewico.

317 1174 444 1247 Eodem
456 1186 604 1269 tempore
619 1197 732 1247 comes
747 1174 788 1246 de
800 1172 1031 1266 Wirtenberg²
1046 1178 1201 1246 iuventus
1212 1197 1287 1244 cum
1300 1196 1406 1247 uxore

269 1273 438 1346 cuiusdam
449 1272 566 1344 nobilis
581 1277 614 1344 in
624 1272 766 1364 hisatio,
784 1271 1012 1346 miserabiliter
1030 1283 1082 1344 est
1097 1274 1226 1344 occisus
1249 1272 1405 1362 [iullll.

269 1370 389 1444 Similis
411 1381 552 1444 eventus
572 1373 684 1442 mortis
702 1373 836 1462 contigit
849 1369 1023 1442 thamo
1041 1369 1287 1464 archiepiscopo
1300 1368 1407 1442 Colo-

269 1472 374 1540 niensi
399 1491 464 1540 nou
485 1469 618 1540 multum
643 1467 803 1562 posthoc
826 1479 955 1561 tempus
975 1469 1116 1558 occulte,
1139 1478 1231 1562 prout
1250 1490 1407 1542 commu·

269 1569 353 1638 niter
368 1565 545 1638 dicebatur.
571 1566 638 1637 Alii
656 1563 806 1638 dicebaut
823 1565 960 1637 naturali
978 1575 1082 1637 morte
1101 1587 1177 1635 eum
1192 1577 1355 1636 mortuum
1375 1577 1409 1638 et

269 1667 450 1758 inprovisa,
475 1668 507 1735 in
528 1663 666 1759 quodmn
692 1674 800 1736 castro
825 1662 1047 1735 marchionum
1072 1664 1113 1733 de
1135 1660 1263 1756 Bolon,
1283 1663 1408 1735 familia

269 1784 329 1833 sua
351 1766 480 1856 penitus
497 1772 694 1856 procurante
712 1772 744 1833 et
760 1764 961 1854 ignorante.³

185 1869 254 1924 1345
318 1859 419 1931 Anno
436 1865 531 1954 regni
550 1861 715 1931 tricesimo
727 1862 830 1954 primo
848 1857 935 1929 idem
945 1858 1144 1932 Ludewious
1163 1858 1269 1950 dirigit
1288 1863 1409 1932 iterato

269 1961 406 2030 nuncios
425 1981 518 2050 suos
536 1956 689 2030 videlicet
706 1956 871 2028 dominum
885 1953 1098 2029 ludewicum
1118 1959 1275 2028 iuniorem
1294 1963 1411 2030 comi-

269 2068 334 2128 tem
353 2055 395 2127 de
407 2053 562 2149 Ottiugen
579 2079 643 2127 uua
658 2077 732 2127 cum
744 2051 1027 2126 dominolmberto
1038 2053 1168 2126 Dellino
1183 2061 1412 2150 suprascripto

168 2173 170 2178 ·
269 2165 302 2226 et
319 2155 390 2226 aliis
408 2153 448 2226 ad
473 2153 637 2225 dominum
657 2153 862 2225 Clementem
879 2174 1010 2246 papam,
1034 2162 1152 2246 petens
1176 2157 1328 2244 gratiam
1340 2179 1412 2240 11-Ι

270 2253 392 2343 clusio,
416 2263 448 2323 et
471 2254 631 2324 immutari
655 2249 814 2345 quosdam
837 2251 991 2323 articulos
1016 2248 1076 2324 sihi
1104 2253 1201 2321 etiam
1229 2253 1412 2342 iniunctus,

271 2349 331 2422 sed
349 2353 451 2422 nuntii
468 2351 680 2446 proiecerunt
695 2353 728 2420 in
749 2348 848 2420 nullo.

318 2447 444 2520 Eodem
473 2470 559 2520 anno
587 2451 658 2542 ipse
683 2445 882 2520 Ludewious
910 2469 1052 2539 gravem
1080 2458 1224 2522 steuram
1251 2451 1415 2543 imposuit

270 2555 358 2616 terre
383 2567 457 2634 sne,
484 2547 628 2617 inferiori
655 2543 809 2617 videlicet
836 2555 869 2615 et
895 2548 1056 2639 superiori
1079 2544 1235 2636 navarre,
1261 2549 1336 2640 quia
1365 2549 1414 2622 de

269 2641 443 2737 pecoribus
458 2644 627 2716 collectam
641 2646 778 2736 accepit,
794 2639 837 2712 de
852 2664 937 2737 equo
950 2642 1031 2716 lxxii
1044 2641 1226 2732 bullenses,
1242 2641 1284 2714 de
1299 2667 1414 2720 vacca
1496 2699 1497 2708 1

268 2741 363 2814 xlviii
380 2741 562 2832 bullenses„
581 2751 613 2813 et
629 2737 671 2813 tle
689 2763 755 2812 ove
773 2750 807 2810 et
823 2761 923 2834 porco
940 2743 1000 2812 xvi
1017 2740 1093 2814 boll.
1119 2739 1205 2812 Huic
1221 2745 1316 2814 etiam
1339 2755 1415 2816 toto

267 2847 418 2932 tempore
442 2843 538 2932 regni
562 2841 631 2926 sui,
655 2860 696 2910 eo
721 2846 862 2931 excepto
886 2859 949 2932 quc
975 2837 1035 2910 luit
1061 2841 1093 2909 in
1117 2836 1208 2910 ltalia
1233 2851 1412 2934 utsupra.

269 2943 356 3007 terra
371 2959 430 3008 sua
445 2940 574 3032 proprie
588 2934 789 3008 ministrabat
803 2957 990 3028 expensas3
1008 2937 1158 3008 nimietas
1173 2958 1257 3010 vero
1267 2947 1301 3008 et
1313 2947 1415 3012 terre

270 3035 395 3126 imperii
413 3037 445 3106 in
459 3038 572 3129 paucis
591 3037 621 3104 ei
634 3031 851 3128 providebant
864 3035 1035 3126 expensis,
1053 3045 1086 3106 et
1102 3055 1163 3128 pro
1181 3037 1291 3105 maiori
1308 3051 1414 3128 parte
1495 3029 1496 3075 ⁴

269 3135 426 3226 temporis
446 3135 542 3225 regni
563 3136 626 3220 sui7
652 3133 795 3202 marume
816 3129 857 3200 ab
874 3152 915 3200 eo
933 3141 1080 3226 tempore
1099 3153 1162 3226 quo
1180 3135 1282 3206 exirit
1297 3131 1415 3225 ltalia„

270 3231 302 3300 iu
321 3239 406 3302 terra
425 3253 484 3304 sua
502 3252 627 3301 moram
646 3232 754 3318 traxit,
779 3226 901 3325 quoda
922 3231 1034 3321 paucis
1052 3231 1121 3302 suis
1138 3229 1415 3306 antecessoribus

270 3336 323 3398 est
342 3339 459 3400 actum

200 3455 205 3464 ·
318 3423 355 3496 ln
373 3426 515 3499 ecclesia
533 3427 766 3520 Ratisponensi
785 3447 940 3517 maguum
960 3425 1103 3500 schisma
1126 3436 1179 3498 est
1201 3429 1233 3496 in
1256 3425 1352 3498 clero
1379 3439 1415 3500 et

270 3523 302 3591 in
321 3545 417 3616 popa„
436 3527 509 3618 quia
530 3522 680 3596 dominus
691 3522 892 3596 Fridericus⁴
910 3521 1134 3616 burggravius
1152 3521 1416 3620 deNurenherg

271 3623 445 3713 episcopus
462 3624 618 3714 provisus
640 3643 659 3691 a
678 3620 760 3694 sede
778 3622 968 3714 apostolica,
986 3645 1004 3691 a
1023 3622 1113 3694 clero
1130 3631 1165 3694 et
1180 3624 1312 3694 mutate
1328 3621 1414 3696 Ra-

271 3721 450 3810 tisponensi
479 3729 531 3792 est
558 3717 733 3792 admissus.
767 3719 941 3792 Heinricus
965 3741 1047 3790 vero
1075 3717 1117 3789 de
1141 3717 1261 3814 lapide
1286 3717 1414 3792 nobilis

271 3825 377 3888 castra
402 3826 436 3886 et
455 3819 649 3888 munitiones
668 3815 813 3892 diocesia
829 3819 863 3887 in
885 3815 1027 3889 Bavaria
1051 3820 1224 3911 occupavit
1240 3817 1414 3890 violenter

325 3944 354 4011 1)
374 3945 425 4000 luit
442 3951 536 4002 nuctor
551 3947 777 4004 confederationis
796 3947 867 4002 steht
885 3947 943 4002 bier
961 3947 1033 4004 noch
1052 3947 1147 4004 ainmal
1167 3948 1193 4003 iu
1212 3947 1264 4003 ritu
1278 3949 1413 4008 fritherun

270 4016 416 4084 ausgahcn.
444 4017 475 4084 2)
495 4017 607 4074 Ulricus.
632 4019 663 4084 3)
683 4018 757 4074 diosc
776 4018 898 4088 angeben
918 4019 978 4074 siud
998 4018 1141 4090 uuriobtig.
1159 4020 1414 4078 emhiscbciWnl-

270 4103 324 4140 rum
344 4087 416 4142 starb
436 4106 476 4142 am
499 4089 539 4144 tt.
559 4105 620 4159 aug.
642 4089 711 4145 1349
737 4108 769 4144 zu
788 4090 867 4144 Paris.
904 4089 936 4157 4)
956 4089 998 4145 bic
1016 4096 1110 4162 postea
1134 4108 1180 4161 per
1200 4107 1294 4162 magua
1316 4093 1411 4149 dehita
1492 4147 1493 4170 p

271 4157 409 4212 ecclesiam
429 4159 559 4214 destruxit
578 4159 648 4230 iolgt
666 4159 724 4215 bier
746 4161 815 4217 noch
843 4160 868 4214 in
889 4161 939 4215 dau
960 4160 1125 4216 ahdrttclreu.
1151 4179 1208 4218 was
1229 4163 1346 4219 bobum·
1366 4167 1409 4222 liu
1492 4173 1493 4200 l

271 4228 348 4284 einen
368 4235 490 4300 spiiiarau
510 4238 611 4302 ansata,
629 4249 707 4288 weuu
727 4233 793 4288 auch
815 4232 862 4290 dos
881 4233 1041 4306 variassers,
1060 4232 1121 4288 biit.
