2900 4820
418 229 943 298 mmnnsnoowmsonosnsts.
1169 235 1242 314 269

114 409 242 503 tanda,
262 414 335 506 ipse
353 434 515 508 spernens
534 421 677 486 castrum
693 409 877 504 Frideberg
900 410 1054 485 ohsetir.²
1085 411 1165 484 Post
1180 411 1244 486 hec
1258 429 1328 488 tuto

111 511 144 580 in
153 511 313 604 principio
324 513 400 582 maii
412 509 596 582 infirmante
608 506 776 583 Giinthero
789 513 823 581 in
833 507 1066 602 Frankenlurt,
1083 514 1244 603 magister

112 605 258 680 Fridanlr
273 608 422 682 famosus
447 605 606 698 medicus,
634 606 695 682 sed
720 605 890 680 comitibus
908 606 950 679 de
968 607 1136 682 Nassowa
1153 612 1243 680 onti-

113 709 220 798 quitus
231 705 412 796 familiaris,
425 707 514 778 cum³
527 701 696 778 Giinthero
706 709 878 800 pociorem
889 703 1027 796 dederit
1046 728 1121 778 eam
1132 716 1244 800 temp-

113 805 206 892 tavit,
230 802 307 875 licet
328 805 468 892 invitus3
495 811 570 898 post
591 803 655 876 hec
680 800 868 876 Giintherus
893 825 967 876 eam
991 800 1076 874 bibit.
1112 801 1243 876 llortuo

113 910 224 972 autem
241 900 369 972 medico
380 899 463 972 infra
480 898 634 972 triduum⁴
648 897 835 972 Giintherus
852 897 982 973 inllntus
1000 900 1107 994 moad
1119 901 1243 974 valen-

115 999 199 1069 ciam
231 1000 393 1092 [corporis
421 1000 561 1089 statim]5
588 997 708 1070 inutilis
733 1007 784 1070 est
810 995 960 1088 effectus
989 996 1074 1092 quod
1101 997 1243 1072 femrdus

114 1095 234 1166 medici
251 1097 419 1170 iniecisset
435 1117 614 1170 venenum.

114 1263 163 1334 lle
179 1273 283 1336 morte
299 1265 386 1336 Lace
409 1267 535 1337 domini
550 1265 803 1336 Mediolanenses
817 1267 1020 1354 potenciores
1036 1265 1243 1338 lombardie.

162 1397 293 1470 lllortuo
318 1409 427 1472 autem
450 1399 514 1472 illis
539 1396 654 1473 diebus
680 1401 759 1488 [ian.
779 1397 842 1488 24]
868 1395 956 1470 Luca
979 1398 1022 1468 de
1042 1396 1244 1489 Mediolano,

113 1507 312 1590 occupatore
329 1500 422 1591 quasi
438 1494 645 1586 Lomhardie
671 1519 711 1568 ae
727 1493 873 1566 Iohanne
896 1495 997 1567 fratre
1022 1518 1096 1586 suo,
1121 1497 1245 1570 scilicet

113 1592 361 1688 archiepiscopo
371 1593 625 1683 Mediolanensi,
643 1615 681 1666 se
698 1596 929 1666 intromittente
940 1591 982 1664 de
993 1591 1146 1683 dominio,
1164 1597 1244 1666 mit-

114 1695 189 1763 timr
205 1712 266 1784 pro
288 1690 479 1764 marchione
503 1689 545 1762 de
562 1689 813 1782 Brandenhurg.
847 1691 911 1778 Qui
929 1688 1058 1762 vadens
1076 1690 1118 1762 ad
1136 1695 1244 1762 romi-

115 1798 216 1860 tatum
226 1790 371 1883 lprclis,
388 1788 578 1860 Tridentum
592 1797 625 1858 et
638 1787 779 1883 quedam
796 1789 859 1860 alia
876 1786 998 1860 ibidem
1015 1785 1162 1878 obtinuit,
1180 1811 1244 1882 que

113 1888 147 1956 in
168 1885 309 1960 Bohemi
335 1885 519 1960 devocione
545 1885 687 1958 luerunt
723 1885 818 1972 Quod
846 1884 983 1958 audiens
1008 1883 1174 1959 lohannes
1202 1885 1244 1958 de

113 1983 265 2075 Pistorio,
282 1987 438 2079 provisus
455 1980 663 2056 Tridentinus
681 1982 787 2074 sedis,
803 1984 894 2056 clero
912 1993 946 2054 et
961 1983 1082 2079 populo
1099 1983 1244 2057 Triden-

114 2083 180 2157 mo
197 2103 337 2173 exosus,
354 2073 521 2156 recessit⁶

163 2178 334 2254 Commisit
360 2189 470 2252 autem
497 2197 582 2274 papa
610 2177 764 2252 Clemens
789 2179 829 2249 ad
854 2201 971 2273 preces
994 2177 1161 2270 Iohannisq
1188 2179 1245 2252 fil„

114 2276 279 2446 ffldam
294 2275 444 2366 Bohemi,
469 2299 567 2370 quem
585 2279 736 2348 comitem
753 2277 882 2370 tvrom
906 2280 1063 2368 nominat,
1088 2280 1244 2372 episcopo

192 2378 266 2448 ensi
279 2399 298 2446 a
310 2377 496 2469 captivitate
511 2372 662 2464 liberato,
680 2383 715 2445 ut
725 2376 753 2447 si
770 2377 935 2446 invenerit
952 2377 1244 2466 consanguinitatis

114 2472 172 2545 vel
189 2473 354 2546 affinitatis
373 2473 430 2544 vel
447 2470 535 2544 eliud
559 2469 825 2565 impedimentum
848 2473 933 2543 inter
957 2493 1033 2543 eum
1051 2482 1086 2542 et
1101 2470 1244 2562 Marga-

113 2573 221 2660 num,
239 2569 403 2665 quondam
416 2569 559 2640 Heinrioi
577 2568 669 2640 ducis
687 2567 856 2639 Kerinthie
873 2567 985 2658 liliam,
1003 2566 1183 2640 Ludowico
1201 2567 1244 2639 de

113 2665 271 2758 Barna,
297 2669 476 2741 nominanti
500 2688 538 2740 se
560 2665 783 2738 marchionem
808 2663 1178 2758 Brandenhurgensem,
1201 2664 1244 2737 de

114 2763 199 2836 iacto
217 2765 413 2859 copulatam,
432 2763 614 2837 divorcium
631 2762 832 2850 celebraret3
851 2762 978 2857 quodsi
995 2785 1063 2835 non
1079 2765 1244 2835 invenerit

114 2904 160 2916 —-
174 2885 251 2934 cnm
269 2861 387 2933 decem
403 2863 498 2936 annis
512 2871 545 2932 et
562 2864 692 2932 interim
708 2883 769 2954 per
786 2864 973 2933 continuum
990 2863 1164 2933 triemrium
1181 2883 1244 2934 oo-

113 2957 345 3050 hahitaverint,
362 2979 499 3053 operam
511 2958 628 3052 coprde
639 2957 770 3046 dantes,
787 2979 851 3030 nee
864 2963 1025 3052 potuerint
1038 2960 1243 3032 commisceri

114 3075 178 3128 nec
193 3067 310 3152 posset
326 3054 389 3130 sihi
404 3056 498 3129 reddi
516 3059 588 3128 sine
606 3066 719 3147 strage
737 3064 770 3127 et
787 3054 943 3128 scandalo
966 3059 1104 3150 ipseque
1121 3079 1160 3128 se
1177 3055 1244 3126 ha-

112 3151 213 3226 hilem
235 3163 367 3228 asserat
387 3153 430 3224 ad
453 3155 535 3226 alias
554 3164 588 3224 et
603 3157 712 3247 cupiat
735 3175 815 3228 osse
838 3162 931 3247 pater
949 3191 993 3204 -·-
1014 3151 1100 3246 quod
1123 3156 1243 3224 iustum

112 3250 211 3323 merit
233 3251 398 3324 decernet
433 3253 495 3340 Qm
513 3249 683 3326 Curiensis
708 3254 795 3324 inter
820 3271 880 3324 eos
904 3248 1086 3322 divorcium
1111 3259 1245 3344 propter

112 3348 311 3421 maleficium
328 3346 510 3424 celebravit
529 3349 628 3440 [lull.

158 3445 351 3520 Intenderat
377 3456 487 3520 autem
514 3469 578 3520 rex
605 3455 637 3517 et
664 3443 809 3518 marchio
837 3445 933 3520 simul
960 3466 1020 3542 pro
1043 3443 1244 3539 perficienda

112 3544 288 3616 concordio
306 3567 344 3618 se
363 3544 543 3618 transferre
561 3543 603 3615 ad
619 3566 748 3638 papam.
786 3543 854 3615 Sed
878 3547 951 3638 quia
978 3541 1088 3615 archie
1111 3545 1244 3636 isoopus

112 3640 373 3714 Mediolanensis
399 3637 528 3737 scripsit
551 3663 636 3737 pape
652 3641 793 3713 litteram
816 3640 979 3736 quandam
997 3638 1058 3714 sihi
1075 3565 1243 3730 directam,

166 3814 196 3885 l)
215 3823 295 3890 prout
313 3814 446 3890 principes
466 3815 552 3874 eidem
568 3816 703 3873 Giinthero
723 3815 894 3890 scripserant,
912 3814 971 3896 ipse
986 3813 1137 3872 Guntherus
1157 3812 1244 3884 scrip-

111 3891 168 3943 lum
186 3889 307 3971 ipsorum
326 3905 464 3960 spernens.
484 3888 515 3968 A.
552 3888 583 3956 2)
604 3887 679 3971 culus
698 3893 849 3968 castrenses
869 3886 920 3941 sihr
941 3883 1119 3967 rebellabant3
1138 3889 1244 3965 etlan-

112 3959 173 4014 dem
190 3966 261 4042 vrert.
279 3959 312 4014 A.
349 3959 567 4040 spernerem
605 3975 729 4015 octonem
755 3958 888 4026 dedisset,
913 3973 991 4038 quam
1018 3959 1133 4010 asseruit
1157 3954 1243 4035 erdem

111 4030 336 4112 expedireeem
360 4031 421 4086 hcet
445 4037 543 4085 rovrtus
569 3976 604 4084 ad
629 4027 926 4112 mapdetum'Ghuthen
952 4043 1038 4108 primo
1066 4029 1198 4096 temptavit
1217 4029 1245 4078 et

130 4101 235 4183 rohavrt
257 4119 319 4183 rpso
344 4107 476 4183 presente.
494 4100 526 4155 A.
545 4099 594 4182 ,4)
614 4101 707 4156 Statrm
726 4101 845 4156 medicus
864 4117 891 4155 ιιι
911 4099 979 4184 lacre
1006 4101 1141 4184 receperat
1159 4096 1245 4177 deco·

111 4119 192 4228 lorarr
212 4178 239 4228 et
257 4173 326 4228 mira
346 4173 459 4228 trrduum
485 4171 654 4229 moriebatur.
674 4172 705 4228 A.
742 4173 773 4240 5)
794 4189 841 4228 aus
860 4171 891 4226 A
912 4174 1038 4238 tergaest,
1062 4167 1152 4224 vvolur
1170 4183 1196 4222 ro
1216 4163 1244 4222 B.

112 4259 186 4300 rrum
205 4241 340 4315 gelassen.
377 4243 408 4312 o)
428 4241 477 4301 Cui
496 4260 564 4318 papa
578 4247 674 4316 postea
688 4243 723 4301 de
737 4240 894 4317 episcopatu
908 4237 1054 4314 Spoletano
1068 4237 1193 4315 providit.
1211 4235 1245 4294 A.
