3014 4822
241 199 314 279 414
633 197 979 260 mmmusmrounu

241 375 390 446 rerunisit.t
428 371 566 446 Decima
590 383 704 467 quauta
721 371 775 442 dio
790 371 966 444 iuniibora
983 393 1203 466 vesperarum
1221 369 1372 444 hancc-

242 470 367 544 iordiae
389 476 423 542 in
447 472 590 544 claustm
614 475 717 542 sancti
733 469 887 543 lobannis
911 493 975 541 rex
991 468 1180 543 Guntberus
1193 473 1296 564 'prius
1316 474 1373 540 iu·-

241 571 403 642 toxicatus
427 592 447 640 a
471 567 598 640 medico
624 566 719 656 obit,
746 589 885 639 manens
908 566 981 639 dios
1009 571 1151 662 qunque
1176 567 1374 638 inhumatos.

241 664 391 740 llledicus
409 685 494 739 varo
510 664 695 738 Frideuicus
712 667 861 738 ironiino‘²
878 687 898 736 a
916 663 1036 737 Garolo
1052 668 1128 737 sivo
1143 665 1218 736 aliis
1235 667 1376 758 (utpu-
1489 689 1490 708 ¹

242 767 346 853 atur)
365 762 575 851 subornatus,
598 771 773 857 postquam
787 765 931 834 toxicum
955 764 1141 855 porrigeret
1155 765 1243 854 regi,
1267 781 1378 855 mo·-

243 869 380 950 gustare
403 865 514 934 iussus
540 882 614 930 cum
639 861 857 949 tergiversari
883 879 949 929 non
973 870 1088 951 posset
1110 857 1232 930 bonam
1249 864 1378 952 pastam

242 959 382 1052 potionis
399 957 506 1029 bausit
519 966 553 1028 et
570 957 717 1030 similiter
729 975 863 1030 veneno
879 959 974 1048 periit
990 965 1066 1050 post
1083 955 1154 1026 dies
1171 977 1238 1028 nou
1257 956 1378 1028 multos

243 1057 275 1124 in
302 1051 423 1126 ambitu
450 1053 614 1127 ecclesiae
640 1056 745 1129 sancti
770 1051 1012 1126 Bartholomaei
1039 1053 1198 1146 sepultus.
1235 1053 1380 1126 Essiam
1489 1127 1490 1130 ,

244 1153 315 1224 eius
336 1152 450 1244 legata
467 1151 509 1222 ad
525 1153 598 1246 pios
614 1169 697 1225 usus
715 1148 880 1244 deputata
905 1171 989 1244 quoe
1007 1153 1130 1220 aduam
1145 1160 1214 1222 tarn
1230 1150 1378 1222 nefarios
1489 1167 1490 1200 ³

243 1271 323 1322 usus
342 1249 456 1319 eluere
472 1247 625 1342 possenti
1070 1245 1074 1252 ’
1489 1263 1490 1266 ’

243 1419 414 1508 Eaequiac
433 1419 587 1488 &albai
603 1420 698 1509 repis.

291 1549 387 1622 Feria
405 1554 513 1645 quinta
533 1553 614 1644 [iun.
633 1550 697 1640 18]
717 1574 737 1623 a
753 1551 889 1624 meridie
906 1574 1023 1626 omues
1041 1552 1204 1626 acclesiae
1223 1551 1378 1648 compul-

245 1645 370 1719 sabant.
405 1646 518 1721 Funus
536 1648 578 1718 ad
596 1648 738 1720 medium
759 1647 849 1720 chori
866 1649 998 1722 claustri
1013 1647 1171 1742 praedicti
1194 1653 1302 1722 sancti
1318 1647 1377 1723 lo·
1489 1705 1490 1728 2

244 1744 361 1818 bannis
378 1745 462 1815 inira
480 1744 635 1816 candelas
654 1755 792 1838 quatuor
809 1767 948 1838 magnas
965 1743 1165 1840 ponebatur3
1189 1743 1270 1818 hora
1289 1767 1377 1818 ves-

244 1863 399 1936 perarum
410 1843 520 1914 clerus
539 1845 641 1914 sancti
653 1841 894 1915 Bartholomaei
905 1847 936 1916 iu
949 1843 1049 1918 choro
1068 1841 1233 1938 praedicto
1244 1841 1378 1936 vigilias

245 1942 390 2010 maiores
401 1962 474 2020 cum
485 1960 608 2010 novem
617 1939 810 2013 lectionibus
822 1939 981 2012 cantabat.
999 1939 1096 2013 Feria
1109 1951 1204 2012 sexta
1218 1943 1301 2030 [iun.
1313 1939 1375 2030 19]
1489 2019 1490 2032 p

246 2033 288 2105 ad
315 2037 443 2130 pulsum
472 2039 596 2130 primae
622 2035 762 2127 collegia
786 2041 820 2110 in
843 2039 984 2110 ecclesia
1010 2041 1113 2110 sancti
1136 2035 1380 2110 Bartholomaei
1489 2057 1490 2130 ᾗ

246 2141 494 2226 congregantur
506 2131 547 2204 ad
564 2135 672 2204 lunae.
701 2131 818 2205 Clarus
835 2138 1030 2228 praecessit,
1048 2145 1123 2228 post
1141 2156 1245 2228 equus
1264 2137 1298 2208 in
1317 2153 1379 2230 quo
1489 2133 1490 2186 ὲ

246 2250 313 2302 non
336 2241 480 2302 armatus
505 2228 643 2302 sedebat
666 2251 740 2302 cum
757 2232 883 2304 vexillo
908 2236 1033 2306 comitis
1059 2231 1211 2304 defuncti.
1247 2229 1379 2302 Deinde

246 2347 351 2421 equus
369 2349 443 2398 oum
462 2327 699 2421 suppellectile,
718 2351 822 2426 equus
841 2349 969 2418 cursor,
986 2350 1089 2424 equum
1103 2327 1199 2419 alius7
1217 2331 1251 2400 in
1263 2327 1379 2424 quibus

246 2423 372 2497 duobus
391 2427 483 2518 equis
499 2423 564 2494 duo
582 2429 696 2500 armati
713 2448 779 2498 non
798 2427 931 2518 galeati,
954 2427 1036 2498 alius
1055 2429 1184 2522 quintius
1203 2447 1325 2520 equus,
1348 2427 1380 2496 iu

246 2541 309 2615 quo
321 2533 465 2593 armatus
480 2521 631 2612 galeatus
643 2523 748 2616 clipeo
761 2533 794 2593 et
805 2521 915 2614 gladio
926 2523 1068 2596 defuncti
1081 2533 1148 2594 tum
1161 2525 1381 2610 transversis,
1489 2553 1490 2600 t

246 2618 405 2691 candelae
423 2617 569 2692 sedecim
594 2629 711 2711 tortae7
736 2622 872 2693 comites
889 2623 1006 2712 viginti
1031 2623 1135 2717 nigris
1153 2621 1266 2692 vestiti
1283 2619 1382 2691 iere-
1489 2605 1490 2676 l

245 2725 330 2786 uum
347 2719 464 2810 pannis
482 2727 603 2790 tectum
620 2721 801 2884 praeciosis
813 2715 854 2790 ad
869 2716 1003 2798 chorum
1021 2713 1382 2799 sauctiBartbolomaei
1489 2719 1490 2808 q

246 2809 448 2901 deferentes„
476 2817 623 2906 sequenti
647 2837 686 2886 us
705 2823 738 2884 et
755 2811 965 2886 offerentibus
984 2814 1103 2888 Carolo
1126 2835 1225 2906 rege„
1248 2813 1382 2888 elect-o-
1489 2809 1490 2892 l

245 2903 335 2981 ribus
353 2914 445 3003 quasi
457 2910 621 3001 omnibus„
638 2910 787 3002 ducibusa
806 2910 988 3000 comitibus
1007 2909 1196 3002 baronum,
1212 2909 1383 2999 miltiibus,
1489 2965 1490 3008 3

244 3004 466 3098 burgensibus
491 3007 641 3096 infinitis3
667 3007 884 3080 domunculae
910 3009 1044 3102 ligneae
1061 3009 1144 3081 inira
1162 3009 1266 3080 altare
1284 3029 1382 3092 sum-
1489 3009 1490 3098 l

246 3123 335 3174 mum
347 3114 380 3175 et
390 3103 598 3198 sepulchrum
618 3115 755 3200 quatuor
770 3109 871 3179 muris
890 3105 972 3178 inira
991 3115 1112 3180 terram
1131 3103 1292 3201 structae,¹
1307 3110 1383 3194 sin,-

247 3211 323 3271 tone
339 3204 435 3292 nigra
453 3211 560 3273 tectae
577 3202 768 3277 inferentes.
797 3201 958 3276 Continuo
969 3225 1097 3298 quoque
1110 3201 1238 3298 apulsu
1253 3203 1383 3298 primae
1489 3197 1490 3286 Ϊ

246 3295 310 3367 huc
326 3320 432 3394 usque
451 3309 502 3371 est
518 3299 691 3393 pulsatum.
729 3297 832 3373 Missa
851 3310 883 3371 et
903 3301 1063 3394 exequiae
1080 3296 1241 3394 lugubres¹
1261 3299 1383 3396 canla'-

247 3392 372 3466 bantur.
410 3393 525 3468 Officio
552 3399 681 3490 incepto
709 3395 794 3468 duae
822 3396 980 3468 candelae
1007 3405 1112 3468 tortae
1138 3401 1212 3497 equi
1240 3399 1384 3492 quinque
1489 3455 1490 3484 q

247 3489 416 3586 praedicti„
434 3491 566 3586 quilibet
579 3491 705 3564 duobus
724 3491 875 3568 militibus
893 3493 1048 3568 candelas
1061 3491 1143 3566 duas
1160 3491 1279 3590 planas
1320 3504 1383 3568 oi÷
1489 3487 1490 3516 ¹

247 3587 387 3662 tentibus
413 3589 512 3682 ducti,
537 3599 570 3660 et
586 3594 693 3662 omnia
711 3590 876 3684 praedicta
895 3589 936 3661 ad
954 3591 1056 3664 altare
1078 3611 1241 3666 summum
1258 3509 1383 3687 oblato,
1489 3597 1490 3672 l

248 3683 289 3755 ab
299 3689 418 3759 amicis
437 3685 580 3758 debuncti
598 3686 996 3780 quadringenb'silorenis
1008 3675 1393 3787 smtredempu.jl‘ds'u
1489 3687 1490 3782 ᾗ

248 3785 395 3874 missam,
423 3783 622 3857 orationibus
651 3793 683 3858 et
710 3789 858 3882 exequiis
887 3785 1127 3880 completis7'in
1154 3781 1263 3858 medio
1285 3778 1393 3860 'ebori'

248 3880 417 3970 comitibus
444 3901 588 3974 pannum
618 3885 762 3956 sericum
786 3903 886 3982 super
908 3877 1065 3954 tumulum
1092 3879 1279 3956 tenentibus
1308 3900 1385 3956 oum
1489 3883 1490 3972 i

248 3975 445 4049 infinitorum
476 3979 606 4071 planctu
637 3978 843 4052 lachrimoso'
863 3999 926 4052 rex
953 3978 1142 4083 Guntberus
1174 3977 1257 4099 solip
1287 3976 1386 4085 'scuta
1489 3975 1490 4060 l

277 4187 282 4198 Ι
302 4116 332 4183 1)
352 4096 590 4243 Die'sbetreiieude
610 4117 667 4176 urk.
687 4101 828 4176 Gbntber's
846 4137 871 4176 v.
891 4119 933 4176 12.
952 4119 1007 4175 iuni
1032 4119 1158 4176 mendas.
1174 4093 1239 4174 ’283
1276 4119 1309 4188 2)
1331 4135 1388 4203 po-

251 4205 319 4244 nilne
339 4205 387 4244 aus
429 4231 434 4242 .
526 4213 540 4246 ἴ,
583 4214 613 4242 Ἣ
657 4225 689 4244 *l
811 4225 815 4230 ·
1001 4220 1004 4228 ·
1148 4213 1165 4228 ⁸·
1313 4205 1315 4210 '
