2900 4820
311 243 529 306 oonrmttno
548 245 716 304 nutriunt
733 243 1074 304 ntnwnttsttttonttsts.
1182 247 1255 320 283
1317 266 1320 278 ·

129 423 258 496 fuerunt
274 421 430 520 inpediti,
455 425 582 518 equites
599 444 685 496 vero
709 425 874 495 civitatum
893 445 967 497 cunr
985 419 1144 518 equitibus
1162 421 1254 510 ducis
1271 435 1338 494 test

1 559 3 570 ν
128 520 360 618 disposuerunt
375 531 449 617 post
467 525 614 611 nissam,
633 523 704 616 ipsc
722 518 775 591 die
786 518 956 690 Stephani,
973 523 1110 593 visitare
1121 521 1255 593 Tbure-

129 642 206 710 gum
224 631 258 693 et
275 618 317 692 ob
334 619 397 693 boc
413 641 517 713 eqrros
536 630 569 691 et
586 641 676 692 arma
694 629 826 714 paratos
872 619 1010 692 aberent
1025 619 1089 692 illis
1105 621 1254 692 verden-
1304 623 1309 634 '

104 801 107 806 ¹
126 717 223 809 tibus,
241 718 384 792 dimissis
401 716 551 790 omnibus
570 721 638 791 suis
650 721 800 792 vincum
819 721 911 812 equis
929 727 962 791 et
978 721 1078 791 arrnis
1096 716 1137 788 ad
1154 720 1255 812 oppi-
1374 719 1378 726 '

127 815 202 888 dum
229 827 422 890 evaserunt.
465 815 686 890 'thuricenses
710 837 795 888 vero
821 817 975 888 tollentes
1009 816 1113 908 spolia
1145 816 1255 887 locum

126 914 327 988 balneorum
337 925 371 987 et
381 913 521 1009 quedam
535 915 597 986 alia
615 911 766 986 incendio
777 923 1004 988 vastaverunt.
1029 914 1157 985 Etcum
1168 916 1254 985 cion

126 1033 281 1086 occasum
305 1011 384 1087 solis
412 1021 673 1106 reverterentur„
697 1012 749 1084 olii
773 1033 847 1084 curn
870 1014 1026 1086 trecentis
1044 1009 1204 1106 equitibus
1222 1019 1256 1083 ct

126 1114 322 1203 octingentis
340 1109 500 1206 peditibus
518 1107 701 1182 deBruclre
719 1109 804 1182 etde
815 1109 929 1184 Baden
947 1131 1007 1183 eos
1025 1119 1254 1204 sequerentur,

126 1207 347 1282 thuricenses
365 1229 404 1282 se
421 1208 462 1280 de
475 1208 560 1281 silva
577 1211 696 1280 montis
712 1205 881 1282 trahentes
899 1207 941 1280 ad
958 1208 1091 1302 planum
1108 1206 1255 1299 conglu-

125 1309 332 1396 tinnuerunt,
359 1317 393 1378 st
419 1303 749 1401 appropinquantibus
779 1308 849 1380 istis
880 1307 1006 1402 equites
1033 1305 1254 1378 mnicenscs

125 1402 280 1478 dnerunt
302 1408 368 1478 ais:
388 1406 446 1496 pfl,
469 1424 526 1476 cos
548 1423 614 1476 ooo
636 1405 785 1476 ondetr'st
817 1403 884 1476 Alii
901 1425 985 1476 vero
1006 1404 1176 1478 dixerunt:
1195 1405 1254 1494 pfi,

125 1521 180 1573 oos
203 1501 342 1593 sugitis!
374 1503 417 1576 Et
443 1523 523 1574 ecce
548 1499 609 1574 snb
632 1499 768 1574 bonerto
784 1504 1028 1591 Baniensium,
1051 1504 1105 1596 qui
1122 1501 1186 1574 boc
1200 1501 1255 1572 iila

125 1603 200 1672 vice
224 1600 310 1672 sorte
333 1597 552 1688 citauerunt,
580 1602 613 1670 in
636 1602 830 1694 crepusculo
857 1604 961 1672 iniere
984 1599 1178 1672 conflictum.
1213 1599 1257 1672 tto

127 1697 317 1770 ceciderunt
333 1697 376 1768 de
393 1705 486 1792 parte
511 1697 602 1770 ducis
628 1707 759 1768 centum
783 1709 817 1770 et
832 1699 928 1788 ultraq
955 1719 1000 1771 ex
1022 1705 1114 1791 parta
1131 1696 1256 1768 Thuri-
1334 1747 1339 1754 -

126 1799 276 1868 censium
300 1793 528 1890 quadringenti
546 1804 580 1867 et
595 1815 656 1889 pre
678 1805 776 1867 nocte
795 1795 995 1868 abinvicem
1019 1792 1254 1870 discesserunt.

123 1890 254 1965 Interea
278 1903 354 1966 ante
378 1891 517 1965 reditum
543 1891 634 1965 ducis
657 1895 691 1963 in
713 1893 883 1966 Austriom
900 1893 1121 1966 iirnncenses
1145 1902 1179 1964 st
1203 1894 1255 1966 sni

125 1993 321 2064 successive
347 1993 456 2062 omnin
484 1989 603 2062 ducum
625 2000 659 2061 et
682 2011 817 2064 snorum
839 1995 872 2063 in
897 1993 960 2064 illis
987 1989 1131 2086 partibus
1160 1999 1255 2062 extra

124 2091 330 2161 municiones
346 2087 498 2160 incendio
515 2098 746 2179 vastaverunt,
764 2089 919 2185 oppidum
930 2089 1025 2182 Zuge
1043 2110 1125 2182 sape
1141 2099 1255 2182 ternp-

123 2195 232 2260 tantes
263 2207 478 2280 expugnare,
515 2185 576 2260 sed
605 2196 738 2280 propter
766 2190 955 2281 sagittarios
984 2186 1254 2280 Argentinsnsss

122 2287 352 2378 nequivenmt.

172 2382 274 2454 Anno
298 2382 384 2454 dom.
403 2393 512 2456 annm
537 2383 692 2458 mccclii.
713 2383 755 2456 de
772 2405 890 2458 mense
908 2383 999 2478 aprili
1022 2384 1170 2478 premisit
1187 2381 1255 2454 dux
1270 2389 1341 2449 1352

121 2481 262 2554 Austris
279 2491 444 2555 nocentes
454 2481 630 2556 Australes
644 2487 677 2554 in
689 2481 804 2555 Buden
821 2492 933 2553 contra
951 2503 1012 2554 eos
1030 2491 1063 2552 et
1079 2482 1151 2574 ipse
1169 2477 1255 2552 snb-

122 2581 272 2676 sequitur
288 2575 331 2649 de
347 2601 465 2652 mense
482 2579 561 2670 tutti,
586 2579 749 2670 omnibus
771 2600 853 2674 quos
870 2575 993 2651 babere
1010 2585 1149 2673 poterat
1168 2599 1255 2648 con·-

122 2677 261 2750 vocatis.
288 2675 540 2751 AtSwioenses
551 2675 647 2770 Zugs
664 2678 835 2766 machinis,
853 2681 946 2751 cattis
964 2687 998 2748 st
1015 2677 1128 2749 iaculis
1144 2677 1254 2766 igneis

122 2772 209 2846 adeo
226 2773 433 2864 insecuntur,
457 2774 543 2869 quod
560 2775 712 2870 oppidani
730 2777 861 2850 emissis
879 2777 1047 2848 extraneis
1064 2773 1255 2846 sinicensi-

121 2870 185 2944 bus
205 2892 244 2943 sa
268 2869 429 2944 dederant
449 2875 559 2966 [iun.].
592 2871 672 2946 oux
687 2893 773 2946 vero
795 2894 870 2945 curn
888 2869 1015 2946 duobus
1037 2867 1167 2945 milibus
1185 2891 1254 2963 gu·-

120 2970 284 3041 lentorum
302 2973 444 3064 equitum
456 2981 490 3042 st
507 2970 623 3042 decom
641 2970 770 3044 milibus
788 2970 931 3065 pediturn
949 2979 1148 3042 armatorum
1158 2969 1254 3042 Thu-

120 3087 241 3160 regum
273 3064 411 3140 obsedit.
455 3067 545 3140 inter
577 3091 660 3162 quos
695 3079 767 3141 erat
799 3067 1000 3140 Ludewiens
1032 3066 1177 3138 marchio
1211 3066 1254 3139 ds

120 3161 365 3256 Brandenburg
381 3175 415 3236 et
431 3167 521 3238 multi
544 3171 681 3240 comites
700 3177 734 3240 et
748 3163 902 3240 barones.
940 3165 1121 3238 Constituto
1144 3173 1253 3236 summ

120 3261 314 3334 Eberhardo
339 3262 381 3333 de
403 3261 634 3358 Wartsnbsrg
658 3267 760 3338 invito
788 3265 882 3358 quasi
904 3263 965 3357 per
986 3281 1106 3356 preces
1133 3259 1253 3334 multos

120 3363 306 3456 capitaneo,
324 3381 398 3432 cum
417 3359 469 3434 aiii
487 3359 666 3436 familiares
676 3362 767 3436 dnus
778 3365 935 3436 eoinscio
951 3361 1064 3432 omnia
1075 3367 1254 3430 nacnrent

119 3467 154 3528 et
169 3479 229 3529 ras
245 3468 339 3530 esset
354 3461 387 3529 in
405 3481 466 3554 spe
483 3463 732 3554 composicionis
749 3479 809 3555 pro
822 3455 919 3550 dures,
936 3453 1131 3528 Eberhardo
1146 3477 1251 3528 rece-

121 3553 220 3626 dente
237 3565 324 3628 totns
343 3560 510 3629 exercitus
527 3561 668 3649 negocio
684 3557 811 3630 intacto
822 3559 972 3630 recessit.
982 3597 986 3606 ·
998 3554 1041 3627 Et
1051 3565 1104 3628 est
1118 3553 1252 3626 undem

121 3655 336 3746 compositum
356 3656 455 3749 [sept.
474 3654 493 3724 t
515 3677 545 3728 u.
568 3655 648 3746 141:
666 3655 990 3750 quodTbuniccnses
1008 3663 1043 3724 st
1060 3652 1252 3724 cuinullum

119 3749 163 3820 de
179 3747 365 3824 bominibus
383 3752 482 3824 ducis
492 3757 679 3848 reciperent
694 3756 728 3824 in
744 3753 952 3845 burgensem
975 3761 1010 3822 et
1024 3749 1182 3821 liberatus
1200 3759 1253 3822 est

120 3843 285 3920 lohannes
302 3848 345 3919 de
355 3847 568 3944 Habesburg
585 3852 734 3924 restituto
753 3849 812 3924 sibi
822 3848 969 3922 Marcbta
983 3855 1017 3918 at
1033 3846 1132 3940 opido
1142 3847 1251 3918 Rom-

120 3943 349 4038 prsbtsttilr03
374 3950 533 4021 restituta
547 3961 623 4021 sumt
639 3950 721 4020 ‘duci
738 3948 870 4038 Glarusq
881 3945 989 4038 ¹Zuge
1008 3953 1042 4016 et
1057 3941 1194 4015 Luceria
1212 3965 1252 4016 ac

120 4041 248 4114 ibnne¹
279 4065 363 4114 curn
381 4049 591 4139 pertinenciis
617 4051 650 4118 in
673 4047 795 4120 Snice.
830 4046 882 4116 Et·
896 4043 1121 4118 nichilominus
1148 4041 1250 4134 bigam

121 4151 318 4214 contraxere
335 4145 482 4216 iuream.
509 4145 588 4219 Post
599 4145 664 4218 heo
675 4143 763 4217 finita
775 4146 843 4240 liga
853 4143 1072 4215 Beruensium
1091 4161 1166 4214 cum
1183 4138 1250 4214 du·

175 4261 204 4333 t)
223 4277 256 4320 sc
276 4263 359 4338 Uret,
376 4263 451 4322 Nunc
469 4265 501 4323 t.
