2960 4832
332 191 538 252 ·uautmous
553 194 597 252 on
611 192 877 254 nussumovsn.
1016 209 1021 216 ·
1161 199 1209 274 39

77 369 151 438 ruini
171 369 258 460 [apr.
277 367 343 458 10]
362 370 397 438 in
412 369 514 440 missa
531 363 658 460 publica
669 364 825 440 Clemens
837 389 920 462 papa
937 370 981 440 vi.
999 388 1115 442 omnes
1126 391 1210 464 pro-
1226 383 1296 446 test

77 489 196 540 cessus
219 465 325 537 iactos
349 487 410 559 per
431 488 549 560 papam
566 463 746 538 Iohannem
760 469 841 540 xxii.
867 474 979 538 contra
996 463 1212 542 Ludewicum

77 569 127 660 qui
146 586 186 636 se
204 585 266 657 pro
282 567 481 658 imperatore
499 567 605 654 gessit
621 561 809 657 publicavit,
826 572 1013 657 protestans
1032 563 1117 660 quod
1129 589 1212 638 cru-

76 685 148 734 cem
165 671 282 732 contm
300 664 407 756 ipsum
423 661 608 754 predicaret
623 664 685 732 nisi
709 659 856 732 obediret
878 660 1038 736 mandatis
1056 662 1213 752 ecclesie,

75 758 283 850 assignando
301 757 361 831 sibi
378 758 484 830 adhuc
500 769 568 832 tres
586 781 730 831 menses.
755 756 879 846 Quibus
897 759 1019 854 elapsis
1038 758 1079 840 de
1096 782 1213 834 mense

76 854 276 952 septembris
293 859 380 928 misit
396 879 478 952 papa
490 859 690 952 prepositum
700 854 1029 948 Babenbergensem,
1047 861 1100 952 qui
1117 858 1213 958 eleo-

76 967 128 1028 tus
145 959 181 1026 in
200 953 364 1026 discordia
382 955 581 1026 venerated
598 957 733 1042 curium,
751 953 930 1048 adipsum
947 963 982 1026 ut
991 957 1122 1028 nuntios
1133 976 1213 1028 suos

75 1057 222 1124 mitteret
238 1049 280 1122 ad
298 1055 430 1124 curiam.
449 1055 538 1140 Quos
557 1055 642 1124 misit
659 1050 777 1124 eodem
794 1073 1008 1133 aanomense
1019 1050 1211 1124 decembris.

175 1149 306 1222 Eodem
323 1161 433 1221 autem
450 1171 536 1220 anno
554 1149 749 1242 submagna
767 1151 896 1222 caristia
907 1153 1057 1241 inregno
1068 1149 1213 1224 Alema-

75 1252 199 1320 menie.
217 1245 262 1320 Et
278 1250 364 1318 circa
382 1247 502 1320 fastum
520 1250 622 1320 sancti
638 1244 747 1319 Iacobi
765 1245 886 1319 sacuam
907 1246 967 1318 tuit
983 1257 1106 1320 tantum
1124 1245 1214 1319 diiu-

76 1350 182 1436 mum,
201 1342 289 1440 quod
305 1366 423 1416 omnes
440 1354 556 1440 pontes
573 1345 659 1416 Reni
676 1341 717 1416 ab
734 1344 852 1438 oppido
863 1343 1074 1436 Riuaugensi
1092 1343 1214 1418 exclu-

78 1449 154 1518 sive
179 1442 279 1536 dyoo.
305 1440 417 1514 Consi.
442 1465 546 1536 usque
570 1440 611 1514 ed
634 1441 788 1537 oppidum
809 1441 1047 1534 Brisougiense
1065 1440 1215 1516 eiusdem

78 1541 240 1636 dyocesis
259 1539 425 1612 destructe
444 1551 531 1630 sunt„
550 1551 583 1612 et
599 1539 699 1612 multa
716 1549 808 1634 pratu
826 1542 898 1630 agri
916 1549 949 1610 et
964 1542 1064 1612 vinee
1075 1540 1215 1612 totaliter

76 1661 203 1710 everso
222 1647 258 1708 et
273 1635 413 1710 deraso
432 1648 515 1708 sunt.
615 1636 697 1708 Item
715 1636 884 1714 terciadie
901 1647 975 1731 post
991 1637 1112 1710 festum
1127 1635 1215 1708 beati

75 1735 301 1808 Bartholomei
322 1738 415 1826 [eug.
434 1735 497 1824 27]
518 1738 594 1808 anni
610 1733 743 1830 predicti
754 1736 846 1806 lacus
864 1733 1012 1806 ascendit
1021 1757 1151 1806 murum
1161 1735 1214 1805 oi-

76 1837 188 1905 vitatis
207 1831 470 1906 Constantiensis
487 1837 577 1906 iuxta
593 1843 726 1926 pontem
744 1834 880 1927 piscium
897 1835 1034 1926 quoitur
1044 1832 1085 1904 ad
1095 1829 1215 1906 Predi-

77 1941 224 2018 actores,
244 1930 331 2024 quod
348 1940 444 2002 antea
461 1951 527 2002 non
545 1940 598 2002 est
613 1933 736 2022 visum
753 1939 789 2003 ut
810 1931 1009 2026 antiquiores
1032 1941 1110 2004 tuno
1126 1938 1215 2004 tam-

77 2031 167 2124 poris
184 2025 387 2100 referebant.

80 2323 234 2412 Epistola
251 2323 339 2410 repis
355 2323 496 2392 Francic
513 2329 546 2392 et
560 2323 676 2412 nepte
693 2326 741 2393 od
759 2324 958 2394 Clementem.

128 2455 215 2529 Item
235 2451 355 2524 eodem
372 2475 459 2524 anno
477 2454 648 2548 epistolem
661 2452 918 2550 subsequentem
935 2457 1022 2528 misit
1037 2479 1122 2551 popa
1133 2453 1218 2528 cte-

81 2557 181 2625 menti
199 2573 266 2622 rex
277 2550 419 2642 Anglie:
437 2551 674 2640 „Sanctissimo
691 2555 724 2624 in
742 2553 870 2624 Christo
887 2557 969 2649 patri
986 2551 1117 2626 domino
1134 2551 1218 2628 Cle-

82 2655 207 2742 „menti
225 2649 337 2720 divine
354 2648 558 2742 providentia
577 2660 788 2722 sacrosancte
798 2651 948 2722 Romane
964 2675 1004 2724 ae
1019 2653 1218 2727 universalis

82 2749 253 2840 ,ecclesie
265 2766 393 2817 summo
403 2746 553 2840 pontifici.
565 2745 909 2821 Edwarduseiusdem
917 2753 1099 2840 graciarex
1108 2748 1219 2822 Fran-

83 2852 155 2942 „cie
180 2855 215 2916 et
240 2842 366 2934 Anglie
391 2854 424 2915 et
446 2843 595 2916 dominus
620 2844 789 2939 Hybernia
819 2846 939 2918 devota
963 2847 1083 2943 pedum
1107 2848 1220 2920 osculo

85 2943 290 3038 „beatorum
308 2941 450 3012 Pensata
465 2941 642 3035 apostolice
656 2943 745 3016 sedis
759 2945 930 3016 clementia
944 2967 1007 3039 que
1021 2944 1063 3016 do
1076 2944 1220 3018 fomento

85 3041 297 3136 „devotionis
303 3038 574 3124 Christifidelium
586 3050 618 3126 et
629 3043 809 3112 animarum
822 3043 926 3113 salute
938 3041 1023 3115 solet
1033 3064 1111 3114 esse
1123 3065 1244 3128 sum·¹
1367 3123 1372 3130 ,

86 3163 161 3232 „me
180 3138 334 3226 sollicita,
352 3159 418 3208 non
437 3159 579 3231 querens
604 3161 667 3232 que
691 3162 750 3210 sua
770 3139 923 3220 suntsed
940 3161 1004 3233 que
1022 3149 1097 3212 sunt
1114 3144 1220 3234 potius

87 3238 185 3328 „iesu
197 3233 332 3322 Christi,
344 3243 434 3304 tenet
443 3233 652 3328 probabiliter
662 3247 772 3309 nostra
781 3235 910 3328 fiducia3
922 3237 1007 3332 quod
1018 3247 1131 3309 vestre
1144 3260 1221 3310 ma-

88 3339 225 3422 ,turitas
245 3335 278 3402 in
297 3333 466 3425 speculum
485 3332 685 3405 celsitudinis
703 3335 881 3427 apostolice
892 3335 1098 3428 preclaritate
1115 3339 1222 3407 meri-

88 3444 216 3524 „torum
236 3439 269 3500 et
286 3432 430 3500 sciencie
447 3433 510 3500 iam
529 3429 682 3503 divinitus
700 3441 823 3520 erecta,
842 3449 882 3502 ee
900 3453 963 3528 que
981 3431 1083 3505 decus
1107 3435 1223 3505 eccle-

89 3533 157 3620 „sie
183 3539 218 3598 et
243 3526 454 3598 devotionem
470 3526 581 3621 plebis
607 3539 773 3600 attenuant
796 3553 836 3600 ac
858 3533 1038 3600 animarum
1062 3541 1096 3601 et
1110 3553 1223 3602 rerum

91 3625 256 3722 ‚pericula
282 3627 530 3714 comedamur„
555 3624 679 3697 curabit
700 3626 954 3699 misericorditer
975 3627 1167 3700 reformare.
1185 3626 1223 3700 In

91 3722 274 3818 „publicum
293 3731 402 3792 autem
420 3743 485 3793 non
503 3721 697 3815 ambigimus
715 3727 866 3795 noticiam
882 3727 1094 3820 pervenisse„
1113 3726 1223 3820 quali-

92 3831 161 3918 „tep
177 3820 219 3891 ab
232 3819 370 3890 exordio
381 3823 547 3894 nascentis
565 3822 707 3893 ecclesie
720 3825 751 3892 in
762 3844 868 3914 regno
879 3833 992 3894 nostro
1002 3823 1128 3914 Anglie
1139 3843 1222 3916 pro-

93 3923 300 4010 „genitorum
316 3927 517 4008 nostrorum
533 3941 652 4011 regum
669 3919 807 4012 Anglie7
825 3929 858 3989 et
874 3941 1046 4016 procerum
1072 3943 1111 3990 ao
1133 3918 1223 3990 fide·-

94 4017 189 4104 „lium
207 4017 282 4087 dicti
300 4018 398 4107 regni
417 4014 516 4107 digna
532 4017 707 4088 recolenda
725 4020 874 4112 prioritas
885 4027 1019 4111 propter
1029 4015 1129 4088 divini
1147 4017 1223 4088 cul-

96 4123 166 4204 „tus
184 4125 401 4206 augmentum
419 4117 600 4187 construxit
616 4117 788 4204 ecclesias,
806 4117 938 4209 etipsas
951 4113 1089 4208 amplius
1101 4114 1225 4188 dotavit

97 4211 383 4307 „possessionibus
401 4223 435 4285 et
450 4215 633 4310 privilegiis
651 4215 874 4304 communivit
896 4215 1138 4311 ponensincoa
1155 4217 1224 4290 mi-
