3012 4820
273 259 346 334 594
666 257 1016 338 nconnosunonna.

188 445 259 502 1338
273 433 464 527 gecionibus
492 433 585 506 lacfis
609 457 672 528 per
696 434 809 528 plures
837 438 1014 530 magistros
1043 431 1075 505 in
1099 453 1194 506 soora
1227 436 1350 528 pagina
1374 443 1408 505 et
1501 491 1502 494 ,

273 532 458 627 approbatis
476 533 604 627 plenius
622 536 813 605 continetur.

321 657 495 739 Secundus
513 667 668 738 articulus
686 665 726 736 ad
743 666 831 738 idem
849 675 901 739 est
918 665 960 736 de
973 669 1045 737 inre
1065 670 1238 762 etantiqua
1257 690 1408 740 consue-

272 764 383 838 tudine
400 767 526 859 imperii
545 761 734 859 approbata,
752 764 824 836 lore
842 775 874 835 et
891 786 983 854 esse,
1002 763 1087 859 quod
1104 777 1278 860 postquam
1290 767 1407 860 aliquis

271 887 290 934 a
316 860 514 957 principibus
545 860 741 935 electoribus
768 864 895 956 imperii
924 861 1128 934 concorditer
1158 863 1216 935 vel
1243 888 1263 934 a
1292 867 1406 934 maiori

272 971 364 1055 parte
382 960 561 1031 eorundem
579 962 758 1054 principum
780 981 839 1054 pro
856 982 940 1051 rege
957 959 1182 1032 Romanorum
1199 971 1253 1032 est
1264 961 1406 1047 electus,

272 1081 337 1131 non
358 1059 483 1150 indiget
499 1061 740 1145 nominacione
758 1055 1011 1151 approbecionm
1029 1056 1299 1150 mnnmacnne,
1320 1082 1406 1132 con-

272 1178 375 1229 sensu
393 1156 449 1227 vel
467 1159 659 1227 auctoritate
677 1154 766 1228 sedis
784 1155 963 1248 apostolice
992 1177 1093 1249 super
1118 1154 1407 1229 administracione
1501 1225 1502 1228 ,

271 1252 431 1326 bonorum
455 1263 489 1324 et
511 1255 627 1324 iurium
658 1255 783 1346 imperii
808 1255 882 1323 sive
910 1252 1000 1324 titulo
1022 1255 1118 1344 regio
1146 1254 1360 1326 assumendis
1378 1263 1408 1323 et
1501 1265 1502 1340 j

272 1350 357 1446 quod
376 1373 478 1444 super
494 1349 554 1422 hiis
573 1354 688 1422 merito
705 1351 778 1422 talis
798 1351 923 1422 electus
947 1371 1014 1420 non
1038 1349 1137 1421 hebet
1164 1357 1344 1424 recurrere
1367 1349 1407 1422 ad
1501 1413 1502 1442 p

272 1448 387 1521 sedem
406 1449 630 1542 apostolicam,
649 1447 709 1520 sed
728 1447 813 1542 quod
824 1449 873 1520 sic
883 1445 1038 1536 habitumq
1049 1445 1218 1520 obtentum
1232 1459 1266 1520 et
1282 1472 1407 1523 serva-
1501 1443 1502 1528 l

272 1557 339 1617 tum
356 1555 408 1619 est
425 1569 443 1616 a
463 1555 624 1639 tempore,
650 1544 691 1616 de
716 1549 808 1617 cuius
836 1547 992 1640 principio
1016 1549 1173 1617 memoria
1191 1567 1259 1618 non
1285 1549 1408 1634 existit
1501 1585 1502 1588 π

271 1643 356 1739 quod
374 1645 470 1714 electi
488 1667 506 1714 a
524 1641 721 1738 principibus
748 1639 943 1714 electoribus
970 1645 1096 1736 imperii
1119 1643 1329 1716 concorditer
1351 1643 1409 1716 vel

271 1765 289 1812 a
308 1744 421 1812 maiori
438 1751 544 1835 parte,
562 1750 596 1811 ut
607 1763 720 1836 supra„
738 1739 801 1814 sibi
814 1740 940 1812 titulum
953 1742 1081 1832 regium
1096 1751 1351 1836 assumpserunt
1368 1765 1409 1812 ac

270 1838 355 1910 bona
372 1848 405 1909 et
422 1841 490 1909 iura
510 1841 634 1932 imperii
652 1837 976 1929 administraverunt,
994 1848 1029 1908 et
1044 1837 1107 1910 hoo
1124 1836 1166 1910 de
1184 1841 1258 1910 iure
1276 1849 1410 1911 etcon-

271 1935 444 2011 Suetudine
455 1935 662 2008 lacere'licite
673 1943 847 2030 potuerunt
858 1946 891 2006 et
901 1943 1052 2029 poterunt
1062 1935 1151 2007 nulla
1163 1935 1410 2032 approbucioue

270 2035 328 2105 vel
344 2034 472 2105 licentia
491 2031 580 2106 sedis
599 2035 777 2129 apostolice
795 2054 897 2126 super
920 2032 983 2104 hoc
1006 2030 1113 2105 habita
1141 2035 1198 2105 vel
1228 2033 1410 2129 obtemptu.

269 2129 313 2206 Et
329 2131 381 2203 hic
399 2132 554 2204 articulus
571 2131 753 2204 ostenditur
770 2129 945 2202 evidenter
968 2132 1072 2201 eciam
1099 2153 1160 2226 per
1185 2134 1411 2204 testimonium

271 2240 305 2301 et
322 2227 548 2301 diffinicionem
567 2229 742 2302 aedictum
759 2231 903 2300 omniurn
931 2229 1111 2322 principum
1128 2231 1255 2324 imperii
1274 2229 1413 2300 electo-

269 2349 342 2398 rum
361 2338 395 2400 et
409 2331 554 2399 omnium
572 2325 714 2397 lidelium
732 2330 774 2397 im
799 2328 858 2396 erii
875 2328 1107 2398 assistendum
1123 2327 1157 2396 in
1175 2349 1289 2398 eorum
1310 2336 1413 2398 trac-

270 2424 389 2497 tatibus
407 2435 440 2496 et
457 2423 606 2513 consilio,
633 2424 719 2518 quod
736 2349 797 2497 sul
814 2443 930 2494 eorum
947 2425 1138 2497 iuramentis
1165 2427 1302 2518 imperio
1319 2447 1416 2518 pre-

272 2526 354 2597 stitis
371 2525 683 2617 pronunciaverunt
701 2523 992 2594 sentencieverunt
1009 2531 1042 2591 et
1059 2519 1268 2611 diffinierunt,
1293 2524 1414 2592 omnia

272 2629 424 2693 contenta
440 2622 474 2690 in
490 2619 575 2691 dicto
593 2619 728 2692 articulo
745 2621 817 2692 lore
834 2639 937 2709 vera,
955 2621 1039 2692 sicut
1049 2699 1054 2706 ,
1064 2629 1193 2692 constat
1215 2641 1276 2714 per
1291 2617 1417 2714 publi-

273 2741 347 2790 cum
365 2721 624 2791 instrumentum.

322 2851 458 2924 Tercius
477 2851 630 2924 articulus
648 2861 712 2942 est
730 2849 815 2945 quod
833 2849 875 2922 de
891 2853 963 2923 iure
977 2852 1148 2946 etantiqua
1168 2849 1416 2933 consuetudine

227 3031 232 3040 ,
274 2951 399 3044 imperii
416 2947 592 3044 approbata
610 2949 665 3021 ille
683 2960 837 3022 censetur
859 2951 892 3020 in
915 2947 1089 3020 concordia
1121 2949 1245 3020 electus
1269 2944 1312 3018 ad
1337 2951 1416 3022 irn-

274 3051 414 3142 perium
432 3049 484 3140 qni
503 3070 521 3117 a
539 3049 653 3118 maiori
669 3057 762 3142 porte
779 3049 978 3142 principum,
1003 3043 1045 3117 ad
1070 3068 1152 3139 quos
1177 3046 1294 3118 electio
1320 3067 1417 3140 per-

275 3149 366 3235 tinet,
381 3155 433 3218 est
450 3144 585 3216 electus.

323 3272 466 3358 Quartm
486 3271 640 3342 articulus
659 3280 722 3360 est,
740 3268 826 3364 quod
843 3292 889 3344 ex
905 3269 1142 3342 consuetudine
1154 3271 1325 3363 antiquitus
1338 3269 1416 3342 ob-

276 3378 409 3442 servata
428 3379 463 3439 et
477 3368 623 3459 legitime
640 3365 771 3438 obtenta
791 3376 823 3438 et
839 3371 1018 3461 prescripta
1037 3377 1101 3457 est,
1118 3366 1204 3460 quod
1221 3388 1283 3438 rex
1294 3377 1327 3438 et
1338 3371 1416 3442 im-

299 3475 407 3538 erator
436 3466 658 3538 Romanorum
692 3465 823 3556 eligitur
849 3487 909 3560 per
936 3467 1026 3558 ipsos
1057 3467 1221 3559 principes
1247 3467 1280 3535 in
1308 3466 1417 3559 opido

275 3489 627 3652 lranchanvordensn
655 3572 689 3633 et
705 3561 791 3656 quod
808 3562 934 3635 electus
952 3566 983 3632 in
1005 3561 1089 3634 dicto
1099 3563 1173 3634 loco
1190 3561 1231 3633 ab
1246 3561 1417 3636 elector-i-

275 3660 338 3735 bus
356 3665 431 3734 sive
448 3686 468 3732 a
486 3664 598 3734 maiori
616 3669 708 3755 parte
725 3681 853 3750 eorum,
870 3663 923 3754 qui
941 3663 973 3731 in
991 3659 1043 3730 dic
1056 3657 1103 3731 'ad
1114 3657 1305 3752 eligendum
1320 3682 1416 3754 pre-

277 3759 343 3834 fixa
354 3782 416 3855 per
426 3759 529 3849 illum,
539 3759 580 3830 ad
593 3781 690 3853 quern
703 3761 842 3851 pertinet
854 3756 1021 3852 prefigere
1035 3756 1217 3830 huiusmodi
1232 3761 1416 3831 terminum

276 3879 336 3952 pro
353 3861 425 3952 ipsa
442 3858 604 3930 electione
630 3854 799 3946 facienda,
823 3855 862 3946 (f.
889 3851 1001 3943 1962)
1018 3853 1136 3926 ibidem
1164 3869 1416 3947 convena-unt,

277 3954 465 4028 censendus
483 3965 517 4026 et
533 3963 688 4026 censetur
706 3951 739 4024 et
756 3952 879 4024 habere
896 3963 930 4024 et
946 3951 1057 4024 haberi
1076 3949 1174 4023 debet
1190 3961 1360 4047 umquam
1380 3960 1417 4028 in

277 4052 450 4125 concordia
469 4053 608 4143 electus,
624 4062 657 4123 et
673 4051 781 4122 eidem
799 4051 905 4122 electo
930 4049 1028 4121 debet
1051 4059 1202 4144 tanquam
1230 4054 1305 4142 regi
1322 4073 1415 4124 vero

277 4160 312 4221 et
327 4153 513 4243 imperatori
531 4148 571 4220 ab
588 4147 738 4221 omnibus
757 4147 910 4222 subiectis
935 4147 1084 4220 Ronrano
1105 4150 1243 4242 imperio
1270 4147 1417 4240 obediri

278 4245 319 4328 Et
336 4249 364 4320 si
381 4251 434 4348 qui
451 4251 481 4319 ei
498 4269 565 4321 non
582 4245 764 4340 obedirent
789 4250 860 4341 ipso
878 4247 964 4319 lacto
989 4256 1064 4320 suut
1086 4243 1257 4336 omnihus,
1282 4267 1349 4343 que
1369 4245 1414 4321 alr
