2900 4820
297 271 518 334 communito
537 273 703 332 ttttttttltte
721 267 1063 330 ituewssttottnttssnsts.
1170 267 1238 346 291

116 449 200 548 quod
218 452 250 521 in
267 452 403 546 patriam
431 461 483 524 est
505 471 667 524 reversus
686 459 719 522 et
734 445 882 522 breviter
905 448 937 520 in
955 443 1094 518 Swevia
1111 455 1164 520 est
1181 467 1244 518 se-
1258 461 1329 520 1³54

115 550 234 644 pultus.
267 549 346 622 Post
362 552 455 622 cuius
472 547 594 620 obitum
611 548 674 620 alia
693 550 837 620 surrexit
853 547 1025 640 compania
1043 543 1158 617 decem
1175 547 1244 616 mi-

115 648 193 720 lium
219 649 364 740 equitum
387 658 421 719 et
443 648 526 720 ultra
549 649 583 718 in
599 644 794 720 bombardie
819 641 978 740 partibus,
1002 641 1117 738 quibus
1141 645 1245 738 pm'mo

115 745 234 840 prefuit
243 744 346 818 irater
356 745 572 834 memorialis,
589 743 819 840 hospitalarius
838 753 999 838 apostata
1016 741 1245 830 Prouincialis

117 854 272 918 strenuus
290 853 323 914 et
344 843 489 938 prudens
514 845 547 913 in
565 845 675 914 armis.
711 843 774 930 Qui
795 840 961 912 recedens
987 863 1060 910 eum
1088 841 1245 912 societate

117 950 224 1014 suaet
232 961 293 1034 per
303 939 418 1014 urbem
427 941 469 1012 de
481 941 644 1012 conductu
656 937 772 1012 tribuni
784 942 953 1011 transitum
964 937 1102 1026 faciens,
1113 946 1247 1031 propter

117 1037 281 1132 mandam
298 1041 521 1134 suspicionem
538 1037 720 1112 decollatus
738 1048 791 1110 est
808 1061 826 1107 a
845 1033 972 1108 tribuno
987 1037 1080 1128 [aug.
1090 1033 1167 1125 30].
1184 1034 1247 1121 Qui
1366 1053 1370 1066 ·

116 1134 308 1230 Nyrbolaus
333 1136 503 1210 Laurencii
530 1135 676 1208 tribunus
700 1139 734 1208 in
756 1134 851 1208 brevi
875 1143 990 1228 postea
1014 1133 1100 1205 lacto
1126 1132 1247 1204 insultu

116 1233 275 1306 occiditur
285 1257 304 1307 a
315 1235 473 1308 Romanis
488 1235 597 1326 [00th
609 1237 765 1328 precipue
777 1256 795 1302 a
808 1229 1117 1326 Columpnensibus5
1132 1227 1247 1325 quibus

118 1334 202 1402 etin
220 1330 284 1404 hoc
300 1331 457 1404 favebant
473 1332 594 1404 Ursini.
629 1332 744 1427 Populi
760 1342 871 1404 autem
888 1327 1041 1402 videntes
1058 1351 1134 1400 eum
1153 1350 1248 1400 mor-

117 1440 222 1517 tuum7
239 1451 283 1500 ne
295 1429 486 1502 viderentur
496 1430 559 1502 illis
571 1433 728 1524 suspecti„
745 1432 853 1523 ipsum
870 1425 1081 1500 conciderunt
1091 1429 1124 1500 in
1134 1425 1248 1500 frusta.

120 1526 301 1620 Campania
319 1538 429 1600 autem
445 1526 624 1600 recedente
635 1527 832 1600 Provinciali
844 1525 884 1598 li.
904 1524 945 1595 de
955 1522 1126 1598 Landowe
1142 1524 1249 1596 Swe-

117 1622 250 1698 vumde
260 1645 388 1716 genere
398 1629 551 1698 comitum
562 1647 621 1720 pro
634 1629 804 1720 capitaneo
814 1623 1102 1718 tanquamvirdem
1115 1624 1249 1716 recepit.

118 1721 194 1794 Hee
218 1727 360 1796 societas
385 1745 518 1818 semper
544 1722 731 1796 morabatur
747 1725 780 1794 iu
798 1724 934 1815 campis,
960 1720 1001 1792 ad
1023 1718 1165 1792 dandum
1189 1717 1250 1792 sibi

117 1820 276 1892 victualia
299 1820 449 1896 dominos
475 1832 509 1892 et
534 1823 683 1894 civitates
709 1818 899 1892 cohercens.
933 1817 1006 1890 Hec
1029 1821 1171 1892 societas
1197 1817 1251 1888 diu

119 1917 315 2012 stipendiata
334 1929 385 1990 est
402 1919 572 1991 aVenetis
589 1923 622 1990 in
638 1921 730 2010 regis
748 1918 909 1992 favorem.
935 1916 977 1988 Et
994 1916 1145 1989 iacebant
1161 1921 1251 1990 iuxta

119 2018 272 2089 civitates
289 2014 606 2110 liledyolanensibus
618 2014 783 2105 subditas,
807 2039 827 2085 a
845 2013 974 2110 quibus,
998 2037 1041 2087 ne
1058 2015 1253 2088 infestarent

119 2135 195 2203 eas„
213 2114 367 2186 vicmalia
383 2124 592 2209 recepertmt.
619 2113 792 2186 Tenebant
807 2123 917 2184 eutem
931 2117 1016 2184 inter
1026 2135 1065 2186 se
1075 2117 1252 2184 maximam

120 2233 240 2306 pacem
264 2221 299 2283 et
320 2210 472 2284 iudicium
497 2223 530 2284 et
554 2211 764 2286 afferentibus
788 2215 837 2284 eis
862 2211 994 2283 venalia
1022 2214 1253 2284 securissimus

121 2307 262 2381 debattu
286 2307 476 2384 conductus.
501 2312 581 2383 Post
597 2309 661 2382 heo
677 2332 714 2386 se
732 2305 975 2381 transferebant
991 2307 1033 2379 ad
1049 2319 1162 2403 partes
1178 2309 1255 2380 Ra·-

122 2429 238 2480 venne
256 2417 289 2480 et
305 2417 421 2500 postea
439 2410 473 2480 in
489 2407 652 2502 Apuliam.

171 2504 385 2576 Rementem
410 2505 531 2578 eodem
557 2529 642 2578 anno
659 2506 737 2578 liiii.
755 2507 789 2576 in
814 2527 930 2578 mense
959 2501 1137 2600 septembri
1205 2504 1255 2578 asi

120 2602 253 2674 occulte
272 2624 346 2673 cum
363 2607 476 2698 paucis
499 2603 682 2695 ingreditur
698 2601 925 2675 lombardiam
942 2613 976 2674 et
992 2605 1134 2674 veniens
1188 2623 1254 2674 an-

120 2709 213 2775 tuam
237 2702 325 2773 misit
351 2699 393 2772 ad
417 2704 566 2774 civitates
583 2702 783 2773 Alamumrie
801 2711 834 2772 et
851 2703 1025 2795 episcopos
1050 2711 1084 2772 et
1100 2699 1143 2771 ad
1160 2699 1255 2790 alios,

121 2808 157 2870 ut
174 2796 239 2870 sibi
262 2808 382 2890 gentes
410 2810 552 2872 armatas
576 2798 718 2891 dirigant
740 2801 829 2870 iuxta
847 2820 983 2870 morem.
1017 2797 1061 2869 Et
1075 2795 1256 2870 Robertum

122 2898 295 2969 seniorem
310 2894 490 2970 Bawarum
514 2896 691 2992 palatinum
707 2896 792 2968 Reni
816 2907 964 2990 tempore
983 2894 1138 2968 absencie
1156 2900 1256 2970 vica·-

120 2997 210 3067 rium
234 2997 331 3086 regni
356 2997 520 3068 constituit
546 2995 749 3086 generalem.
781 2993 858 3066 Rex
883 3017 1011 3088 quoque
1038 2997 1071 3064 in
1089 2992 1257 3066 decembri

121 3091 219 3164 iactis
248 3095 374 3183 treugis
397 3095 482 3164 inter
506 3090 657 3166 Venetos
686 3102 719 3163 et
741 3090 1025 3184 llledyolanenses
1053 3114 1126 3162 cum
1154 3089 1257 3163 tribus

119 3186 278 3264 ficubus
296 3186 625 3284 Medpolanensibus·
639 3188 837 3261 reformatur
860 3211 939 3260 rece
962 3199 994 3262 ta
1012 3185 1053 3258 ab
1071 3192 1120 3261 eis
1138 3185 1258 3280 grandi

120 3289 265 3381 pecunia
284 3295 317 3356 ct
332 3289 503 3381 promissis
521 3285 582 3360 sibi
600 3289 717 3360 annuis
734 3283 912 3359 redditibus
931 3212 973 3357 de
990 3296 1092 3378 tarrap
1109 3287 1152 3356 ita
1171 3282 1258 3380 quod

120 3383 168 3454 illi
193 3386 327 3454 nomine
349 3388 441 3476 regis
467 3387 604 3458 ministri
629 3394 718 3455 terre
736 3395 892 3455 maneant
914 3387 998 3458 sicut
1015 3393 1101 3456 ante.
1137 3381 1258 3477 Sisque

119 3478 317 3574 lledpolani
341 3479 519 3555 honorilice
544 3493 699 3577 receptus
718 3483 797 3572 [ion.
815 3481 855 3572 4]
877 3487 959 3554 etin
976 3482 1137 3576 palacium
1162 3485 1343 3576 epis-1355

121 3581 200 3672 copi
218 3576 384 3652 saductus
403 3577 443 3652 ab
461 3578 708 3674 archiepiscopo
725 3577 994 3674 Medyolanensb
1012 3602 1111 3674 quem
1128 3578 1170 3650 de
1189 3600 1257 3670 ge-

120 3697 210 3746 nere
219 3674 439 3769 predictorum
449 3677 689 3750 vicecomitum
703 3699 787 3772 papa
799 3677 997 3773 proiecerat
1015 3677 1258 3755 coronalemea

120 3783 302 3845 coronatur
321 3775 401 3864 [ian.
419 3773 472 3865 6].

174 3870 278 3942 Anno
302 3871 387 3944 dom.
406 3874 567 3947 mccclv.
585 3877 619 3944 in
636 3875 783 3949 ianuario
800 3894 863 3944 rex
880 3871 996 3945 oblatis
1015 3871 1075 3944 sibi
1093 3881 1260 3966 portarum

121 3966 277 4041 clavibus
296 3971 467 4063 aPysanis
486 3981 520 4042 et
536 3969 739 4044 bucensibus
750 3971 857 4063 Pasas
875 3974 1032 4063 perrexit
1050 3967 1104 4041 ubi
1123 3968 1164 4040 ad
1182 3990 1261 4041 eum

121 4069 157 4138 in
169 4063 465 4160 februarioregina
483 4071 648 4162 pervenit,
666 4066 918 4141 ethabuitmille
932 4065 1259 4160 galeatosBohemos

123 4173 159 4234 et
184 4185 308 4256 paucos
335 4165 549 4238 Alamannos.
587 4163 750 4238 Ostiensis
776 4187 859 4237 vero
883 4169 1059 4260 episcopus
1086 4164 1260 4238 cardinalis

125 4265 272 4334 crastino
297 4262 536 4358 puriiicacionis
554 4263 640 4336 flens
666 4266 775 4335 animo
798 4264 977 4338 coronandi
999 4285 1155 4356 regemn
1175 4285 1262 4358 papa

994 4402 1049 4460 ¹9*
