3010 4822
254 213 325 289 552
593 213 767 270 HEtdutttts
786 210 1037 271 REBDORFENCIS.

170 397 240 459 1303
253 331 424 467 Predictus
438 401 548 463 autem
564 413 627 462 rex
644 414 688 462 ex
705 390 844 485 qrrudarn
862 389 992 464 casude
1006 400 1251 486 equomortuus
1264 387 1384 482 sautu
1478 351 1479 354 Ἴ

255 501 288 562 et
313 509 529 564 successores
556 492 606 561 sui
636 510 831 585 quamquam
858 488 970 582 plures
999 491 1071 562 sine
1097 491 1178 562 viris
1206 487 1384 564 heredibus

253 587 487 663 discessemnt.

302 685 501 758 Benedictus
518 708 602 781 pape
618 684 810 759 undecimus
830 707 916 758 anno
933 685 1054 760 domini
1076 688 1244 758 m.ccc.iiii.
1273 685 1386 777 [1303

254 796 317 858 oet
342 784 417 873 22]
446 784 571 856 electus
593 788 627 858 in
651 807 769 880 papam
793 783 877 858 sedit
898 783 1025 858 duobus
1048 787 1144 858 anuis
1168 785 1226 855 vol
1248 787 1386 857 drcain

255 885 416 956 Ριιιιιείο.ι
454 881 517 954 llio
533 886 623 976 prius
640 881 682 952 de
699 881 814 954 ordine
836 879 971 954 danum
988 881 1233 956 Predicatorum
1257 886 1387 956 masd-

254 984 410 1054 tntiouom
422 984 644 1054 antecessoris
656 984 708 1054 sui
718 980 887 1070 Bonilaoii
900 984 969 1054 suis
986 978 1139 1053 fracibus
1157 989 1191 1051 et
1201 980 1275 1054 aliis
1287 1001 1387 1052 maa-

256 1077 436 1153 dieantibus
453 1100 520 1150 non
537 1077 742 1172 placabilem
760 1078 823 1152 sed
841 1080 953 1152 utilem
970 1079 1060 1150 clero
1072 1078 1214 1151 seculari
1226 1082 1387 1166 mnia

256 1188 408 1274 utsupra
428 1176 504 1250 dixi.
555 1175 638 1248 Item
654 1199 751 1271 quam
774 1178 888 1272 plures
910 1178 993 1250 alias
1018 1178 1266 1248 consttutiones
1293 1177 1386 1250 ntilm

254 1278 468 1373 inquisitionis
486 1273 630 1346 heretice
648 1277 818 1369 pravitatis
835 1273 943 1347 edidit

170 1377 240 1438 1305
304 1373 462 1448 Clemens
479 1396 563 1468 papa
581 1377 711 1467 quintus
728 1394 815 1444 auno
833 1373 954 1444 domiui
969 1376 1127 1446 mcccvi.
1144 1372 1258 1464 [1305
1268 1377 1338 1444 inu
1350 1375 1387 1462 5]
1478 1419 1479 1466 p

256 1475 381 1547 electus
399 1475 431 1544 in
449 1493 567 1567 papam
585 1471 670 1544 sedit
686 1474 780 1544 anuis
798 1481 926 1566 septem
952 1472 1010 1545 vel
1036 1474 1133 1542 circa.
1184 1471 1249 1543 llio
1270 1470 1388 1544 notuts

255 1571 297 1643 dc
308 1570 489 1646 Wasoouia
505 1567 720 1659 mmandus,
734 1568 998 1664 archiepiscopus
1011 1573 1102 1663 prius
1112 1569 1388 1661 Burdegalensis,
1478 1601 1479 1634 ι

255 1692 321 1743 non
339 1673 488 1742 existens
505 1666 692 1755 cardinalis„
709 1669 741 1738 ia
759 1665 907 1739 absentia
924 1667 1083 1759 eligitur.2
1113 1669 1196 1756 Quia
1213 1689 1292 1739 cunr
1310 1691 1388 1740 car-

256 1766 382 1840 dinales
399 1769 556 1839 Perusino
574 1769 606 1836 iu
624 1765 774 1836 conclavi
790 1765 907 1837 inclusi
923 1768 958 1837 in
968 1766 1130 1838 electione
1140 1787 1226 1860 pape
1243 1786 1388 1838 concor-

256 1864 336 1936 dare
354 1887 420 1937 non
437 1873 585 1957 possent
604 1863 766 1957 prelatum
790 1862 1070 1958 archiepiscopum
1086 1862 1388 1955 Burdogalensenu

257 1961 381 2036 abhoc
397 1963 470 2056 quia
495 1981 674 2055 processus
699 1959 819 2032 domini
842 1983 927 2056 pape
951 1959 1109 2032 Bouilacii
1135 1971 1389 2052 contraregem
1478 1963 1479 2048 i

257 2061 396 2132 Francia
419 2080 479 2154 pre
503 2058 574 2134 aliis
605 2067 776 2148 servarat7
801 2061 991 2132 estimantes
1017 2056 1102 2153 quod
1126 2058 1168 2130 ad
1185 2081 1246 2132 eos
1262 2059 1388 2131 lulium
1478 2067 1479 2114 t

185 2175 188 2180 ·
258 2155 445 2247 accederet
462 2159 496 2228 iu
514 2153 661 2231 absentia
679 2158 864 2248 elegenmt.
914 2155 985 2228 Sed
1001 2159 1076 2230 viso
1093 2156 1227 2230 demeto
1244 2159 1388 2230 etaeuo·

256 2259 308 2328 uis
326 2277 393 2328 non
410 2256 544 2328 intravit
557 2253 695 2344 ltaliam
716 2253 777 2327 sed
794 2252 963 2327 mandavit
978 2253 1209 2347 autumnus,
1228 2266 1264 2327 ut
1282 2259 1389 2351 ipsum
1478 2255 1479 2285 l

257 2352 455 2428 accederent
470 2349 678 2444 Brndegelis.
721 2351 763 2424 Et
780 2354 828 2424 sic
845 2355 934 2424 curie
951 2353 1101 2426 Romana
1118 2363 1171 2426 est
1187 2354 1271 2424 ultra
1288 2373 1388 2426 mon-

250 2462 309 2525 ·tes
336 2450 506 2540 tmnslsu,
527 2471 633 2544 nsque
655 2448 762 2533 hodie.
815 2447 911 2522 Unde
934 2447 1143 2526 venientibus
1168 2449 1389 2524 cardinalibus

257 2548 298 2620 ad
314 2549 524 2622 Provinciam
541 2570 581 2622 se
597 2571 680 2642 papa
699 2569 772 2620 oum
789 2549 880 2620 ouria
897 2549 1067 2622 transtulit
1101 2550 1163 2622 llio
1177 2551 1389 2627 constitutio-

241 2669 333 2744 ⁸uem
358 2647 516 2720 Bonifueii
540 2647 650 2718 utilem
674 2648 763 2719 clero
790 2647 1065 2719 secmariccnua
1090 2646 1222 2720 ordines
1249 2645 1388 2720 lllcndi-

257 2749 399 2817 eantium
409 2746 592 2834 innovavit,
610 2766 776 2817 revocans
787 2748 1049 2818 constitutionem
1063 2748 1258 2818 annonam
1270 2745 1388 2818 Bane-

256 2842 330 2914 dicti
347 2845 487 2938 prcximi
504 2846 726 2918 antecessoris
745 2845 809 2932 sui,
826 2853 861 2914 ut
883 2852 973 2936 patet
995 2847 1030 2914 in
1055 2845 1287 2918 constitutione
1305 2843 1389 2918 cre-

257 2944 401 3012 mentina
417 2939 470 3011 De
489 2939 606 3034 sepult.
623 2963 694 3035 cap.
713 2942 852 3011 Dudum
878 2941 941 3014 Hic
957 2945 1089 3036 stirpem
1103 2942 1192 3014 illam
1203 2942 1389 3014 Βουαιιιιιιι

257 3036 298 3109 de
316 3037 497 3132 Columpna
515 3062 534 3109 a
553 3038 721 3110 Bonilaoio
738 3037 1009 3112 anadremiuatam
1026 3042 1060 3112 in
1075 3051 1178 3112 totum
1195 3043 1338 3112 restituit
1349 3039 1390 3110 ad

254 3157 312 3210 res
330 3146 364 3208 et
379 3135 536 3227 honores
550 3159 647 3231 quarn
658 3147 692 3208 et
700 3135 899 3210 Benedictus
908 3148 1102 3211 anmuesscr
1108 3160 1189 3212 snus
1199 3141 1390 3212 restituerat

171 3249 172 3254 ’
255 3237 287 3305 iu
304 3244 407 3330 parte.

172 3345 238 3404 ram
303 3332 404 3404 Anno
439 3337 548 3428 quinto
581 3332 667 3404 idem
691 3332 847 3406 Clemens
874 3337 908 3405 in
930 3333 1061 3406 Vienna
1091 3335 1263 3408 concilium
1292 3337 1390 3410 celc-

255 3427 374 3519 bravit„
392 3432 425 3503 iu
442 3453 506 3525 quo
524 3431 642 3504 multus
660 3434 907 3506 constitutiones
925 3433 1020 3506 utiles
1044 3431 1161 3524 edida,
1184 3442 1221 3505 ut
1243 3441 1336 3527 putet
1358 3435 1390 3503 in

255 3527 482 3623 compilatione
499 3550 632 3602 suarum
653 3533 925 3602 constitutionum.
974 3529 1057 3602 ltem
1069 3530 1259 3602 Heinricum
1277 3535 1390 3624 impc-

132 3703 135 3708 *
253 3635 397 3698 retorem
416 3631 589 3722 septimum
606 3649 667 3722 per
684 3649 763 3708 suos
787 3629 917 3720 legatos
941 3627 1125 3704 cardinales
1148 3633 1182 3700 in
1206 3626 1289 3699 mbo
1313 3629 1390 3700 Ro-

308 3810 338 3875 1)
357 3828 390 3868 so
410 3810 436 3866 in
456 3811 506 3866 der
523 3811 679 3881 Neuhnrger
698 3811 738 3866 hs.
758 3811 802 3868 dic
821 3811 956 3868 ahdrt'relrc
974 3813 1092 3868 schaltcn
1119 3815 1186 3872 nacla
1213 3813 1291 3868 annis
1317 3815 1386 3872 noch

254 3881 314 3936 ein:
334 3882 376 3938 alii
397 3881 489 3937 dicunt
508 3883 541 3938 da
560 3899 624 3950 uno„
643 3882 723 3937 immo
744 3883 777 3937 de
796 3889 859 3940 octo
880 3881 1026 3953 mensibus,
1044 3890 1071 3938 ct
1090 3884 1162 3956 quod
1183 3885 1283 3940 electus
1298 3885 1348 3939 init
1360 3885 1384 3940 in

253 3951 329 4023 urbe,
347 3953 396 4009 sed
413 3952 549 4010 transtulit
567 3953 664 4009 cauam
684 3953 828 4022 Perusium
847 3960 875 4009 et
893 3953 965 4025 quod
983 3961 1047 4026 post
1070 3955 1170 4011 obitum
1190 3972 1268 4010 suum
1288 3956 1385 4010 uacant

253 4023 333 4079 sedas
352 4025 459 4082 dnobus
479 4024 556 4082 annia
574 4025 616 4080 vel
636 4025 703 4080 circa
723 4025 751 4079 in
775 4025 893 4081 Perusia.
929 4025 961 4091 2)
987 4025 1031 4080 die
1058 4026 1193 4082 abdrt'rclre
1216 4027 1303 4082 habea
1328 4025 1383 4080 hier

253 4095 323 4150 noelr
344 4096 490 4166 folgenden
509 4097 535 4152 iu
556 4096 604 4151 der
621 4095 779 4164 Neulnurger
803 4097 844 4152 lrs.
865 4093 1006 4152 lelrlcnden
1031 4096 1251 4168 berichtigenden
1279 4103 1380 4154 ansam:

255 4163 325 4219 Vide
349 4168 505 4239 scripturam
530 4166 705 4224 authenticam
732 4184 783 4238 que
802 4167 867 4222 dicit
891 4167 961 4222 hunc
986 4167 1147 4224 Clementem
1173 4165 1284 4228 electum
1312 4182 1377 4222 anno

254 4235 353 4300 domini
374 4255 487 4296 mcor-‚u
507 4239 551 4294 die
569 4238 662 4310 quinto
683 4239 782 4294 mensis
801 4237 865 4294 iunii
885 4238 911 4294 iu
931 4237 1049 4302 Perusia.
