2902 4820
279 225 350 298 622
452 220 628 280 umouuts
649 217 840 280 mouentum
858 219 964 278 unsri
985 219 1226 278 omsuttottun.

277 401 496 472 transiturum.
527 395 716 470 'Aooensus
746 407 798 471 est
819 397 935 494 'itaqua
964 399 1051 490 ignis
1080 417 1218 488 magnus
1248 391 1378 465 tredecim
1427 367 1428 446 b

277 496 397 666 gedum
416 497 468 568 die
486 501 635 614 veneria
653 507 686 613 et
703 506 831 569 astante
855 496 975 590 populo
1002 506 1036 566 et
1060 493 1204 612 pinnibus
1232 490 1378 607 baronibus

305 605 409 684 etrus,
425 593 573 689 deposita
598 605 704 666 tumen
731 604 774 666 et.
790 617 880 688 genu
902 595 990 666 lieno
1011 604 1157 665 oratione
1177 591 1217 662 ad
1243 591 1380 660 dominun
1427 617 1428 678 3

278 693 362 764 iaota
381 715 478 763 manu
496 691 674 787 prediotam
698 693 848 764 laneeam
874 702 1022 781 tenensi
1044 691 1159 763 iliesus
1185 711 1243 784 per
1264 687 1380 762 medion
1427 701 1428 773 i

278 794 390 883 ignem
407 795 567 862 transivit.
602 788 653 860 De
671 811 739 885 quo.
753 789 949 862 certifientus
968 789 1107 884 populus
1135 798 1169 859 et
1186 784 1382 858 aceensusnd

278 911 371 962 suam
396 891 694 982 peregrinationem
720 885 967 983 eomplendam
993 887 1056 958 deo
1085 885 1257 978 magnifiee
1283 885 1381 976 gratias

277 985 500 1075 reddiderunt,
519 996 551 1057 et
569 1009 641 1057 eum
661 1006 782 1079 magno
810 984 932 1077 gaudio
960 984 1077 1057 dietum
1102 981 1234 1057 Petrum
1261 983 1382 1053 bonom-

278 1095 407 1156 verunt.
442 1085 503 1172 ont
520 1095 595 1179 post
614 1106 737 1178 paucos
756 1081 827 1156 dies
850 1083 1023 1155 defunctus
1048 1107 1067 1153 a
1092 1081 1224 1156 domino
1250 1100 1306 1152 suo
1327 1077 1383 1148 idei

278 1184 422 1254 celerem
439 1186 736 1256 remunerationem
754 1185 891 1276 aceepit,
909 1185 960 1252 eui
985 1190 1040 1262 est
1060 1179 1165 1251 bonor
1190 1190 1225 1249 et
1247 1179 1338 1270 gioria
1361 1181 1382 1244 iu

277 1281 390 1354 seeuia
409 1280 609 1374 semlerum,
626 1281 742 1352 Amen.
768 1277 908 1352 inventu
927 1290 979 1350 est
997 1280 1111 1352 lancea
1131 1297 1219 1348 anno
1237 1276 1383 1346 mittesiuu

277 1382 496 1470 nonagesimo
515 1387 612 1453 no'uo.
1285 1425 1289 1434 -

325 1475 495 1568 Peregrini
521 1485 553 1546 et
577 1485 662 1548 totus
691 1478 856 1547 exereitus
889 1478 931 1546 in·
955 1474 1118 1558 Christum
1146 1483 1180 1544 ot
1207 1477 1238 1544 in
1262 1470 1382 1542 lanoean

277 1575 378 1667 ipsius
398 1573 556 1646 babentes
574 1573 737 1663 fiduciam,
755 1595 816 1668 per
833 1571 969 1662 debon,
994 1595 1059 1668 que
1085 1570 1294 1643 Tboiomaida
1310 1569 1384 1638 dice·

276 1669 381 1762 baton
398 1681 565 1744 venerunt
582 1671 771 1762 Cesaream.
803 1670 865 1743 Ubi
877 1693 949 1743 oum
962 1681 1089 1761 essem,
1101 1673 1262 1762 accipiunt
1276 1667 1383 1739 nolun-

276 1767 351 1840 bem
369 1770 537 1842 uolantem
555 1767 735 1861 demotum,
763 1767 936 1841 habentem
961 1769 1085 1842 litteras
1111 1772 1205 1860 regis
1237 1765 1383 1838 natam

276 1867 395 1958 ligatas
412 1869 499 1938 eirea
518 1889 569 1956 se,
587 1865 672 1938 bano
689 1871 883 1939 sententium
898 1871 1124 1938 continentes:
1151 1867 1225 1936 aaa
1242 1864 1383 1959 Aeoburot

278 1967 355 2035 duat
368 1967 659 2038 Ceooroeoolutem.
680 1967 855 2038 omnmo
866 1969 990 2036 annino
1006 1969 1097 2053 uenit,
1109 1983 1192 2054 uerte
1201 1965 1385 2033 munninio.

277 2069 394 2134 eontra
420 2081 501 2152 oum
520 2083 584 2152 per
610 2073 640 2134 te
663 2072 696 2134 et
712 2083 775 2153 per
802 2067 888 2135 etms
915 2067 1017 2153 tabem
1035 2072 1122 2136 mom
1140 2062 1288 2147 defende.
1318 2060 1383 2128 trien

276 2163 394 2232 nuntio
410 2165 487 2232 aliie
504 2164 696 2234 civitatibus.
746 2161 911 2233 Soldanus
933 2171 1041 2234 autem
1059 2159 1196 2255 Egypti.
1217 2163 1269 2254 qui
1297 2165 1384 2230 eontra

277 2257 456 2332 Soldanum
475 2257 516 2330 de
530 2259 665 2332 Perside
678 2258 870 2354 Christianis
885 2259 1040 2333 auxilium
1052 2261 1262 2352 promiserat,
1279 2259 1304 2329 si
1321 2256 1385 2324 nut-

277 2356 350 2427 liter
367 2368 480 2429 eontra
498 2379 572 2428 eum
590 2361 622 2428 in
634 2355 805 2428 obsidione
817 2355 990 2428 Antioobie
1003 2360 1212 2446 resisterent„
1232 2352 1383 2426 otliberuu

277 2475 449 2527 necessum
477 2457 507 2526 in
532 2452 714 2526 Ierusalem
738 2464 812 2548 post
840 2457 1009 2527 victoriam
1033 2458 1233 2550 premiserat
1258 2462 1289 2524 et
1313 2467 1383 2546 spent

277 2550 415 2624 dederat
440 2551 629 2646 paoidoandi
658 2575 730 2624 oum
761 2553 822 2640 ais,
850 2555 988 2626 mutavit
1005 2555 1202 2624 sententiam
1221 2547 1381 2624 eoncedeus

276 2647 395 2739 solumq
427 2649 511 2744 quod
538 2649 667 2723 dueemi
692 2651 747 2723 vel
776 2653 912 2722 trecenti
939 2653 1012 2726 sine
1037 2652 1137 2722 armis
1163 2653 1197 2720 in
1229 2645 1382 2720 Ieruseien

275 2749 371 2840 irent,
401 2757 434 2818 et
454 2747 537 2820 iacta
563 2752 709 2820 oratione
738 2759 811 2841 post
835 2759 903 2820 tres
934 2746 1005 2819 dies
1029 2747 1183 2820 redirent.
1220 2745 1309 2835 Quod
1329 2761 1383 2813 eun

276 2844 445 2917 audissent
463 2844 605 2917 barones
618 2858 653 2917 et
668 2849 848 2936 exereitus
864 2845 1082 2917 vehementer
1096 2844 1256 2938 indignati
1272 2861 1384 2915 mman-

275 2939 439 3013 daverunt
456 2945 486 3014 ei
504 2965 565 3037 per
582 2947 710 3015 nuntios
729 2947 813 3031 eius,
840 2941 925 3037 quod
947 2945 1008 3038 ipsi
1026 2965 1142 3016 omnes
1161 2948 1276 3015 armati
1294 2948 1381 3012 cenna

275 3040 567 3112 eiusvoluntatem
597 3045 682 3112 irent
706 3051 739 3111 et
771 3039 813 3110 ibi
838 3051 1030 3112 manerent·
1055 3041 1168 3114 Sotuta
1201 3062 1284 3134 ergo
1310 3035 1383 3110 obsi·

274 3133 373 3208 dione
405 3140 543 3211 civitatis
573 3139 790 3232 Tripolitana„
830 3141 961 3211 iverunt
998 3160 1116 3212 omnes
1151 3138 1191 3210 ud
1228 3135 1382 3214 Ierusalem

274 3232 497 3306 obsidendam.
546 3236 588 3307 Et
617 3233 790 3308 obsessam
816 3247 975 3330 oeperunt
999 3259 1086 3310 anno
1120 3235 1161 3308 ab
1184 3235 1381 3310 incarnatione

275 3329 394 3403 domini
429 3333 602 3406 millesimo
632 3336 851 3425 nonagesimo
883 3343 990 3424 nono„
1024 3335 1146 3430 elapsis
1181 3333 1281 3406 tribus
1309 3329 1380 3401 anob

275 3451 293 3498 a
323 3439 470 3523 tempore
496 3455 560 3527 quo
583 3453 681 3503 oruee
706 3434 828 3524 signati,
859 3432 901 3501 de
928 3431 1066 3504 Franoia
1099 3436 1302 3528 arripuerunt
1327 3429 1380 3495 itt·

275 3524 413 3598 sedente
440 3530 471 3598 in
503 3528 584 3600 sede
614 3529 762 3600 Romana
796 3527 942 3601 seeundo
970 3529 1133 3622 Gregorio
1163 3553 1265 3627 papa,
1295 3531 1380 3616 impt-

273 3635 367 3695 rante
390 3628 422 3697 in
448 3627 620 3698 Alamania
649 3624 948 3720 mauriennam,
973 3631 1004 3698 in
1028 3627 1303 3724 Constantinopoli
1327 3627 1379 3692 in·

273 3734 410 3815 parante
435 3723 570 3813 Alexim
594 3727 625 3794 in
652 3745 759 3816 regno
786 3723 924 3795 Franoie
957 3737 1120 3817 regnante
1143 3725 1305 3821 Ptyttppo.
1350 3713 1378 3784 Ei

145 3874 148 3880 .
275 3819 393 3892 eodem
414 3843 513 3910 anno,
533 3843 595 3917 quo
613 3824 730 3894 eivitas
749 3831 841 3915 eapte
853 3832 916 3912 est
935 3820 1377 3912 baronesexereitusrogttt¹¹¹

275 3915 569 3990 ierosolimitanum
589 3921 751 3990 eommuni
770 3940 936 3992 consensu
954 3917 1115 3993 dedemnt
1139 3919 1301 3993 Gotiiredo
1323 3909 1377 3985 dud

274 4013 474 4108 Lotonn'gta
496 4020 548 4110 qui
566 4020 651 4087 inter
667 4038 784 4087 omnes
802 4017 884 4089 alios
902 4015 1044 4091 barones
1062 4023 1094 4090 in
1111 4024 1251 4112 negocio
1268 4021 1321 4090 isto
1335 4015 1377 4080 iu·

274 4123 393 4184 ventus
409 4126 467 4188 'est
495 4113 626 4207 probior
653 4123 686 4186 et·
716 4111 851 4187 fidelior.
903 4115 1094 4212 Eodemmw
1124 4131 1211 4190 enno
1239 4105 1375 4210 sequani.

274 4210 397 4282 seilicet
429 4211 600 4284 millesimo
625 4215 823 4310 centesimo7
846 4211 1019 4288 deiunotus
1045 4225 1104 4288 est.
1149 4215 1192 4287 Et
1214 4213 1374 4292 substitue
