3014 4822
283 282 357 360 tao

281 622 493 698 ANNALES
504 621 910 698 TEUTONICORUMIN
923 621 1155 698 Mnussune.
1184 622 1399 697 1190-1290.

766 791 929 804 *Ψ-

329 893 492 970 Noverint
508 917 657 970 universi
674 906 707 966 et
723 895 845 987 arugah
861 891 979 966 Obnstr
996 891 1114 967 fideles
1140 903 1329 990 presentem
1344 916 1402 990 pa-

280 993 393 1084 giuam
409 995 599 1088 inspecturi,
623 991 708 1088 quod
726 1014 813 1064 anno
837 990 959 1063 domini
976 991 1168 1066 melum.
1188 988 1249 1066 sub
1266 993 1403 1064 sanctis-

280 1091 365 1164 simo
381 1094 415 1162 in
433 1089 562 1166 Christo
586 1102 679 1186 patre
703 1101 737 1161 et
759 1088 902 1175 domine.
927 1087 1057 1161 domino
1076 1087 1244 1162 celestino
1268 1109 1352 1184 papa
1367 1087 1403 1158 iii.

281 1195 315 1260 et
331 1189 365 1260 in
381 1187 531 1260 Romano
548 1191 686 1282 imperio
703 1191 884 1281 imperante
895 1183 1040 1258 ilenrico
1058 1210 1091 1258 v.
1109 1190 1230 1281 incepit
1245 1180 1327 1256 ordo
1343 1205 1404 1256 ve-

280 1282 437 1359 nerabilis
455 1285 565 1358 militie
581 1283 679 1358 beate
691 1283 797 1356 Maria
813 1281 1091 1357 Hierosolimitaui
1109 1281 1277 1378 hospitalis
1295 1282 1405 1357 domus

278 1379 471 1472 Teutonico,
488 1381 573 1478 qarod
588 1405 649 1477 per
666 1406 760 1456 suam
777 1382 1001 1454 strenuitatem
1015 1389 1048 1452 et
1063 1383 1231 1474 insignem
1241 1381 1404 1454 vicmriam

279 1499 321 1548 aa
338 1482 388 1552 sui
406 1484 578 1572 sanguinis
602 1480 797 1554 effusionem
819 1499 880 1574 pre
899 1475 1047 1548 crustu
1064 1481 1197 1550 nomina
1221 1475 1406 1548 catholicam

280 1583 314 1645 at
331 1586 477 1649 sanctam
494 1587 632 1648 matrem
650 1579 826 1652 ecclesiam
850 1572 1077 1668 amplificando
1095 1584 1206 1646 contra
1224 1573 1405 1644 sarecenos

278 1674 312 1742 in
329 1671 458 1764 Prusia,
480 1673 619 1746 Livonie
633 1698 675 1748 ac
692 1671 867 1746 Curiandie
890 1667 1035 1764 partibus
1060 1669 1239 1744 debellavit
1260 1681 1294 1742 et
1316 1674 1406 1742 etiam

278 1769 409 1844 cottidie
432 1769 628 1844 debellando
651 1775 777 1846 insistit.
815 1769 999 1862 Eapropter
1023 1770 1220 1843 sanctissimi
1244 1779 1356 1862 patres
1377 1776 1407 1835 et

279 1869 397 1938 summi
407 1863 547 1940 Romani
564 1867 735 1962 pontifices
747 1891 792 1940 ex
802 1863 912 1940 divine
930 1868 1037 1955 gratie
1052 1865 1257 1958 providentia
1276 1877 1312 1936 et
1326 1861 1406 1934 bea-

277 1970 384 2034 torum
402 1964 489 2037 Patri
506 1975 540 2036 et
552 1964 645 2037 Pauli
662 1965 884 2060 apostolonun
901 1963 1092 2034 auctoritate
1109 1966 1188 2056 ipsis
1206 1963 1326 2034 collata
1342 1963 1405 2033 suis

277 2055 409 2132 indultis
426 2061 595 2136 favoribus
612 2063 802 2156 largissime
818 2059 962 2132 inclinati
978 2059 1117 2153 provide
1129 2071 1162 2132 et
1172 2059 1309 2132 multum
1327 2081 1406 2151 gra-

121 2171 123 2176 ’
276 2157 363 2228 tiose
384 2157 552 2232 libertates
570 2170 604 2232 et
625 2159 847 2252 indulgentias
873 2158 1025 2249 copiosas
1046 2156 1167 2228 dictum
1190 2155 1339 2228 cinnum
1355 2153 1407 2226 vel
1484 2209 1485 2234 1

278 2249 475 2330 dominicum
491 2255 643 2338 ordinem
660 2258 912 2350 perlusuarunt,
936 2262 972 2324 ut
988 2275 1032 2327 ex
1049 2254 1168 2326 eodem
1185 2251 1307 2326 Christi
1324 2252 1406 2326 iide-

279 2345 365 2426 libus
395 2357 598 2426 incrementa
625 2359 780 2428 virtutum
813 2360 977 2445 augerent
1002 2361 1036 2424 et
1062 2352 1204 2424 salutem
1230 2353 1406 2424 animarum

280 2466 416 2522 suerum
432 2450 565 2524 uberius
584 2461 876 2548 consequerentur.
1483 2531 1484 2536 Ἰ

328 2545 431 2620 Anno
453 2548 574 2622 domini
597 2551 817 2622 mccxxxiii.
847 2547 916 2640 [iul.
932 2544 997 2638 30]
1022 2551 1153 2624 occisus
1177 2557 1230 2622 est
1251 2548 1407 2640 magister

280 2639 467 2720 Conradus¹
487 2646 610 2718 ordinis
627 2647 881 2719 Pradicatorum.

329 2741 431 2816 Auno
446 2744 567 2816 domini
584 2747 782 2820 mccxsxi.
800 2742 879 2815 obiit
894 2740 990 2816 beata
1008 2741 1187 2819 Elisabeth.
1366 2821 1370 2826 ,

327 2838 428 2913 Anno
455 2841 575 2914 domini
600 2843 820 2914 mccsxxiii.
845 2852 1004 2935 ceperunt
1027 2839 1174 2915 habitare
1196 2843 1230 2912 in
1250 2837 1407 2928 hlerburg

279 2929 400 3011 fratres
418 2937 535 3012 domus
553 2939 741 3012 Teutonico.

328 3032 429 3109 Anno
446 3036 566 3108 domini
583 3055 796 3110 masma.
814 3037 954 3130 positum
973 3047 1031 3110 est
1050 3037 1299 3109 fundamentum
1315 3034 1405 3106 huius

279 3129 423 3206 ecclesie
440 3143 582 3226 augusto
597 3136 632 3204 in
649 3135 763 3226 vigilia
781 3135 1013 3228 assumptionis
1029 3134 1135 3206 Marie
1152 3135 1306 3225 virginis.

310 3228 428 3304 ¹Auno
445 3231 565 3302 domini
583 3233 806 3304 uicemvi.
824 3231 980 3302 uanslata
999 3241 1050 3306 est
1067 3230 1163 3302 beata
1180 3227 1361 3304 Elisabeth.

328 3327 428 3401 Anno
446 3329 567 3400 domini
582 3329 721 3400 mcexl.
742 3326 884 3419 [iulet]
905 3325 982 3400 obiit
998 3329 1099 3402 irater
1110 3325 1285 3404 Comedus
1301 3347 1407 3423 pron-

279 3419 354 3498 dttm
370 3424 588 3518 laudgravius
604 3429 764 3518 magister
778 3425 903 3498 ordiris
921 3423 1206 3500 Theutonicorum.
1299 3485 1305 3493 .

327 3521 429 3596 Auno
445 3521 566 3596 domini
583 3523 814 3596 mcelmiii.
828 3521 959 3594 kalend.
978 3526 1054 3596 maii
1064 3522 1248 3596 dedicatum
1258 3523 1322 3595 brit
1334 3541 1407 3594 mo-
1480 3541 1481 3582 1

277 3623 458 3694 merium
472 3618 570 3692 beate
585 3619 755 3694 Elisabeth
771 3622 805 3690 in
822 3619 991 3712 Merpurg.

325 3717 428 3790 Anno
444 3716 566 3790 dorniui
582 3717 794 3792 maclam
805 3715 935 3790 kalend.
948 3719 1023 3788 maii
1033 3715 1217 3790 dedicatum
1235 3719 1296 3792 luit
1314 3737 1407 3792 sum·

277 3835 367 3888 mum
384 3815 497 3888 altare.

332 3967 361 4032 1)
380 3963 486 4021 Conrad
505 3980 560 4022 von
578 3961 778 4037 turbanter
796 3961 929 4022 tetrante
947 3961 1147 4024 ketrerriehtsr.
