2982 4824
300 251 479 314 monnone
497 252 689 314 sionensis]
707 254 815 312 ansel
833 251 1075 312 menstrosam
1177 251 1249 331 669

116 433 324 520 premieres,
341 433 461 518 reliqui
476 450 554 502 nero
563 451 599 503 se
608 433 657 500 ad
670 429 749 520 sape
761 433 943 520 presidium
960 437 1177 502 mortemer
1193 437 1254 502 nat

119 529 163 601 ab
180 530 420 616 insequentibus
435 539 510 600 sumt
525 532 646 600 betoni
659 539 719 598 aut
733 533 768 598 ire
782 531 881 614 tuoto
898 532 1071 600 ediaoemte
1084 529 1249 598 submersi.

118 627 250 698 tumor
274 630 376 718 igilur
391 635 499 698 amira
513 629 657 712 fidelitas
674 635 707 698 et
720 630 768 696 ad
783 630 898 698 laudes
921 635 1077 718 assurgat
1091 629 1250 716 altissimi,

118 728 178 810 qui
193 725 288 796 nobis
303 745 365 795 suo
381 728 610 796 misericordia
627 727 668 794 de
687 725 777 795 boste
793 733 905 796 nostro
919 735 952 796 et
966 727 1097 813 imperii
1117 724 1251 814 publiea

118 824 288 892 turbatore
317 825 408 896 dedit
441 826 611 896 mariam
638 831 671 894 et
694 842 754 894 mos
782 826 953 896 demraoit
975 823 1115 905 rumice
1140 825 1251 911 gloria

117 921 318 1009 triumpbalt.
443 940 445 944 ’

120 1037 121 1040 ’
166 1018 329 1105 Quoniam
351 1021 444 1110 regis
461 1017 599 1090 Bnenrie
616 1015 725 1089 0taroi
751 1016 972 1092 miserabilem
997 1039 1112 1090 oneum
1128 1037 1251 1090 narra-

118 1119 229 1188 vimus
241 1126 275 1187 et
285 1138 384 1210 supra
402 1126 549 1210 temporo
566 1117 659 1209 primi
670 1115 804 1188 Henriei
821 1119 1026 1210 inperatoris
1037 1112 1080 1186 de
1090 1113 1251 1210 Spingrrei

117 1211 213 1286 tuos
223 1212 421 1286 Boemornm
432 1217 653 1287 ooovareione
664 1213 707 1284 ad
719 1211 817 1285 iidem
829 1214 934 1308 alique
952 1215 1131 1306 tetigimus,
1148 1232 1251 1306 opere

119 1313 260 1404 pretium
276 1310 431 1400 iudicavi
448 1309 610 1405 aliquado
628 1314 738 1384 istorio
752 1311 951 1384 Boemorum
968 1331 1106 1406 ponere,
1123 1314 1157 1382 in
1173 1312 1251 1404 qni-

119 1405 183 1480 bus
201 1416 235 1478 et
251 1409 405 1502 exempla
423 1411 602 1484 sanotitetie
620 1419 652 1480 et
676 1409 803 1482 seelera
828 1411 1000 1502 impietatis
1019 1416 1052 1480 et
1068 1408 1176 1482 iuditia
1195 1407 1251 1478 di-

118 1508 200 1578 vine
212 1509 400 1580 severitatis
414 1506 557 1596 elamat
574 1529 672 1600 quam
681 1511 839 1600 ystoriam
849 1505 1060 1578 Boemonrm¹
1075 1508 1109 1578 in
1120 1509 1252 1580 enom

117 1603 228 1694 Praga
248 1604 326 1696 legi.

168 1701 314 1795 Antiqno
332 1711 480 1796 tempore
496 1712 583 1774 terra
602 1703 657 1774 illa
674 1713 770 1776 vasta
788 1713 821 1774 et
836 1702 902 1775 leto
919 1722 986 1774 non
1003 1723 1063 1795 per
1079 1703 1171 1776 viros
1189 1698 1251 1774 sed

118 1819 180 1892 per
195 1799 352 1872 mulieres
369 1797 556 1890 regebatur.
581 1799 678 1872 Unde
694 1798 849 1889 aretino,
867 1798 952 1894 quod
971 1797 1011 1871 eb
1024 1797 1250 1872 Amazonibus

118 1893 373 1972 deseendorunt
399 1897 545 1968 Fuerunt
567 1907 677 1968 autem
700 1899 755 1972 illo
778 1901 811 1969 in
837 1908 985 1991 tempore
1008 1907 1076 1972 tres
1103 1917 1251 1986 sorores,

118 2016 185 2087 que
202 1991 333 2066 domine
350 2005 438 2066 terre
455 1995 542 2068 illiue
559 2006 665 2086 eraut,
686 2017 752 2068 non
770 1997 877 2068 solum
896 2004 984 2068 etate
1000 1994 1164 2084 bisonem„
1190 1991 1252 2068 sed

118 2094 219 2164 etiam
242 2090 462 2184 singularibus
480 2095 701 2188 prerogativis
724 2093 856 2184 singule
873 2091 1139 2187 resplendebant
1165 2090 1251 2166 Nam

117 2192 225 2261 maior
242 2188 367 2262 erudita
390 2193 423 2262 in
446 2191 624 2283 astrologia
650 2188 818 2261 dicebatur
840 2189 948 2260 futura
971 2187 1154 2283 predioero.
1180 2190 1251 2262 Se-

117 2285 226 2358 onndo
244 2290 381 2360 virtutes
408 2285 559 2360 orbarum
585 2298 619 2360 et
635 2297 769 2360 naturas
792 2309 904 2358 rerum
928 2307 1070 2360 noscere
1093 2284 1251 2381 prodinu-

115 2381 223 2456 batnr.
249 2385 358 2458 Tertia
376 2407 460 2458 vero
483 2389 682 2477 morigerato
698 2387 732 2456 in
756 2381 907 2458 omnibus
925 2383 1064 2456 naturali
1080 2381 1252 2476 prudentio

116 2480 332 2576 preminebat
359 2481 456 2555 Unde
472 2486 557 2555 inter
578 2480 803 2556 dieoordantes
826 2479 976 2554 ferebant
998 2483 1192 2570 sententiasa
1218 2488 1252 2552 et

116 2577 162 2649 de
179 2578 240 2652 hiis
259 2603 323 2674 que
333 2579 375 2652 ad
391 2581 468 2654 litee'
483 2578 689 2675 pertinebant
707 2590 740 2652 et
755 2583 807 2652 ius
824 2590 857 2650 et
874 2581 982 2650 omnia
999 2575 1252 2650 deoernebeut.²

115 2675 250 2752 Aooidit
271 2689 380 2750 eutem
390 2689 425 2749 ut
434 2681 519 2751 inter
535 2677 694 2772 quosdam
710 2676 839 2748 nobiles
857 2675 899 2746 de
917 2674 1110 2770 quibusdam
1128 2673 1251 2748 iuribus

115 2795 231 2846 eoram
248 2778 448 2870 prinoipissis
466 2777 536 2848 istis
555 2779 681 2869 questio
698 2783 909 2861 moveretur3
932 2772 1080 2869 datisque
1104 2775 1250 2845 terminis

116 2881 153 2943 et
170 2870 286 2944 auditis
304 2871 467 2962 omnbus,
485 2895 548 2966 quo
566 2871 697 2964 singule
714 2883 825 2966 partos
842 2893 902 2965 pro
920 2893 959 2944 se
977 2891 1163 2965 proponere
1182 2891 1251 2942 vo-

115 2967 262 3060 luerunt,
289 2968 361 3042 dies
387 2973 557 3062 assignata
585 2980 648 3058 est
676 2973 709 3041 in
736 2992 800 3064 qna
828 2971 990 3041 sententia
1017 2967 1250 3061 profereretur.

1 3139 2 3146 ἵ
117 3063 329 3140 Conveniunt
346 3089 430 3158 ergo
447 3077 558 3160 partes
576 3065 618 3138 ad
635 3069 838 3158 assignatam
853 3063 939 3135 diem
957 3087 1031 3137 oum
1049 3065 1262 3136 mrdtitudino'

116 3166 263 3236 maxima
279 3162 434 3236 nobilium
445 3175 543 3236 terre.
562 3165 758 3257 Pmneipisso
770 3184 866 3254 ergo,
886 3161 1036 3256 adquam
1054 3164 1249 3234 santernam

116 3259 303 3356 pertinebat
318 3259 481 3355 proferre,
504 3283 573 3332 non
589 3259 712 3334 sedens
730 3263 763 3331 io
782 3269 876 3331 mono
895 3261 969 3332 sive
987 3257 1070 3331 sede
1096 3256 1250 3346 iudiciali,

116 3356 180 3432 sed
197 3380 257 3453 pre
273 3357 491 3432 teneritudine
508 3381 569 3432 ene
594 3357 795 3431 delibationis
818 3360 932 3430 iaoens
949 3359 983 3428 io
999 3354 1086 3428 leoto
1102 3357 1249 3450 repetitis

115 3455 177 3526 vel
193 3456 338 3545 nolentis,
357 3477 421 3550 qne
435 3460 468 3528 in
484 3456 682 3547 allegatione
701 3458 839 3549 partium
856 3463 928 3526 note
945 3454 1087 3544 fuerant,
1107 3463 1249 3526 senten·

115 3555 195 3624 tiam
212 3554 344 3647 protulit
359 3556 487 3627 iustam.
519 3552 587 3624 Sed
605 3555 679 3646 quia
696 3554 730 3623 in
747 3551 864 3626 salbus
881 3573 1025 3626 neeesse
1043 3560 1096 3624 est
1112 3550 1249 3622 alterum

115 3651 257 3742 partium
273 3660 428 3745 reputare
445 3648 505 3722 sibi
523 3653 719 3724 sententiam
737 3652 979 3742 ingravamur,
996 3669 1087 3740 para
1104 3668 1168 3740 qne
1186 3666 1248 3719 suo

115 3744 228 3818 iuditio
252 3769 291 3820 ee
317 3757 491 3838 gravatam
516 3745 660 3841 pambas,
683 3745 893 3838 indignanter
917 3747 1063 3838 prorupit
1085 3746 1119 3814 in
1144 3738 1250 3816 verba

116 3853 334 3938 oonmmptus.
367 3846 462 3934 ane,
486 3847 598 3940 munit,
624 3848 733 3932 ostri,
757 3847 792 3914 in
818 3851 940 3932 promto
966 3841 1141 3929 obprobrio
1165 3843 1249 3910 ieter

114 3949 245 4012 moras
260 3950 370 4032 emtas
386 3946 562 4032 mairam,
583 3945 770 4016 tedmarum
786 3961 810 4010 o
825 3939 964 4026 seminis,
982 3946 1134 4026 mmoqae
1151 3940 1198 4008 eis
1214 3939 1250 4006 lu

114 4040 295 4128 obprobrio
310 4060 428 4130 sumas,
445 4047 482 4112 at
494 4045 594 4112 diem
611 4059 724 4112 eoram
741 4039 887 4110 ommibus
900 4037 1061 4106 nobilibus
1078 4044 1171 4125 terre,
1190 4053 1251 4112 aba

115 4182 202 4323 wip
217 4185 336 4314 {ipsosne
359 4157 453 4244 coroa
471 4186 631 4244 Boemomm
651 4185 669 4242 1.
687 4185 749 4242 o-t.
768 4183 799 4242 bi.
819 4184 850 4242 G.
870 4183 917 4240 SS.
936 4183 970 4252 9,
988 4181 1024 4236 et
1042 4159 1068 4236 ii.
1105 4180 1136 4252 2)
1155 4181 1252 4238 deeor-
