2904 4822
260 221 309 294 44
590 215 765 276 numatam
779 213 824 272 DE
838 213 1101 274 ntussttttttovtttt.

178 406 248 466 ¹³44
261 415 344 488 papa
373 389 528 464 Clemens
555 393 600 462 vi.
627 393 765 464 nuncios
792 389 960 464 ludewici
986 393 1041 486 qui
1070 389 1296 464 veneruntad
1327 413 1395 464 cu-

260 496 343 563 n'am
360 501 396 562 ut
412 512 512 584 supra
529 489 648 562 dictum
666 499 730 580 est
747 493 861 561 vocari
876 492 972 562 iussit
981 513 1045 561 una
1057 511 1131 560 cum
1140 487 1318 584 Delphina
1340 494 1394 584 qui

260 589 319 660 luit
336 611 477 680 magnus
501 591 654 683 princeps
679 598 713 659 ct
730 587 880 660 dominus
903 592 937 658 in
953 584 1115 660 montibus
1132 589 1223 658 iuxta
1240 590 1395 660 comitem

260 684 436 774 Sabaudiet
461 695 494 756 et
516 689 783 777 consanguineus
807 684 942 779 predicti
957 685 1138 774 Ludewici5
1163 685 1204 754 ad
1227 683 1394 778 publicum
1445 775 1446 780 Ἰ

260 787 501 872 consistorium,
519 783 603 877 quod
621 782 765 876 predicta
783 783 836 854 die
852 781 962 855 habuit
978 787 1011 853 in
1029 805 1089 855 suo
1106 782 1225 877 palatio
1242 783 1395 854 Avinio-

258 885 368 972 nensi
385 879 439 952 ubi
456 880 673 952 interfuerunt
689 882 798 953 alerici
816 891 849 952 et
865 880 961 974 layci.
978 880 1021 953 Et
1030 879 1072 952 ibi
1082 881 1150 972 legi
1162 880 1238 952 lecit
1246 902 1395 974 prooes-

195 1005 197 1010 ·
260 1001 318 1054 sus
335 977 1395 1073 lactosperpapamlobannemxxii.conuaLudewioumpredic-

258 1075 1395 1172 tum.Etpredictinunoiihabentcssuperbocprocuratoriasufficien-

257 1178 301 1247 tia
313 1173 719 1268 submiseruntpredictum
729 1173 942 1246 Ludewicum
952 1172 1055 1246 libere
1073 1177 1192 1265 gratie¹
1212 1173 1395 1268 apostoliae

259 1272 350 1344 sedis
368 1283 402 1342 et
418 1269 567 1342 iurabant
583 1271 669 1365 quod
680 1271 829 1344 dominus
841 1275 986 1365 ipsorum
996 1269 1144 1342 obediret
1155 1270 1317 1342 mandatis
1329 1293 1395 1342 ec-

139 1427 144 1441 .
261 1369 371 1442 clesic.
395 1368 433 1439 ln
458 1368 576 1440 eodem
599 1373 705 1441 eciam
723 1372 916 1441 consistorio
934 1367 1198 1462 archiepiscopus
1215 1367 1395 1459 Magrmti-

259 1468 372 1538 nensis
395 1470 527 1537 nomine
544 1466 718 1539 Heinricus
746 1489 805 1559 per
823 1488 901 1539 suos
920 1477 1147 1559 procuratores
1166 1464 1206 1536 ad
1222 1463 1288 1536 hoc
1304 1470 1395 1538 mis-

259 1586 316 1636 sos
335 1563 483 1636 submisit
499 1585 538 1635 se
555 1568 668 1654 gracie
686 1565 864 1659 apostolice
875 1564 977 1654 sedis,
994 1575 1150 1658 presente
1161 1561 1395 1654 rege²Bobe-
1445 1565 1446 1650 J

258 1665 336 1749 mie‚
353 1660 484 1734 Delfino
502 1673 536 1731 et
552 1661 624 1734 aliis
642 1684 740 1756 supra
752 1655 924 1733 nominatis
935 1665 1063 1733 nunciis
1075 1661 1209 1755 predicti
1219 1659 1395 1734 liudeuioi

258 1781 394 1854 quorum
412 1762 668 1853 procuratorium
686 1759 851 1833 sufficiens
869 1782 929 1852 per
945 1782 1063 1853 papam
1074 1768 1107 1828 et
1118 1757 1303 1830 cardinales
1321 1780 1395 1830 ex-

257 1858 316 1927 titit
339 1856 525 1946 iudicatum,
550 1859 603 1950 qui
627 1861 733 1927 eciam
743 1860 936 1928 iuraverunt
944 1878 1004 1951 pro
1016 1856 1146 1928 domino
1158 1878 1218 1928 suo
1228 1854 1394 1950 predicta„
1445 1879 1446 1882 ’

259 1951 344 2046 quod
361 1952 511 2026 omnibus
529 1977 589 2049 per
607 1976 683 2025 eum
699 1955 780 2024 lesis
792 1953 917 2026 faceret
927 1964 1160 2047 competenter.
1258 1952 1395 2024 Bonum

256 2052 380 2120 initium
403 2055 478 2122 anni
502 2050 637 2145 predicti
665 2061 698 2122 ct
720 2056 753 2122 in
781 2061 928 2144 tempore
951 2061 985 2123 et
1006 2056 1039 2122 in
1057 2052 1160 2123 lactis.
1211 2049 1298 2122 Nam
1315 2073 1394 2121 curn

257 2169 378 2238 magna
395 2150 623 2243 tranquillitate
640 2151 759 2242 incepit
776 2159 809 2218 et
824 2169 885 2242 per
902 2152 1009 2219 omnia
1026 2150 1249 2242 temporaliter
1266 2169 1306 2218 se
1322 2147 1394 2218 ba·
1445 2175 1446 2178 ¹

255 2239 334 2332 buit
352 2245 440 2316 unde
458 2256 492 2316 et
509 2249 650 2334 caustis,
669 2269 732 2340 que
750 2268 811 2338 per
826 2247 905 2317 xliii.
930 2267 1050 2318 annum
1068 2245 1304 2338 precedentem
1321 2243 1394 2314 du-

254 2352 400 2431 raverat,
417 2347 451 2414 in
468 2364 554 2414 anno
572 2347 728 2437 presenti,
746 2341 996 2415 advenientibus
1014 2347 1111 2415 novis
1121 2341 1293 2430 fructibus„
1311 2363 1395 2413 om·
1445 2433 1446 2438 ἵ

255 2441 332 2509 nino
350 2443 509 2529 cessavit,
526 2451 560 2510 et
577 2443 625 2512 sio
642 2463 747 2512 armus
765 2463 839 2511 cum
856 2437 942 2510 bono
967 2449 1113 2535 ternpore
1137 2451 1170 2510 ct
1191 2439 1394 2510 habundatia

256 2538 325 2607 uini
349 2547 381 2606 et
403 2537 556 2607 frumenti
573 2536 655 2609 ultra
674 2559 769 2632 quam
793 2547 940 2630 tempore
957 2541 1114 2610 messium
1133 2535 1328 2630 sperabatur
1347 2559 1395 2608 ex
1445 2567 1446 2572 ¹

258 2630 344 2703 dono
361 2632 521 2722 altissimi,
538 2637 679 2727 peractis
697 2644 806 2705 umen
824 2635 907 2704 infra
926 2638 1067 2728 scriptis,
1085 2634 1274 2727 compleor.

258 2913 308 2980 Da
326 2913 491 2980 croatiouc
508 2913 646 2980 duorum
663 2913 899 2998 cardinalium
918 2914 958 2980 dc
969 2913 1109 2980 adoratu
1119 2913 1237 2980 lt'aroli
1250 2910 1317 2992 fitia·
1334 2931 1396 2982 ra·
1445 2905 1446 2916 ’

352 3012 404 3096 pis
420 3009 572 3077 Bobemie
589 3011 624 3076 r'u
640 3011 787 3078 Aotrctou.
805 3017 838 3077 ct
852 3011 1012 3094 quomodo
1024 3009 1163 3077 obticuit
1177 3009 1265 3094 quod
1281 3014 1396 3079 cccle-

352 3106 587 3194 sr'aPrapcasis
599 3105 890 3193 arcbtcpisaopalts
904 3107 1011 3190 fiebat,
1030 3109 1168 3175 ccclesia
1185 3125 1261 3175 acro
1286 3107 1329 3176 W
1326 3111 1396 3177 iss-

352 3206 507 3292 puiteusts
523 3201 616 3286 sacta
633 3211 681 3270 cat
695 3203 904 3290 ballematia,
922 3223 984 3290 aaa
995 3207 1092 3291 prius
1106 3204 1172 3288 fuit
1186 3207 1397 3294 aduocatam,-

354 3303 515 3388 puomodo
543 3301 708 3369 Ludeutci
736 3303 848 3369 uuucti
869 3303 939 3370 stuc
962 3303 1167 3388 capacitiouc
1196 3303 1396 3390 radicarent,

354 3408 387 3468 ct
401 3417 499 3485 quam
509 3417 643 3467 causam
661 3401 886 3486 tmpedtctouis
901 3397 974 3481 fora
991 3399 1224 3468 arbitrabatur.

305 3535 343 3606 In
360 3531 505 3630 predicto
531 3535 634 3602 eciam
660 3552 746 3601 anno
763 3529 918 3600 videlicet
934 3533 964 3601 ii.
983 3531 1056 3604 idus
1073 3535 1186 3603 marcii
1202 3554 1287 3626 papa
1307 3533 1396 3605 Cle-

125 3647 128 3655 “
259 3653 354 3705 mens
378 3634 423 3701 vi.
454 3627 536 3700 duos
561 3627 744 3700 cardinales
770 3632 899 3702 creavit
915 3627 957 3697 de
975 3631 1044 3701 suis
1063 3633 1333 3721 consanguineis.
1354 3631 1398 3702 Et
1445 3651 1446 3656 ’

258 3728 376 3804 eodem
399 3748 515 3798 mense
539 3729 631 3796 venit
656 3726 697 3796 ad
722 3730 844 3796 curiam
872 3725 1013 3798 Karalus
1037 3729 1275 3820 primogenitus
1298 3732 1397 3820 regis

255 3829 413 3900 Bobemie
431 3827 641 3915 margravius
652 3822 803 3894 Moravie
816 3821 1106 3894 etacardinalibus
1117 3823 1297 3897 honorifice
1309 3849 1397 3897 sus-

257 3930 384 4019 cipitur,
408 3924 591 4014 mansitque
608 3923 641 3991 in
659 3923 748 3991 curia
766 3941 840 3991 cum
857 3943 940 4015 papa
959 3919 1143 4011 Clemente,
1166 3944 1185 3991 a
1204 3943 1267 4016 quo
1286 3926 1397 3995 eciam

260 4022 371 4116 sepius
388 4021 543 4090 muitatus
561 4028 625 4106 est
643 4041 717 4090 cum
735 4039 798 4112 quo
816 4022 920 4088 eciam
938 4017 1077 4112 quedam
1095 4029 1224 4089 secreta
1241 4026 1398 4092 mactarit

262 4120 386 4191 scilicet
402 4120 488 4188 inter
504 4114 566 4186 alia
584 4115 626 4186 de
643 4116 784 4188 ecclesia
795 4116 969 4205 Progenst
987 4137 1083 4210 quam
1093 4117 1190 4210 peciit
1206 4115 1398 4215 archicpis-

299 4247 328 4317 1)
347 4245 433 4320 gratia
451 4245 491 4301 bs.
527 4243 559 4314 2)
577 4244 637 4316 regi
654 4245 695 4301 bs.
