3036 4822
227 308 382 368 mitid!
394 308 573 368 nouunrlttt
585 307 735 368 1118011111
748 303 947 366 monstrt
960 307 1142 365 GOdleEGTA.
1180 307 1248 381 371

126 489 226 558 etan
242 483 407 560 iuhrioitns
418 487 585 558 visoemm
598 483 771 558 rooederet
782 481 823 555 ab
834 506 884 556 eo.
911 481 953 554 Et
966 485 1014 554 sio
1031 485 1117 554 oiroa
1135 483 1256 576 aliquot
1270 491 1336 549 tert
1484 505 1485 508 ¹

124 583 199 656 dies
224 586 385 656 exammis
408 581 547 671 iacebat,
573 583 680 654 donee
702 579 901 654 moriebatur
920 579 964 671 [†
982 579 1074 653 1371
1094 577 1160 652 feb.
1181 579 1255 671 121.

125 679 169 751 Et
186 680 275 752 idem
299 678 456 776 physicus
479 683 512 750 in
530 679 676 770 diogeno
700 681 759 752 fuit
781 679 979 773 prefocatus.
1015 679 1079 750 Hio
1094 677 1256 750 Geriaous

124 777 186 850 init
201 775 288 850 iilius
305 781 430 850 eomitis
441 774 572 850 Gerlaoi
583 777 625 848 de
637 777 784 850 Nossaw
794 787 828 848 et
838 787 910 848 erat
926 781 1011 850 mitis
1029 786 1063 847 et
1078 773 1256 868 benignus,

123 886 281 968 tantoque
297 876 356 947 fuit
372 876 559 964 clementie„
584 884 618 948 ut
635 899 653 946 a
673 879 741 948 suis
766 875 958 948 oonsiliariis
981 884 1157 966 regeretur
1175 875 1258 946 sieut

125 993 240 1068 puero
253 993 315 1044 suo
330 983 469 1046 reotore.
496 973 649 1061 (torono
662 975 686 1062 1,
709 974 790 1062 679,
808 977 868 1044 mit
881 977 1085 1062 weqiossunq
1100 991 1162 1042 oon
1179 973 1258 1042 nul-

126 1075 191 1142 tto
209 1113 255 1126 --
274 1073 403 1142 tondent
427 1073 622 1142 Wrirdtuot‘n
640 1072 673 1160 8,
692 1071 764 1141 394
785 1074 855 1142 aad
874 1079 961 1142 tonte
974 1109 1015 1122 -
1030 1077 1156 1141 rectore
1172 1069 1259 1141 auoit

175 1263 214 1338 in
230 1265 347 1338 diebus
360 1173 427 1338 dun
445 1267 508 1340 iliis
527 1277 597 1340 erat
615 1264 743 1362 quidam
755 1265 901 1340 deoanus
912 1266 1126 1358 Mogontinus
1138 1253 1258 1336 dona-

129 1366 218 1434 tione
234 1361 440 1436 Bavarorum
457 1363 753 1458 Bopardionsium.¹
790 1363 853 1436 Hio
870 1367 1047 1459 assumptis
1065 1362 1259 1458 quibusdam

126 1458 173 1532 to
189 1463 305 1533 minori
328 1473 423 1556 parte
445 1463 574 1556 capituli
592 1462 775 1554 Maguntini
791 1462 868 1533 ieoit
891 1465 1109 1556 perniciosam
1126 1459 1260 1534 disoor-

124 1557 215 1630 dinur
232 1557 388 1649 eligendo
405 1559 568 1653 quendam
585 1559 755 1650 Adolium
772 1557 1015 1648 utrumnum,
1041 1559 1149 1631 fratris
1167 1557 1260 1630 Ger-

126 1655 193 1730 laoi
214 1655 451 1751 arehiepisoopi
473 1656 678 1752 predeiimoti
704 1657 746 1728 de
762 1656 922 1746 Nasson,
944 1679 1083 1751 puerum
1105 1655 1262 1728 videlieet

127 1751 401 1842 oetotooemem
425 1754 570 1826 nondum
588 1753 745 1845 moribus,
762 1751 947 1826 obedientia
965 1765 1075 1826 tomen
1092 1751 1258 1826 imbutum.

127 1849 306 1924 Promissis
331 1850 589 1942 etmunentus,
617 1863 652 1923 ut
675 1851 801 1940 dieitur,
828 1851 963 1946 predicti
987 1852 1151 1926 oleotores
1175 1849 1260 1923 sub-

128 1953 245 2022 ormo.
284 1948 391 2020 linior
414 1959 524 2020 autem
542 1959 574 2019 et
591 1953 702 2021 senior
725 1971 802 2044 pars
821 1951 996 2041 elegerunt
1022 1971 1083 2020 ssu
1107 1950 1259 2044 postula-

129 2056 207 2116 runt
224 2045 394 2118 Cononem
413 2047 454 2117 do
471 2045 704 2118 Folokenstein
721 2045 1002 2141 archiepisoopum
1012 2047 1259 2118 narnensem.

130 2144 240 2230 (dono
254 2146 278 2232 1,
291 2145 377 2232 680,
395 2145 745 2235 transmissum.)

177 2237 234 2312 Ex
251 2263 314 2334 qun
331 2241 540 2314 dissensione
550 2263 671 2332 magno
690 2242 834 2335 perionis
845 2240 1092 2314 etinoommodo
1104 2245 1136 2312 in
1147 2240 1261 2313 arohi-

129 2336 896 2529 {institistisititttttttt
913 2361 1176 2530 stitit
1194 2359 1262 2506 tt:

130 2531 271 2606 sennua
287 2532 430 2606 hostium
447 2555 508 2608 seu
525 2537 715 2606 amisorum.
746 2535 992 2628 Unusquisque,
1016 2535 1069 2628 qui
1087 2533 1262 2627 prevaluit,

133 2629 233 2704 mun
251 2629 411 2724 spoliabat
427 2641 460 2746 et
475 2629 621 2724 fingebat.
648 2631 740 2746 iimo
752 2654 798 2704 ve
813 2628 964 2746 omnibus
982 2629 1174 2704 rurensihus
1192 2633 1263 2702 oir-

130 2727 1264 2942 mutatinumtuttntuutonutne

129 2921 1265 3116 1111111111111111111111111

130 3115 303 3190 confortati
321 3129 397 3190 sunt
413 3117 467 3190 filii
486 3120 686 3211 iniquitatum
702 3117 868 3212 predones
885 3129 1048 3211 ruptores,
1073 3121 1127 3212 qui
1144 3119 1262 3190 milites

130 3222 166 3284 et
185 3217 342 3306 armigeri
367 3216 444 3288 olim
467 3213 671 3303 dicebantur,
694 3213 875 3288 cuiusmodi
895 3219 1026 3287 nomino
1050 3224 1180 3308 portare
1198 3216 1264 3285 iam

130 3331 199 3382 non
216 3320 294 3384 sont
316 3311 415 3404 digni.
451 3313 494 3384 Et
511 3323 574 3386 tam
601 3311 707 3384 molus
726 3321 830 3385 status
847 3323 937 3384 ortus
957 3322 1009 3386 est
1024 3315 1057 3383 in
1076 3322 1162 3383 terra
1180 3314 1264 3384 siout

130 3407 223 3482 natta
249 3405 415 3482 hominum
439 3421 510 3482 etas
534 3419 662 3504 poterat
689 3409 892 3480 meminisse.
928 3407 1038 3498 (loon.
1058 3411 1083 3500 1,
1107 3410 1175 3482 681
1194 3411 1265 3480 mad

130 3505 301 3576 atreum
320 3517 390 3579 sota
409 3517 487 3579 tnnc
501 3553 540 3564 -
556 3510 708 3578 orddmm
728 3505 814 3578 auoit
835 3507 966 3578 Sotood
989 3507 1091 3600 327.)

183 3601 314 3694 [1371]
340 3603 512 3698 Mogomtio
536 3601 579 3674 ad
595 3603 799 3698 pontificatus
821 3603 950 3676 odmen
977 3615 1114 3676 evectus
1133 3613 1186 3677 est
1201 3601 1262 3674 Io-

131 3697 275 3790 hames,
299 3712 333 3774 et
349 3702 492 3796 quidem„
515 3703 568 3790 (ut
585 3699 735 3774 Misoeilo
754 3698 851 3772 modo
869 3700 953 3774 diota
970 3701 1127 3796 produnt)
1146 3721 1262 3772 menso

132 3799 230 3870 maro.
257 3799 366 3888 (roan.
378 3801 403 3892 1,
417 3799 519 3893 ooo.)

185 3893 368 3986 [lohannes
385 3896 665 3992 archiepiscopus]
685 3919 767 3990 puer
777 3893 934 3988 moribus„
952 3907 1076 3970 statura
1092 3915 1264 3990 procerus,

31 4057 33 4092 ζ
132 3995 305 4084 regiminis
322 3991 481 4066 inhabilis.
508 3996 658 4085 (Sodoob
677 3997 779 4088 327.)

31 4109 33 4116 '
186 4089 319 4182 [1371]
341 4090 379 4163 In
397 4091 452 4164 ilio
476 4101 622 4186 tempore
640 4090 704 4164 duo
722 4089 872 4164 monachi
888 4088 1011 4166 ordinis
1029 4089 1132 4164 saneti
1149 4085 1266 4164 sene-

133 4187 211 4264 dot
237 4197 270 4262 et
297 4192 487 4262 monasterii
514 4192 618 4262 sanati
640 4188 761 4264 Albani
786 4187 1049 4264 vulneraverunt
1076 4189 1109 4260 iu
1136 4189 1270 4262 civitate

190 4309 220 4382 1)
241 4309 274 4364 do
291 4309 424 4386 Bopardia
443 4310 623 4369 Wiurdtwaio.

994 4423 1053 4488 24*
