3010 4822
255 181 328 254 568
595 185 768 248 namucus
788 181 1041 246 aaaooaraosts.

173 361 239 425 ¹3⁶¹
306 361 387 438 ltem
418 365 536 437 eodem
567 387 653 436 anno
683 365 819 436 invaluit
853 365 967 436 iterato
999 365 1182 458 pestilentia
1215 361 1370 434 hviniona

259 487 392 554 magna,
410 467 452 534 ita
471 463 555 558 quod
574 487 592 534 a
613 463 698 534 festo
716 461 838 555 pasche
859 461 1022 555 usquead
1048 471 1258 557 pentecosten
1283 469 1313 529 et
1337 456 1371 528 ad

257 560 376 634 festum
396 559 504 632 lacohi
520 561 657 654 apostoli
675 558 896 631 moriebantur
912 557 1031 630 ibidem
1049 563 1134 630 circa
1152 555 1373 652 septemdecim
1454 576 1457 666 p

258 659 355 733 millia
374 657 552 747 hominum„
570 660 654 729 inter
672 679 754 752 quos
772 658 903 729 fuerunt
920 666 1049 729 centum
1067 659 1223 751 episcopi
1242 655 1375 749 atquin-
1455 673 1458 752 p

259 777 322 852 que
351 754 543 828 cardinales.
594 753 636 825 Et
660 778 704 826 ex
727 753 790 826 hac
821 758 924 826 maior
949 753 1007 826 fuit
1030 753 1216 849 desperatio
1238 757 1271 824 ia
1296 755 1375 824 curia
1456 761 1459 870 p

261 875 357 953 quarn
376 875 475 948 supra
493 853 534 923 de
552 853 735 949 pestilentia
754 876 817 948 que
834 852 894 924 sub
912 873 996 947 papa
1015 851 1196 926 Clemente.

307 952 388 1024 ltem
415 949 533 1022 codam
557 972 644 1021 anno
669 972 784 1022 mansa
813 947 977 1022 decembri
1007 949 1137 1045 quidam
1167 951 1209 1022 de
1231 954 1377 1023 societate

258 1050 450 1138 redeuntes,
467 1051 681 1142 prescriptam
700 1049 783 1120 clam
802 1047 961 1120 intrabant
985 1051 1149 1120 civitatem
1174 1049 1379 1126 Avtntonam„
1460 1063 1462 1154 p

259 1148 391 1224 tradere
411 1146 564 1218 volentes
583 1144 733 1216 eandem.
759 1147 904 1233 Quorum
922 1146 1018 1242 aliqui
1030 1145 1228 1240 deprehensi
1245 1147 1380 1217 fuerunt.
1461 1157 1463 1248 'p

260 1258 294 1322 at
310 1266 376 1317 nno
400 1242 454 1314 die
478 1243 594 1315 decem
621 1265 763 1337 persone
790 1245 822 1314 in
849 1243 950 1316 iluvio
978 1241 1140 1316 Rhodano
1164 1245 1332 1332 suffocate„
1354 1253 1381 1312 ct
1463 1278 1464 1348 p

260 1344 412 1415 undecim
438 1338 582 1436 patibulo
609 1364 782 1436 suspense.
834 1341 875 1412 Et
906 1345 954 1413 sic
980 1343 1073 1438 quasi
1100 1347 1253 1414 continue
1282 1340 1321 1412 ab
1347 1359 1382 1410 eo
1464 1380 1465 1436 p

259 1453 420 1537 tempora,
439 1461 503 1534 quo
520 1450 554 1509 ut
571 1461 669 1534 supra
688 1443 773 1534 cepit
790 1439 854 1512 hec
877 1443 1037 1528 societas,
1062 1443 1183 1512 orniam
1207 1441 1382 1512 Romanam
1465 1480 1466 1530 p

261 1539 426 1638 oppressit
442 1557 546 1632 usque
562 1537 604 1608 ad
619 1535 740 1608 obitum
760 1535 908 1611 eiusdem
925 1560 1020 1632 pape.
1058 1539 1119 1627 Qui
1138 1537 1285 1610 decessit
1303 1537 1384 1608 Avi-
1466 1579 1467 1616 a

262 1641 361 1710 nione
379 1655 465 1705 anno
483 1633 602 1706 domini
621 1634 812 1708 mccclxii.
833 1634 979 1706 secundo
997 1635 1069 1707 idus
1081 1634 1279 1728 septembris
1293 1637 1384 1726 [sapt.
1467 1679 1468 1718 a

263 1733 343 1828 12].Ι
360 1731 445 1830 quod
460 1731 518 1802 luit
535 1731 616 1806 feria
635 1731 779 1806 secunda
805 1742 881 1803 anta
897 1731 1017 1806 festum
1041 1731 1248 1808 exaltationis
1282 1741 1386 1806 sancte
1468 1782 1469 1794 .

263 1853 380 1906 cruore.

624 1981 918 1990 ...--.-.-—-·-.-..
935 1983 976 1988 ....
992 1983 1028 1989 ..-

207 2199 209 2205 ,
261 2135 946 2241 amanunmunnucaonoorcun
958 2137 1389 2217 wmmuauacanss.

262 2373 321 2436 lan.
363 2369 394 2433 4.
479 2373 508 2432 11.
524 2389 589 2434 oon.
604 2375 659 2434 tao.
676 2371 824 2434 lleinricus
845 2387 943 2432 comes
964 2371 999 2432 de
1020 2372 1223 2436 Rietcnburch.

283 2491 320 2502 -
345 2451 394 2514 15.
431 2455 510 2514 xviii,
528 2453 652 2515 hatich.
678 2454 824 2515 Conradus
847 2453 935 2514 abbas
957 2453 991 2514 dc
1014 2452 1134 2514 llanse.¹

285 2574 321 2585 -
346 2534 394 2597 18.
462 2555 509 2595 xv.
531 2571 569 2582 -
593 2569 630 2581 -
674 2535 833 2597 llaethildis
855 2533 1003 2612 dyabolica
1028 2539 1100 2611 [sec.
1126 2535 1211 2611 llil.v

285 2657 323 2670 --
345 2615 396 2679 21.
460 2619 508 2678 xii.
531 2651 571 2666 -
592 2653 631 2666 -
674 2617 823 2678 Ludwicus
846 2637 905 2678 rex.
928 2615 998 2678 882.

674 2699 843 2760 Oudalricus
865 2699 955 2759 abbas
977 2698 1028 2759 des
1051 2697 1206 2774 Schprcn.²

673 2781 833 2842 Gozbcrtus
856 2779 959 2842 apansa
982 2779 1030 2858 [de
1050 2779 1237 2859 'legernseel
1264 2779 1353 2844 1001.

674 2863 818 2924 Wiltburc
839 2864 995 2925 abbatissa.

676 2946 810 3008 hibertus
833 2945 889 3008 dux
910 2945 945 3006 de
967 2944 1168 3021 straubingen.
1193 2941 1283 3006 1399.

283 3062 324 3076 -
346 3021 396 3086 23.
481 3045 510 3086 x.
544 3063 565 3070 -
597 3061 627 3069 —
676 3029 744 3089 Otto
766 3031 928 3108 imperator.
953 3023 1043 3092 1002.

285 3145 320 3156 -
344 3107 394 3172 26.
462 3109 509 3168 vii.
534 3144 570 3154 -
595 3145 632 3155 -
677 3105 1392 3248 chunradusllatisponensisepusdehuppurch.

718 3195 765 3270 qui
787 3191 930 3252 benefecit
950 3191 1082 3251 ecclesie.
1127 3185 1195 3250 313.

285 3311 323 3322 -
345 3271 395 3332 27.
474 3273 569 3330 111-
594 3306 635 3317 -
678 3273 846 3335 Cotscalcus
867 3273 955 3335 abbas
977 3272 1088 3334 cenobii
1110 3273 1204 3332 huius.

285 3387 323 3398 ·-
345 3352 396 3414 28.
478 3371 569 3415 11.-
592 3385 632 3398 -
674 3355 797 3418 llarolos
818 3359 985 3436 imperator.
1008 3351 1081 3415 814.

265 3433 335 3495 Feb.
367 3433 393 3496 1.
532 3465 571 3480 -
599 3470 630 3480 —
676 3438 818 3502 omanus
840 3439 927 3500 abbas
949 3438 985 3498 de
1006 3435 1139 3498 Prole...

676 3520 845 3600 liempertos
867 3519 965 3582 abbas.

674 3603 783 3662 lleilica
804 3601 959 3662 abbatissa.

284 3717 323 3730 -
361 3683 392 3748 2.
460 3687 633 3746 iiii.non.-
675 3684 1040 3744 ludwicusduxetcomes
1057 3681 1287 3760 palatinuslleoi.
1303 3675 1393 3738 1291.

284 3801 323 3812 -
366 3763 397 3826 3.
472 3769 573 3828 iit-
594 3803 633 3814 -
676 3765 826 3826 llcinricus
849 3767 938 3826 laicus
960 3763 1016 3826 dux
1038 3763 1185 3824 Rabartae.
1207 3760 1296 3824 1290.

286 3881 323 3898 --
367 3849 396 3908 5.
534 3889 574 3900 -
596 3885 634 3898 --
680 3848 883 3926 [isangrhmus
905 3867 978 3928 epus
1000 3847 1232 3925 llatispooeusis.
1255 3842 1323 3904 940.

287 3965 323 3976 -
347 3925 395 3990 11.
473 3933 512 3992 111.
536 3930 574 3992 id.
596 3963 634 3975 -
678 3929 807 3992 llathilth
828 3930 984 3994 abbatissa.

673 4014 766 4074 Prono
789 4011 878 4073 abbas
900 4013 984 4074 huius
1007 4008 1127 4072 cenobii.

285 4127 324 4137 —
349 4089 397 4151 12.
481 4095 509 4154 11.
531 4131 563 4144 -
593 4131 632 4142 —-
675 4093 856 4156 Eberhardus
877 4113 986 4156 comcs.

320 4188 349 4263 l)
367 4188 392 4244 d.
412 4191 444 4246 ll.
464 4191 529 4248 lehlt
547 4193 573 4250 io
592 4189 720 4250 Bdhmers
739 4193 875 4252 abactae.
912 4193 943 4264 2)
964 4191 1030 4248 lehlt
1048 4190 1091 4248 bei
1110 4189 1232 4247 Bdhmer.
