2918 4824
237 179 310 256 232
537 177 702 238 ildi'iHhhS
720 175 1063 236 NUEWENBURGENSIS.

154 367 224 428 1346
239 356 400 430 tissimum
410 354 535 427 faciens
545 364 866 444 sermonem‚contra
873 357 981 448 ipsam
987 351 1165 426 durissime
1171 349 1375 446 procedens,

241 463 400 526 etomnes
418 473 595 546 processus
606 451 759 526 Iohannis
771 473 856 547 pape
873 454 1052 540 innovans,
1070 455 1180 544 ipsum
1189 448 1373 524 hereticum

239 561 271 624 et
282 554 500 624 scismaticum
513 549 705 640 declaravit
722 554 756 620 in
772 571 932 645 pmcessu
943 571 1047 642 penas
1059 550 1138 620 iun‘s
1151 545 1374 620 hereticorum

239 661 397 720 etomnes
410 648 656 720 maledictiones
668 651 816 742 antiquas
833 646 1021 720 inserendo.
1047 646 1085 717 ln
1096 668 1162 741 quo
1176 649 1286 718 eciam
1297 667 1375 717 mo-

239 749 482 841 nuitpn'ncipes
494 745 670 837 electores,
688 757 724 818 ut
732 767 849 838 regem
860 746 1024 837 eligerent
1032 743 1250 839 ydoneumin
1262 749 1374 839 impe-

238 855 381 920 ratorem
397 844 658 940 promovendam
682 843 779 916 inira¹
799 853 925 916 certum
941 853 1071 937 tempus
1089 863 1308 936 expressum,
1331 866 1374 914 ne

239 940 442 1018 ecolesiadiu
454 941 616 1013 advocato
627 953 749 1030 careat
757 942 898 1036 alioquin
909 944 995 1012 circa
1005 939 1069 1012 hec
1079 939 1181 1014 sedes
1191 942 1374 1034 apostolica

239 1043 407 1132 cogitaret.
433 1038 595 1134 Deposuit
605 1041 904 1112 eciamHeinricum
915 1037 1173 1130 deVimenburg
1183 1037 1374 1132 arehiepis-

239 1161 278 1210 co
302 1160 355 1208 um
374 1136 602 1230 Mogontinum
624 1142 708 1232 [apr.
723 1137 776 1229 71,
800 1137 901 1209 filium
918 1135 1049 1208 Gerlaci
1066 1139 1195 1208 conrids
1216 1133 1262 1207 de
1279 1136 1375 1208 Nas-

240 1258 256 1310 s
316 1242 366 1326 a?
383 1240 467 1307 circe
486 1239 681 1308 vicesimum
699 1259 821 1308 annum
838 1245 1013 1327 agentem
1036 1238 1070 1306 in
1087 1233 1373 1328 archiepiscopum

238 1331 474 1428 promovendo.
525 1332 617 1404 Idem
640 1355 781 1428 namque
798 1334 973 1406 Heinricus
991 1331 1276 1428 archiepiscopus,
1301 1355 1373 1404 cum

238 1442 315 1502 ante
332 1428 500 1504 habuisset
519 1433 609 1503 litem
627 1453 701 1503 cum
718 1433 865 1525 Ruperta
883 1430 967 1502 duce
983 1431 1153 1519 Bawarie‚
1177 1429 1247 1502 filio
1264 1429 1373 1502 fratris

238 1531 405 1624 principis,
422 1539 556 1623 propter
572 1541 715 1602 castrum
733 1540 766 1600 et
782 1527 1091 1623 opidumWinheinq
1110 1538 1143 1598 et
1158 1526 1281 1601 iisdem
1298 1527 1374 1598 die-

238 1624 299 1700 hus
318 1627 407 1698 dmm
424 1625 561 1699 haberet
577 1650 650 1699 cum
668 1627 857 1699 marchione
873 1625 1089 1714 Missenensi,
1114 1623 1253 1700 filiastro
1278 1629 1374 1720 prin-

239 1727 332 1820 cipis„
357 1748 396 1796 ao
412 1725 452 1798 lis
470 1724 562 1796 ducis
581 1736 614 1796 et
631 1724 866 1819 archiepiscopi
882 1727 916 1796 in
933 1726 1113 1816 principem
1131 1727 1373 1816 compromissa

236 1823 367 1912 linisset
385 1826 438 1918 qui
455 1824 488 1893 in
499 1821 718 1896 Frankenfort
734 1821 879 1916 partibus
897 1826 1071 1913 terminum
1090 1819 1205 1911 [1344
1216 1821 1372 1912 nonis]

239 1922 367 2010 statuit,
395 1944 435 1992 ao
456 1932 568 2012 partes
585 1931 697 1992 mutuo
714 1943 789 1992 cum
813 1930 936 1992 minata
960 1929 1064 2011 gente
1086 1921 1274 1990 convenire
1297 1919 1374 1990 inihi

237 2020 429 2108 niterentun
455 2041 495 2090 ac
516 2022 669 2112 princeps
687 2021 772 2090 circa
798 2029 936 2112 quatuor
952 2018 1039 2088 milia
1063 2017 1274 2108 galeatorum
1296 2015 1373 2090 inihi

237 2119 487 2189 convocasses:
510 2115 674 2188 Rohertus
693 2115 773 2204 dux,
797 2114 916 2188 videns
934 2137 974 2188 se
990 2136 1057 2186 non
1080 2135 1183 2208 posse
1200 2112 1281 2186 inihi
1306 2113 1372 2186 do-

236 2216 364 2302 minari„
388 2236 462 2286 cum
479 2218 591 2308 paucis
609 2217 751 2286 veniens
769 2222 801 2284 et
818 2235 857 2286 se
875 2211 1077 2306 deprehendi
1094 2215 1285 2305 suspicans
1307 2235 1370 2284 re-

237 2321 335 2405 pente
352 2316 501 2385 recessit.
528 2313 665 2406 Propter
683 2311 768 2406 quod
785 2313 939 2404 princeps
958 2309 1151 2402 Moguntino
1170 2309 1370 2382 adiudicavit

236 2411 348 2502 petita,
372 2408 489 2482 ducem
512 2414 545 2480 in
563 2411 670 2482 multis
694 2408 966 2502 condempnando
984 2410 1153 2500 expensis.
1205 2408 1287 2480 Post
1308 2408 1370 2480 hec

237 2506 321 2578 duce
338 2528 377 2579 se
395 2530 468 2578 etun
485 2517 600 2601 patrum
617 2507 832 2597 reformante,
850 2509 1008 2578 etiterum
1043 2509 1273 2600 erprincipem
1286 2528 1368 2601 par-

236 2600 321 2676 tibus
338 2607 477 2676 termino
495 2614 626 2696 statuto,
645 2608 811 2699 princeps,
836 2605 922 2698 quod
939 2528 1096 2675 Winddem
1113 2624 1174 2697 pro
1191 2613 1286 2675 certa
1303 2626 1368 2697 pe-

236 2704 345 2792 cunia,
368 2705 460 2774 cuius
479 2713 606 2796 partem
630 2701 703 2774 duci
725 2705 902 2795 promisit⁴
920 2701 1027 2773 eidem
1045 2701 1118 2773 duci
1136 2723 1199 2794 per
1215 2699 1368 2793 nogan-

235 2802 337 2869 tinum
354 2802 480 2872 restitui
498 2798 646 2890 deberet
664 2800 822 2873 decrevit.
872 2800 925 2872 De
949 2821 1013 2895 quo
1030 2799 1246 2891 Mogentinus
1271 2821 1368 2872 oom-

235 2906 342 2968 motus
361 2894 519 2968 Winhem
543 2898 683 2991 capitulo
700 2919 761 2970 suo
778 2901 981 2991 resignavit
1005 2896 1135 2970 dicens:
1161 2917 1197 2968 sc
1212 2901 1288 2968 stne
1304 2901 1368 2969 iltis

235 2999 494 3082 compromittere
510 3000 698 3084 nequivisse.
724 2994 766 3066 Et
783 3017 827 3068 ex
844 3007 921 3068 tunc
938 2997 1080 3090 quesivit
1097 2995 1227 3068 ahsoivi
1241 3017 1367 3090 apapn

235 3089 303 3162 Sed
321 3115 394 3164 cum
411 3115 496 3188 papa
514 3096 609 3165 nimis
628 3116 704 3165 eum
722 3097 887 3185 stringere
905 3094 1010 3167 veliet
1032 3114 1099 3165 non
1122 3094 1231 3166 solum
1255 3103 1369 3166 eontra
1454 3167 1455 3198 p

235 3188 450 3263 Ludowicum
466 3195 658 3287 principem,
676 3190 859 3265 sedeciam
877 3199 989 3264 oonua
1006 3194 1077 3262 iura
1094 3192 1235 3286 imperii,
1259 3195 1368 3264 nuncii
1454 3201 1455 3230 ³

235 3289 308 3358 eius
327 3288 447 3360 iniecto
470 3292 612 3380 negocio
637 3299 712 3362 sunt
733 3292 878 3379 reversi„
901 3292 1040 3383 ipseque
1064 3309 1103 3361 se
1126 3311 1202 3360 cum
1224 3287 1313 3360 duce
1338 3299 1370 3362 et

236 3387 382 3479 pn'noipe
405 3386 606 3458 reformavit.
658 3387 796 3481 Propter
813 3409 877 3482 que
901 3386 1069 3482 depositus
1088 3397 1142 3461 est
1161 3407 1223 3480 per
1241 3385 1367 3459 sedem.

235 3479 372 3554 Eisdem
389 3481 504 3556 diebus
520 3481 633 3576 [1346
642 3497 731 3557 marn
739 3484 804 3574 22]
820 3482 1016 3558 Berhtoldus
1035 3488 1211 3580 episcopus
1222 3483 1368 3576 Argen·
1454 3507 1455 3538 t

234 3581 372 3652 anensis
395 3603 456 3673 per
478 3604 596 3676 papam
620 3593 672 3656 est
695 3581 877 3673 statutus„
900 3584 1257 3676 prestitoiuramentc,
1283 3581 1368 3677 qnod

236 3675 345 3748 eidem
360 3677 540 3752 Ludowico
557 3679 599 3752 de
617 3691 729 3752 cetero
746 3703 812 3752 non
830 3683 975 3770 assistat
998 3683 1062 3754 nisi
1084 3680 1182 3752 haer-it
1206 3701 1284 3751 curn
1306 3703 1368 3752 ec·

236 3777 563 3851 elesiareiormatus.

307 3871 442 3948 Eisdem
467 3871 581 3949 diehus
602 3880 704 3971 [ape]
723 3875 888 3950 lohannes
911 3899 975 3950 rex
990 3876 1149 3948 Bohenrie
1173 3885 1207 3948 et
1223 3876 1365 3951 Karalus

288 3981 318 4050 i)
338 3983 365 4040 B.
385 3991 486 4040 contra
522 3986 554 4054 2)
580 3993 704 4060 nepotem
729 3987 862 4058 quondam
882 3986 970 4042 Adoii
995 3985 1069 4056 regis
1095 3985 1167 4042 steht
1192 3986 1264 4042 noct
1291 3987 1317 4042 in
1336 3985 1366 4042 Α.
1454 4049 1455 4056 1

234 4052 264 4120 3)
285 4070 436 4110 convocans
455 4056 483 4111 B.
519 4057 550 4125 4)
571 4057 645 4114 cuius
664 4065 765 4130 partem
785 4057 845 4114 duci
870 4055 993 4130 promisit
1020 4055 1085 4112 iehit
1103 4055 1146 4112 hei
1167 4057 1208 4126 A„
1233 4073 1279 4112 wo
1307 4063 1367 4115 suo
1454 4057 1455 4066 ‘

235 4123 332 4180 dessen
352 4127 436 4182 steht:
456 4144 504 4200 pro
524 4146 574 4200 qua
590 4129 736 4200 obligatum
752 4127 889 4184 dicebatur
903 4129 992 4184 auchie
1011 4127 1069 4183 isra
1090 4125 1143 4183 atui
1158 4127 1365 4199 moguntinensi.
1454 4169 1455 4178 t

234 4193 294 4270 tgr.
308 4195 435 4272 ithrigens
455 4198 499 4258 dio
516 4201 711 4272 cntscheidung
730 4201 777 4256 des
797 4199 899 4260 kaisers
919 4199 944 4254 d.
958 4200 983 4255 d.
992 4145 1139 4272 diarcham
1153 4197 1195 4260 14.
1211 4215 1275 4272 ang.
1290 4197 1367 4260 rste.
