2936 4828
449 215 594 274 cucuma
607 217 652 276 nn
665 215 781 274 ranno.
1170 222 1194 299 3

73 391 161 459 etiam
177 391 366 485 captivavit.
391 389 501 464 Versa
518 393 593 464 uice
611 401 721 464 autem
737 394 771 462 in
788 389 907 462 eodem
928 389 1079 464 condictu
1095 389 1196 466 dom·

72 508 126 558 nus
142 486 339 560 budewicus
363 510 477 561 comes
494 487 718 580 deHomberg
740 488 886 562 famosus
906 499 939 562 et
954 489 1084 584 quddam
1101 491 1195 564 miles

71 582 108 749 pc
122 583 321 678 Hetelingen
338 587 478 660 etmulti
495 591 569 682 equi
585 589 720 684 pretiosi
738 583 991 661 aBemensibus
1003 590 1195 661 suntinter-

82 685 146 753 eoti.

112 778 362 856 ttnctxmn.
392 793 468 854 tunc
494 782 575 854 ieria
603 786 712 878 quinta
738 785 773 854 in
795 779 848 852 die
864 779 951 855 beati
968 780 1090 856 Mathia
1108 805 1194 880 apo-

70 877 135 947 stoli
153 879 234 969 [seb.
247 879 310 970 24]
329 891 404 974 past
420 881 613 952 dominicam
629 879 803 954 invocavit
813 879 955 954 Adoiius
972 882 1195 954 Romanorum

71 995 136 1064 rau,
159 976 325 1071 quondam
348 1001 462 1050 comes
486 978 528 1049 de
545 975 709 1068 Nazowe„
732 978 877 1050 Bonnam
895 981 999 1070 venit,
1017 989 1051 1050 et
1066 1003 1086 1052 a
1103 978 1194 1056 Ber-

70 1071 217 1146 nensibus
236 1073 416 1148 honorifice
432 1085 584 1169 receptus
603 1085 664 1149 est.

112 1169 397 1246 manturanum.
416 1184 629 1248 sextononas
640 1175 757 1262 martii
775 1181 852 1246 tunc
868 1173 1028 1249 dominica
1042 1175 1195 1251 Remmi-

70 1291 156 1342 scere
175 1273 284 1361 [marn
302 1271 356 1362 21,
382 1295 456 1343 cum
471 1269 727 1364 Friburgenses,
750 1271 820 1342 fulti
838 1273 959 1344 auxilio
977 1283 1196 1368 pugnatorum

70 1371 155 1439 trium
172 1373 341 1460 comitum
360 1368 663 1442 scilicetLudewici
679 1368 722 1440 de
738 1367 917 1460 Sabaudim
935 1369 977 1442 de
988 1369 1195 1444 Novocastro

70 1475 98 1535 et
113 1465 152 1536 de
163 1464 317 1556 ordiens„
335 1469 560 1561 processisent
570 1478 682 1538 eontra
692 1467 885 1540 Beruenses
904 1466 946 1538 ad
957 1467 1196 1543 devastandam

69 1573 179 1635 terram
196 1567 347 1660 ipsorum
363 1563 522 1638 incendiis
540 1574 573 1636 et
589 1568 724 1659 rapinis
747 1563 1056 1638 Beruenses-adiuti
1073 1577 1197 1640 tantum

69 1684 134 1732 cum
145 1660 385 1757 pugnatoribus
399 1661 589 1734 Hartmanni
603 1660 922 1754 comitisdeKiburg,
940 1666 988 1737 eis
1000 1675 1195 1738 occurentes

66 1760 148 1831 iuxta
165 1761 283 1832 villam
294 1758 543 1852 Oberwangen
561 1759 750 1834 occiderunt
766 1781 812 1832 err
823 1769 915 1853 parte
926 1759 1196 1854 Friburgensium

68 1857 132 1948 plus
149 1881 251 1952 quam
268 1861 444 1950 sexaginta
462 1862 566 1948 viros,
584 1857 672 1929 mille
690 1861 887 1951 quingentos
905 1857 1071 1932 duxerunt
1088 1864 1195 1953 capti-

67 1975 133 2042 vos„
157 1966 191 2027 et
218 1954 306 2051 quod
330 1965 480 2028 extreme
502 1957 681 2048 ignominie
705 1965 777 2044 estq
795 1954 912 2026 decem
930 1965 963 2026 et
979 1967 1052 2029 octo
1070 1957 1194 2030 vexilla

67 2049 338 2146 Friburgensibus
362 2051 576 2141 abstulerunt
604 2053 675 2125 aliis
698 2050 847 2125 omnibus
867 2063 961 2145 terga
979 2052 1195 2143 venerubae„

66 2147 134 2220 iicet
155 2149 403 2242 Friburgenses
426 2161 491 2222 tam
520 2155 554 2222 in
575 2147 736 2245 peditibus
760 2172 857 2244 quam
880 2152 913 2222 in
936 2149 1096 2246 equitibus
1120 2161 1196 2226 tunc

67 2245 178 2320 breriut
193 2247 421 2321 Bonnensibus
439 2249 600 2321 fortiores.
616 2245 902 2322 DeBemensibus
920 2270 1004 2322 vero
1021 2271 1106 2322 unus
1116 2259 1196 2321 tan·

68 2353 127 2416 tum
149 2344 304 2418 occubuit
327 2355 360 2416 et
382 2347 465 2418 alius
490 2355 611 2418 tantum
641 2355 754 2440 captus
777 2344 845 2416 fuit.
945 2343 1074 2420 Eodem
1096 2349 1196 2418 etiam

66 2464 145 2514 anno
168 2447 257 2516 circa
281 2445 473 2538 principium
495 2447 571 2516 maii
594 2442 794 2516 destrudum
817 2441 894 2514 iecit
915 2453 1059 2518 castrum
1074 2441 1195 2538 Belpa

65 2537 286 2614 Beruensibns
303 2539 387 2611 inira
404 2540 576 2612 duodecim
593 2540 673 2612 dies.

109 2637 183 2710 Xiii.
202 2638 269 2710 kat
287 2641 365 2709 maii
380 2642 524 2711 mcccii.
543 2649 620 2710 tmrc
635 2648 731 2711 nocte
749 2661 832 2710 cene
848 2638 980 2712 Domini
996 2639 1068 2712 sere
1084 2639 1192 2714 media

66 2755 136 2825 pars
153 2739 296 2809 civitatis
313 2736 493 2809 Beruensis
512 2735 672 2809 inferioris
692 2747 810 2810 exusta
822 2748 873 2810 est
883 2759 944 2832 per
954 2748 1192 2812 nansversum.

109 2832 284 2934 dcccvii.
301 2837 466 2927 inceptum
483 2844 554 2906 erat
569 2833 729 2928 hospitale
747 2835 882 2908 inferius
902 2835 988 2930 apud
1007 2835 1193 2908 molendina

66 2952 83 2998 a
98 2928 321 3024 burgensibus
339 2931 418 3004 ville
434 2932 626 3006 Beruensis.

110 3027 296 3103 Moccviii.
320 3038 416 3102 sento
439 3027 504 3101 lml.
522 3031 600 3100 iunii
615 3028 807 3100 Beruenses
830 3032 863 3102 in
881 3029 1038 3102 adiutorio
1054 3025 1195 3102 Fribur-

68 3129 216 3292 ppnsium
248 3130 382 3198 iverunt
414 3137 525 3200 conda
559 3130 710 3200 comitem
736 3123 900 3199 Sabaudic
927 3135 1079 3222 potenter
1110 3125 1194 3198 ¹ultra

103 3224 268 3296 eldunnm.

111 3320 188 3394 Idus
215 3325 353 3394 ianuarii
369 3326 559 3396 moacviiii.
588 3333 665 3395 turm
691 3321 772 3394 feria
791 3323 937 3397 secunda
954 3333 1050 3396 nocte
1075 3333 1194 3398 exusta

68 3415 122 3488 fuit
138 3421 217 3492 vrtla
234 3419 416 3494 Beruensis
433 3420 476 3493 de
493 3424 568 3494 vico
586 3423 692 3493 crucis
710 3443 820 3516 supra.

114 3513 348 3590 M.oec.viiii.in
361 3519 701 3614 vigiliaapcstolorum
708 3518 843 3613 Philippi
856 3527 889 3589 ct
901 3515 1015 3591 Jacobi
1030 3522 1114 3615 [apr.
1128 3517 1191 3609 30]

71 3607 238 3688 Heinricus
261 3637 325 3690 rex
347 3615 587 3707 aomanorum,
616 3615 780 3712 quondam
802 3637 914 3688 comes
938 3615 980 3686 de
1002 3616 1196 3689 Lutnelem-

70 3706 153 3804 burg
167 3716 260 3785 venit
275 3713 386 3786 Berno
403 3737 478 3786 cum
495 3715 583 3786 mille
601 3719 694 3810 cquis
712 3724 746 3785 et
762 3714 855 3786 ultra.
874 3711 917 3784 Et
932 3711 1193 3794 aBemensibus

71 3801 243 3882 honorifice
261 3821 313 3884 est
328 3822 492 3906 receptus.

116 3903 263 3981 bicccm.
292 3911 378 3982 circa
400 3910 521 3984 festum
543 3908 630 3983 beati
646 3908 816 3984 Michaelis
834 3909 1000 4005 predictus
1017 3909 1191 3982 Heinrious

72 3997 289 4078 Romanorum
315 4029 378 4079 ren
404 4007 598 4081 secundario
627 4011 718 4079 venit
739 4007 862 4098 Bernoq
889 4030 949 4101 pcr
976 4008 1092 4080 decem
1119 4005 1191 4081 dies

73 4104 235 4180 continuos
251 4102 371 4178 ibidem
388 4127 575 4198 mansurus,
594 4105 713 4184 volens
731 4116 764 4176 et
780 4103 954 4179 intendens
973 4128 1048 4180 cum
1064 4107 1191 4201 princi-

74 4191 134 4269 bus
149 4210 180 4274 et
195 4199 353 4278 nobilibus
370 4205 465 4297 regie
475 4206 635 4279 maiestati
653 4201 882 4278 adherentibus
901 4206 950 4277 ire
966 4205 1049 4278 ultra
1067 4213 1196 4278 mones

945 4315 984 4372 μ
