3036 4822
293 257 366 338 356
486 259 669 318 SUCCESSIO
687 254 915 318 concorditer!
931 254 1228 316 mooununtettstttu.

342 434 525 511 Bodardus.

342 535 536 609 Sudronius.

343 633 540 706 Rudharius.

289 785 292 792 ,
344 728 498 805 Ccoc.l.v.
515 731 667 803 vAureus
691 733 817 820 martir„
839 731 941 804 datm
963 745 1078 806 sancte
1094 731 1218 806 iustine
1238 732 1379 820 virginis
1396 737 1428 798 et

286 833 445 904 maru'ris.

344 926 510 1002 Maximus
528 927 650 1001 doctor.

287 1043 312 1108 ,·
343 1024 521 1119 sydonius.

343 1122 594 1216 Sygemundns.

287 1275 292 1282 .
343 1217 551 1312 Isontgasius.

344 1323 548 1399 Rectalinua.
658 1371 667 1380 -

287 1471 295 1478 -
343 1418 569 1498 Lantwuldus.

288 1555 291 1560 ·
343 1516 527 1595 [roboldus.¹

343 1614 538 1708 Sigebertus
556 1619 742 1692 avuncudus
765 1618 862 1692 beate
879 1619 1039 1706 Bomos„
1064 1641 1128 1712 que
1150 1618 1334 1692 construxit
1351 1636 1428 1689 ιιιο-

294 1718 474 1787 nasta-mm
493 1716 680 1788 mordelium
698 1716 833 1790 Veteris
852 1716 945 1790 Colle
961 1719 996 1788 in
1012 1715 1194 1809 Moguntie.

344 1810 519 1886 Geroldns.

344 1906 549 1983 Gewilichus
577 1911 663 1986 lilius
691 1915 848 1988 neonalis
872 1913 1005 1986 Geroldi
1033 1915 1188 2007 episcopi.
1223 1913 1304 1983 Post
1330 1931 1428 2004 quem

289 2009 457 2080 successit
472 2007 659 2082 Bonilmius
677 2009 943 2107 archiepiscopus
961 2009 1003 2082 nd
1026 2010 1090 2083 hoc
1112 2008 1280 2082 ordinatus
1297 2031 1316 2079 a
1336 2005 1429 2078 Gre-

295 2105 390 2195 gorio
409 2104 568 2196 secundo,
585 2117 719 2202 petente
736 2109 849 2203 Pipino
867 2109 1069 2182 Francorum
1085 2108 1179 2180 duce.
1205 2105 1248 2178 Et
1263 2109 1338 2201 ipso
1354 2103 1430 2176 Ge-

294 2199 449 2274 wiliobus
467 2206 642 2298 episcopus
660 2228 707 2276 ex
723 2211 892 2280 sentencia
910 2207 1000 2282 sedis
1018 2205 1197 2301 apostolice
1215 2202 1385 2299 depositus
1398 2211 1430 2271 et

287 2298 497 2391 degradatus
521 2311 587 2392 est,
608 2301 671 2376 hac
687 2302 729 2374 de
747 2327 861 2392 carosoq
885 2308 960 2399 quia
983 2308 1105 2376 missus
1123 2301 1166 2372 ad
1183 2299 1430 2396 expeditionem

294 2407 407 2470 contm
425 2397 579 2472 Saxones
597 2399 710 2474 verbis
734 2401 877 2495 pacificis
896 2413 930 2475 et
952 2405 985 2473 in
1009 2400 1084 2474 dolo
1108 2398 1225 2472 occidit
1247 2397 1351 2487 illum,
1376 2398 1431 2491 qui

293 2502 422 2588 patrem
439 2515 536 2568 sturm
553 2495 732 2570 Geroldum
750 2501 942 2594 episcopum
958 2497 1132 2572 occiderat
1162 2498 1229 2571 Pro
1243 2492 1431 2570 huiusmodi

295 2613 380 2683 ergo
395 2591 519 2684 flagitio
537 2593 703 2667 celebrato
721 2595 872 2689 synodali
891 2597 1040 2687 cadomo,
1058 2592 1266 2689 presentibus
1282 2593 1431 2664 Karclo-
1509 2621 1510 2633 ¹

295 2709 418 2760 manno
435 2700 469 2760 et
484 2691 598 2785 Pipino
615 2691 750 2766 ducibus
768 2691 982 2784 Francorum,
1006 2715 1053 2766 ex
1075 2695 1244 2765 sentencia
1270 2693 1431 2764 cononice

295 2789 495 2876 medemur
524 2790 720 2883 episcopalis
748 2813 824 2862 eum
852 2790 1016 2883 dignitatis
1039 2795 1203 2884 privatum
1230 2785 1338 2860 officio
1361 2789 1432 2859 de-

295 2882 459 2974 gradavit.
496 2883 616 2980 sieque
642 2891 832 2959 auctoritate
849 2889 1000 2960 Romane
1018 2887 1162 2959 ecclesie
1185 2885 1302 2958 heatus
1318 2883 1432 2958 Boni-

295 2979 400 3053 iacius
426 2979 654 3074 Mogontinam
684 2984 800 3076 sedem
827 2985 1061 3080 metropolitico
1090 2987 1163 3055 iure
1190 2987 1294 3055 tocius
1322 2981 1432 3054 Gallie

294 3079 1432 3274 tilioliltotitt„oilardiotiositatis

297 3277 467 3365 maciensi,
486 3285 518 3346 et
535 3273 645 3346 habult
663 3275 723 3349 sub
742 3297 781 3350 se
799 3275 945 3348 sedecim
964 3277 1205 3370 suffraganeos,
1224 3285 1258 3346 et
1274 3273 1432 3370 appella·
1506 3328 1507 3343 ,

282 3365 391 3442 datur·
406 3380 484 3444 tuno
499 3371 691 3444 Wormecia
709 3377 826 3447 civius
843 3371 1080 3467 Wungionum.

283 3527 622 3624 archiepiscoporum
638 3533 934 3624 Mcpuctiaeasium
956 3538 1092 3606 cronica
1113 3537 1230 3626 incipit
1246 3533 1399 3620 feliciter.
1505 3533 1506 3579 l

285 3687 288 3697 ’
343 3659 494 3737 Dcc.x.v.
536 3665 725 3740 Bonilaeius
758 3671 883 3762 primus
917 3666 1182 3762 archiepiscopus
1211 3666 1431 3759 llogunu‘nus

292 3758 381 3834 sedit
397 3765 491 3836 anms
507 3768 627 3838 xxxvi.
653 3764 716 3836 llic
731 3769 836 3859 primo
853 3763 957 3840 dictus
971 3763 1170 3852 winfridus,
1188 3768 1243 3860 qui
1259 3775 1295 3838 ct
1311 3775 1430 3858 postea
1504 3767 1505 3818 l

293 3879 370 3930 cum
393 3863 569 3954 episcopus
592 3860 797 3934 ordinaretur
818 3861 976 3934 Bonilmd
1000 3883 1121 3934 nomen
1144 3865 1290 3956 aceepit,
1314 3860 1433 3934 doctor
1503 3949 1504 3952 Ἴ

295 3954 487 4048 catholicus,
508 3962 649 4030 nacione
665 3959 813 4052 Anglusp
839 3959 921 4034 alias
939 3981 984 4031 ex
1001 3968 1094 4054 patre
1111 3969 1145 4032 et
1161 3971 1266 4032 matre
1283 3960 1431 4032 Scottus.
1502 3957 1504 4053 l

294 4051 439 4126 Primum
453 4054 562 4128 Rome
585 4055 704 4128 deinde
726 4061 759 4128 in
783 4055 927 4152 partibus
945 4056 1134 4147 Germanic,
1159 4055 1315 4129 videlicet
1330 4055 1434 4128 Tlm-
1502 4099 1503 4124 i

294 4153 415 4242 ringie,
431 4151 566 4244 Hassic,
582 4153 741 4244 Senonieq
759 4155 1009 4227 Auso-asiomm
1027 4165 1061 4226 et
1077 4157 1110 4225 in
1120 4152 1258 4226 Francia
1277 4175 1323 4228 ex
1339 4177 1433 4226 uue-

295 4251 423 4321 toritete
451 4261 484 4324 et
510 4255 603 4327 iussu
630 4251 782 4346 Gregorii
809 4274 895 4349 pope
923 4251 1061 4326 secundi
1086 4251 1287 4348 predicavit,
1313 4275 1336 4324 a
1363 4275 1434 4348 quc
