3036 4822
417 245 524 304 GBSTA
545 245 728 304 nnnnnotnt
746 247 796 304 iii’i
814 247 952 304 nudent.
1175 249 1247 326 305

122 443 198 492 raro
215 421 342 496 solutis.
377 421 497 516 Sisque
515 421 632 498 deluso
653 447 737 519 papa
756 434 789 496 et
806 427 982 519 episeopis,
1005 428 1157 520 prinoeps
1174 450 1249 498 oum

122 517 276 612 predictis
299 542 384 612 rege
402 531 435 592 et
454 519 539 594 dune
562 543 623 616 per
639 523 809 594 Alsaoiaun
824 519 990 596 Basileam
1008 533 1042 594 et
1064 545 1163 618 supra
1186 547 1249 596 ru·-

121 621 226 711 cepn's
243 616 405 710 homagiis
422 628 574 712 potenter
589 623 749 694 transivit

171 715 252 788 Post
273 713 336 787 beo
353 715 526 790 Cunradus
550 727 584 788 et
598 715 763 789 Iohannes
787 715 829 788 de
845 715 1101 810 Sohnwenburg
1117 717 1192 790 dieti
1207 718 1250 791 da

123 808 340 884 winterbach
364 813 406 885 de
429 814 551 888 auxilio
581 812 783 909 quorundam
807 817 1005 888 servitorum
1036 816 1130 888 eleeti
1153 815 1249 911 Spy-

120 913 232 984 rensis
250 922 284 982 et
306 915 431 984 mouns
448 911 491 984 de
507 910 726 1004 Wirtenberg
748 911 880 1007 opidum
897 909 1111 1006 Oberluyrdre
1135 917 1249 1008 positis

121 1007 222 1082 seniis
233 1007 275 1080 de
289 1018 385 1080 noete
402 1008 510 1082 furtim
527 1007 777 1105 apprehendere
795 1019 1050 1103 temptaverunt,
1068 1009 1130 1085 sed
1146 1015 1250 1108 ruptio

120 1105 222 1178 scalis
238 1116 272 1176 ot
287 1105 394 1178 audita
411 1118 545 1200 ruptura
555 1108 678 1199 vigiles
696 1108 875 1179 olamantes
893 1107 1018 1180 inooias
1030 1119 1249 1199 vocaverunt,

121 1203 165 1272 itu
183 1201 270 1296 quod
293 1213 428 1276 nonatus
452 1227 520 1278 non
542 1203 683 1277 habebut
700 1204 861 1278 eiieotum.
897 1207 1035 1301 Propter
1060 1206 1146 1300 quod
1161 1206 1250 1278 idem

120 1298 319 1373 Bertboldus
343 1303 519 1396 episeopus
536 1324 603 1374 non
626 1304 735 1376 solum
757 1302 860 1375 diotos
879 1301 961 1376 duos
987 1303 1048 1377 sed
1073 1325 1190 1378 omnes
1207 1302 1251 1375 do

120 1395 391 1490 Sobowenburg‚
419 1421 556 1494 quorum
572 1401 699 1495 aliquos
716 1401 793 1472 olim
810 1398 973 1474 lohannes
991 1405 1166 1497 episeopus
1184 1399 1251 1472 de-

120 1493 219 1566 iioate
236 1494 379 1586 foverat,
396 1497 635 1592 depauperavit
645 1508 799 1592 quantum
810 1501 913 1592 potuit
921 1509 955 1569 et
964 1497 1136 1589 destruxit,
1154 1497 1251 1570 Cun-

121 1591 344 1686 radoitysem
355 1594 721 1669 tunnadvooatosunin
732 1593 916 1688 nianburg,
927 1599 1017 1764 ipsos
1029 1607 1252 1691 persequente

121 1687 163 1760 ad
182 1711 340 1782 unguem.
377 1691 529 1766 Castrum
546 1701 656 1765 autem
673 1691 929 1784 Sobowenburg
968 1692 1069 1766 abere
1085 1693 1248 1789 nequibat.

45 1803 48 1810 ’
120 1784 265 1862 Eoontra
290 1801 399 1862 autem
422 1790 572 1864 homines
597 1792 740 1864 eeclesia
764 1792 849 1864 iliius
873 1791 1037 1865 districtus
1055 1793 1251 1887 permultos

122 1882 273 1960 dominos
290 1889 353 1960 iliis
378 1891 572 1962 assistentes
590 1887 732 1983 dampna
748 1891 781 1960 in
799 1910 937 1985 corpore
955 1902 988 1963 et
1003 1893 1037 1960 in
1054 1889 1154 1964 rebus
1171 1892 1252 1984 pin·-

121 1985 204 2058 rima
222 1994 299 2058 sunt
315 1991 475 2081 perpessi.
508 1986 561 2058 De
578 1987 755 2060 Sinaistein
773 1998 882 2060 autem
900 1989 995 2061 miles
1013 1991 1252 2085 superoptime

120 2093 232 2156 castro
249 2082 438 2158 Winestein
462 2088 629 2158 sustinens
648 2083 835 2157 Cunnadnm
860 2084 903 2156 de
920 2085 1135 2157 Winterbaoh
1156 2089 1252 2182 epis·-

121 2201 242 2275 oopum
259 2179 301 2252 ad
319 2183 437 2254 multas
455 2187 565 2275 onegit
585 2205 772 2278 expensas3
795 2192 928 2276 propter
951 2182 1037 2278 quod
1061 2186 1132 2277 ipse
1157 2187 1252 2278 epis*

121 2297 225 2372 nopus
238 2278 563 2374 etHagenoyenses,
582 2302 664 2374 quos
682 2283 786 2352 eniam
800 2279 887 2352 idem
904 2281 1000 2353 miles
1011 2280 1147 2370 leserat,
1164 2281 1252 2352 idem

121 2387 268 2450 oestrum
285 2375 403 2450 deoem
420 2376 609 2450 ebdomadis
633 2387 784 2472 potenter
805 2377 995 2452 obsidentes
1020 2388 1158 2472 quatuor
1174 2397 1252 2449 rna-¹

122 2470 239 2564 odinis„
265 2471 392 2546 duobus
410 2479 502 2548 cattis
527 2486 560 2547 et
583 2478 748 2566 octoginta
772 2474 954 2549 fossoribus
977 2479 1086 2570 ipsum
1108 2474 1253 2548 irrnditus

122 2568 369 2644 destruxerunt.
395 2571 438 2644 Et
448 2583 622 2668 antequam
636 2570 822 2645 diseederet
831 2572 873 2643 de
885 2572 958 2644 looo
970 2576 1157 2667 episeopus,
1175 2567 1253 2643 obiit

122 2665 274 2742 dominus
292 2669 482 2743 Burkardus
506 2670 549 2740 de
565 2668 722 2762 Horburg
747 2669 896 2760 [133113
921 2681 954 2742 et
977 2669 1158 2743 advoeatus
1174 2670 1253 2743 Ru-

121 2759 288 2840 biaoensis
307 2778 449 2840 eastrum
460 2766 662 2859 Zeilenbarg
679 2765 835 2839 obsidens
853 2771 960 2861 ipsum
978 2776 1011 2838 at
1027 2765 1159 2862 opidum
1176 2787 1252 2839 onrn

121 2863 202 2936 vitta
224 2863 441 2936 BebeInheim
465 2877 498 2936 et
521 2862 671 2938 omnibus
699 2868 879 2937 atdnenoiis
907 2863 1130 2960 apprehendit.
1166 2863 1252 2936 Nam

122 2958 274 3034 dominus
293 2962 358 3034 alte
375 2962 622 3057 nepotasteme,
641 2964 733 3034 ouius
751 2983 900 3035 sororem
916 2961 1028 3033 habuit
1044 2962 1149 3034 dietus
1159 2963 1252 3034 Bur-

121 3057 260 3150 kardus
283 3059 428 3154 prediotu
452 3063 560 3132 omnia
585 3061 716 3132 nomine
733 3059 864 3132 infantis
881 3059 1028 3153 prediote
1045 3062 1168 3132 sororis
1186 3059 1255 3129 de-

124 3159 229 3229 tinere
246 3155 393 3247 voiono,
417 3179 515 3251 quem
530 3157 688 3230 infantem
705 3157 869 3250 predictus
885 3155 1077 3228 Burkardus
1096 3154 1138 3226 de
1156 3155 1252 3227 Hor-

122 3251 222 3346 burg,
246 3276 321 3326 oum
344 3264 440 3328 natus
464 3259 529 3326 ianr
554 3265 656 3342 esset,
679 3262 755 3347 post
776 3253 955 3348 prediotam
976 3255 1253 3347 mnposioionem

123 3349 253 3422 tardum
271 3373 334 3423 sau
349 3356 615 3442 rpannvooavit,
634 3351 747 3423 dioens
765 3349 894 3446 quodin
905 3348 1031 3423 duobus
1049 3353 1144 3424 annis
1161 3370 1255 3422 nun-³

124 3471 222 3541 quam
240 3453 438 3540 cognoverit
453 3459 591 3521 matrem
608 3453 690 3521 eius.
717 3447 760 3520 Et
776 3451 825 3522 sio
841 3446 938 3519 bodie
955 3450 1095 3521 eeclesia
1109 3447 1254 3541 Argen·-

124 3549 262 3618 tiuensis
279 3556 371 3618 tenet
386 3547 474 3619 illam
491 3557 618 3640 partem
635 3545 766 3617 dominii
782 3549 816 3616 in
832 3544 989 3638 Horburg
1005 3549 1124 3640 quiete.

172 3640 242 3716 illis
260 3641 376 3716 diebus
387 3637 580 3716 Waltherus
597 3643 639 3714 de
657 3643 858 3736 Turmugen,
876 3641 1026 3715 dominus
1044 3646 1077 3714 in
1094 3641 1252 3714 Geroltn·

122 3737 223 3828 ecke,
239 3743 274 3812 in
284 3739 491 3813 Swannowe
509 3744 591 3813 etin
607 3739 793 3830 Sobuttera,
811 3743 929 3835 quique
946 3740 1077 3834 opidum
1087 3738 1253 3812 Erstheim

121 3841 228 3911 tenuit
253 3841 385 3911 nomine
410 3841 576 3934 pignoris„
600 3841 634 3908 in
657 3836 850 3932 quibusdum
871 3837 949 3908 lesit
970 3836 1249 3928 Argentinensas

120 3933 325 4028 Regnabant
335 3947 443 4008 autem
454 3947 531 4008 tuno
541 3936 729 4028 Argentine
746 3935 922 4029 populares
934 3933 1080 4007 exoiusis
1091 3931 1252 4004 nobilibus

121 4030 1255 4226 tittttttttnittddttitdittiflititttttd

120 4249 268 4302 rasoeue
299 4225 411 4320 [1333
436 4251 503 4323 apr.
523 4229 561 4319 1]
592 4251 687 4304 mane
715 4230 891 4304 venientes
919 4227 1096 4320 Argentini
1121 4223 1255 4322 opidum

178 4369 471 4416 nonuunurouusss.
1007 4365 1044 4428 20
