2946 4822
464 271 555 334 uuae
574 276 618 332 DE
636 273 826 334 nurttnasn.
1141 277 1206 355 131

75 447 223 545 pluribus
243 448 337 522 annis
350 451 510 524 caruisset
521 448 756 542 gubernatore
773 453 936 566 principes
951 451 1114 524 electores
1125 473 1212 524 con-

74 551 236 640 gregati
227 571 260 619 nn
278 571 378 618 unum
397 571 483 619 anno
501 548 621 620 donnini
639 572 680 621 m.
684 573 731 621 cc.
734 549 835 620 lxxl'
805 572 847 619 ιιι.
866 551 1017 620 comitem
1034 548 1210 623 liudolfum

72 633 116 714 de
133 625 337 737 llabslnurg‚
355 649 462 717 tirum
481 657 672 718 strennuum
691 646 819 718 srrnrum
837 657 868 716 et
888 651 1150 738 magnanimum
1178 651 1211 718 in

72 744 184 815 rrrrrltis
203 743 299 814 factis
317 744 553 832 fortunatumq'
544 767 576 814 ιιι
595 766 711 835 regem
729 745 913 816 Romanum
931 745 1114 836 elegerunt
1141 744 1211 817 Sed

69 840 429 934 hrcadnnperrumnon
439 841 594 913 ascendut.
606 840 674 912 Sub
683 863 841 935 quoenno
852 839 1211 916 domnimoctrman.

70 961 189 1010 comes
209 938 252 1008 dc
262 935 367 1009 Gillclr
379 941 507 1011 occisus
519 940 578 1010 luit
588 939 804 1033 Aqutsgrant,
822 961 910 1012 anno
920 941 1018 1031 regni
1028 943 1079 1012 sui
1090 943 1209 1035 quinto.

70 1042 176 1106 Anno
194 1039 292 1127 regni
311 1040 361 1108 sui
380 1047 488 1124 stultoff
506 1036 661 1109 videlicet
675 1036 892 1108 anuodomini
904 1037 1127 1128 mooluninq
1145 1037 1211 1110 da-

72 1133 170 1205 batur
188 1133 318 1204 modius
338 1135 476 1224 siliginis
494 1137 527 1204 in
544 1135 698 1206 lllmania
715 1157 775 1227 pro
792 1133 920 1208 duobus
939 1134 1065 1224 solidis,
1082 1135 1210 1208 modius

71 1232 258 1326 speltarum
282 1253 342 1325 pro
366 1234 480 1323 viginti
504 1231 579 1302 hall.
599 1231 726 1304 modius
753 1254 863 1304 avene
887 1243 946 1326 pio
964 1231 1110 1304 sedenim
1133 1231 1209 1304 hall.

69 1330 107 1400 ln
127 1339 232 1423 ponte
250 1351 350 1422 super
366 1327 509 1400 llulsam
527 1329 657 1400 ducenti
674 1328 825 1402 homines
837 1329 1131 1404 choreisantesxv.
1143 1330 1209 1402 kal.

72 1427 140 1498 iulii
159 1447 300 1498 cessare
317 1425 472 1498 nolebant
489 1427 595 1499 donec
610 1425 771 1522 plebanus
782 1431 936 1500 transiret
947 1439 1079 1521 portans
1090 1451 1210 1502 secra·

71 1527 238 1596 tissimum
258 1545 377 1618 corpus
397 1524 524 1598 Christi.
560 1524 665 1618 Igitur
687 1547 770 1618 pons
794 1525 911 1596 cecidit
932 1536 968 1596 et
984 1525 1209 1600 choreisantes

71 1645 193 1693 ornnes
212 1625 341 1716 ponitus
360 1621 523 1696 submersi
540 1634 625 1695 sunt.
662 1621 688 1692 F
690 1625 757 1692 eria
782 1634 876 1694 sexta
901 1633 976 1716 post
990 1621 1210 1696 Bartholomei

71 1743 136 1792 ron
153 1719 319 1790 Rudollus
338 1741 425 1790 anno
442 1723 537 1806 regni
557 1723 605 1792 sui
625 1722 734 1814 quinto
746 1717 947 1792 Otdekarum
963 1743 1080 1812 regern
1094 1720 1211 1793 Bohe-

71 1821 137 1888 mie
167 1815 345 1890 durissimo
373 1815 460 1888 bello
492 1839 677 1912 aggressus
709 1817 833 1888 occidit.
896 1817 1066 1908 Regnavit
1100 1829 1211 1890 autem

71 1914 240 1986 liudolfus
272 1917 367 1986 annis
397 1918 477 1986 xviii
510 1927 543 1987 et
572 1915 710 1986 naturali
746 1925 849 1986 morte
883 1927 1029 1988 mortuus
1059 1927 1112 1990 est
1137 1917 1210 1988 idus

71 2015 139 2083 iulii
160 2011 235 2102 [iuli
255 2011 316 2100 15]
337 2011 466 2106 quando
484 2014 599 2085 colitur
615 2013 736 2084 lestum
757 2012 948 2103 lllargarete
967 2017 1105 2104 virginis
1129 2016 1211 2104 glo-

71 2132 173 2181 nose.

127 2211 328 2280 Trotuibont
341 2211 430 2278 unni.
467 2210 641 2302 Postrpram
666 2220 812 2280 mortuus
836 2209 894 2281 luit
918 2231 980 2278 rex
998 2207 1159 2282 liudolfus
1177 2217 1211 2278 et

73 2305 177 2380 sedes
205 2310 332 2400 imperii
350 2318 506 2378 vacasset
524 2306 565 2378 ad
583 2329 683 2378 unum
701 2329 835 2396 annum„
854 2307 978 2376 electus
997 2303 1210 2378 irritAdollus

71 2427 191 2476 comes
209 2404 252 2474 de
268 2405 416 2476 Nassaw
432 2408 464 2475 in
482 2427 612 2496 regem„
637 2404 696 2476 sed
716 2403 757 2475 ad
775 2407 946 2498 imperium
963 2425 1029 2475 non
1047 2401 1207 2476 aseendit.

70 2503 134 2588 Qui
152 2523 264 2572 verax
280 2501 339 2573 luit
356 2505 388 2574 in
406 2502 498 2574 dictis
516 2514 550 2573 et
560 2503 662 2574 lactis.
689 2501 756 2572 Sed
768 2505 841 2594 quia
853 2501 921 2572 dux
932 2501 1069 2574 Austris
1079 2499 1210 2574 Alber-

72 2612 144 2692 tus
170 2599 389 2671 considerans
414 2599 498 2714 (prrod
522 2603 636 2670 iniuria
660 2600 745 2671 soret
768 2597 827 2668 sibi
852 2599 940 2669 illota
963 2623 982 2669 a
1007 2597 1205 2693 principibus

72 2695 324 2787 electoribus„
315 2719 446 2790 rarnqne
464 2699 535 2790 ipse
552 2707 627 2790 post
643 2707 769 2790 patrem
788 2718 883 2767 suurn
899 2718 1017 2813 regem
1035 2695 1211 2769 fladonum

72 2819 136 2866 non
157 2792 357 2886 eligebatur„
376 2799 459 2866 sicut
475 2793 632 2866 hactenus
645 2803 851 2866 conswetuna
869 2793 939 2880 fuit
958 2798 1017 2865 ut
1009 2818 1042 2866 ιιι
1058 2817 1124 2866 una
1141 2817 1208 2890 pu-

72 2894 200 2965 rentela
217 2913 360 2983 regnum
379 2892 511 2963 duraret
527 2892 726 2980 Romanurn,
747 2901 780 2962 ut
799 2912 897 2983 supra
916 2889 1035 2964 dietum
1053 2890 1209 3008 estquod

72 3015 165 3084 pnerr
156 2990 375 3084 frequenter
391 2988 576 3080 regnabant
593 2999 666 3084 post
683 2999 795 3082 patres
812 2989 868 3059 vel
887 2987 939 3059 alii
953 2991 1207 3081 consangwinei

74 3091 283 3176 successive
307 3089 383 3159 licet
400 3086 462 3158 hoc
480 3111 498 3157 a
517 3099 664 3182 ternpore
687 3087 778 3158 tercii
797 3085 923 3157 (litenis
947 3086 1020 3180 plus
1047 3087 1144 3159 finerit
1165 3086 1209 3157 de

74 3185 327 3257 conswetudine
346 3207 442 3279 quam
461 3185 502 3254 de
520 3187 605 3256 iure:
624 3182 666 3255 ob
683 3183 746 3254 hoo
763 3186 913 3276 opposuit
930 3205 969 3254 se
985 3185 1059 3275 regi
1070 3183 1206 3273 Adolim

73 3305 289 3374 congregans
307 3305 463 3373 magnum
482 3286 662 3353 exercitum
675 3290 786 3352 contra
798 3284 904 3372 ipsum
915 3283 947 3351 in
958 3302 1104 3375 pugnarn
1119 3283 1208 3354 iuxta

74 3381 213 3450 Renum.
240 3378 278 3450 ln
297 3403 358 3472 qua
376 3401 488 3474 pugna
506 3378 622 3450 occidit
632 3382 741 3471 ipsum
751 3376 909 3448 Adollam
926 3377 1092 3450 dominum
1109 3399 1206 3452 suum

73 3498 159 3547 anno
177 3480 274 3568 regni
294 3480 344 3548 sui
362 3487 471 3565 sentoq
490 3480 611 3570 etipse
629 3499 688 3569 pro
707 3497 748 3546 eo
765 3483 880 3568 postea
897 3480 1064 3567 regnavit,
1082 3476 1208 3550 faciens

73 3572 190 3644 borram
208 3597 337 3668 paceni.
364 3572 432 3644 Sed
450 3577 523 3667 quia
541 3573 616 3644 dicit
634 3576 809 3666 scriptura·
835 3575 871 3644 in
895 3594 959 3662 quo
986 3579 1059 3663 qur's
1077 3595 1205 3663 pccca-

74 3675 183 3742 reri!
169 3691 203 3740 m
221 3673 509 3760 ιιιιιιιιιιιιιιι,
528 3673 698 3764 sicutipse
715 3669 831 3741 occrdrt
841 3670 1007 3742 donunum
1019 3693 1113 3744 suum
1124 3694 1208 3765 pro·

74 3773 189 3862 ριίιιιιι
210 3773 252 3840 ita
272 3772 345 3862 ipse
364 3791 449 3840 annno
467 3771 563 3860 regni
581 3771 631 3840 sui
651 3768 1115 3842 decimoinlestosanctorum
1125 3767 1208 3841 Phi-

74 3867 144 3960 lippi
163 3879 196 3938 et
215 3865 333 3938 Jacobi
354 3869 433 3958 [rnai
452 3866 490 3955 1]
518 3865 557 3936 ab
576 3887 617 3936 eo
635 3868 727 3938 cuius
745 3865 804 3936 tat
821 3865 991 3956 dominus,
1015 3867 1206 3938 videlieeta

74 3965 221 4036 totnaane
240 3965 327 4035 duce
344 3965 499 4053 nlnstrie
523 3963 588 4034 filio
606 3963 714 4036 fratris
733 3965 802 4052 suiq
831 3967 966 4078 turpiter
988 3960 1206 4034 occidebatur.

74 4063 182 4136 iustus
200 4074 254 4134 est
270 4083 394 4155 nempe
404 4059 506 4132 roden
517 4062 661 4151 celestis
680 4057 824 4132 reddens
836 4063 1009 4154 unicuique
1022 4059 1205 4134 secundum

75 4181 166 4254 opera
186 4185 259 4234 sua.
287 4157 357 4232 Sub
373 4181 460 4250 rege
477 4155 598 4231 ntolto
611 4157 799 4233 Boniiaoius
817 4179 901 4252 papa
919 4169 1058 4232 octavus
1076 4160 1208 4252 scripsit

952 4283 992 4338 9*
