2960 4832
379 227 553 288 matous
572 228 617 286 na
631 227 871 288 omssauovan
895 251 899 258 ·
1146 231 1192 305 75

75 403 223 496 invigilia
240 401 339 475 beate
356 401 462 474 llario
478 400 680 494 Magdelene
698 403 768 494 [iul.
785 400 851 493 21]
869 400 1000 476 Ulrlaua
1019 405 1195 497 epiecopus
1215 418 1284 476 leae

76 500 229 575 &densis
246 521 294 572 ex
310 503 541 574 commissione
557 498 618 572 sibi
634 499 718 571 lacta
733 511 756 570 'a
773 523 857 594 papa
871 498 1040 572 Clemente
1063 501 1109 571 vi.
1125 497 1197 572 tulit

76 597 417 672 sententiamdivorcii
441 601 527 670 inter
547 596 727 668 Iohannem
751 596 851 668 lilium
873 599 966 688 regie
982 595 1141 670 llobemie
1163 605 1198 668 et

76 694 310 789 llargaretham
327 695 426 767 hham
450 695 543 768 ducis
560 693 741 782 Kerinthie„
764 703 897 788 propter
919 693 1116 766 maleficium
1132 715 1198 788 quo

76 793 225 889 predictus
243 791 410 866 loharmes
421 791 584 864 fatebatur
600 813 638 864 se
657 791 885 864 maleficiamm
897 813 971 865 oum
989 813 1043 880 eaq
1061 788 1121 864 suh
1133 806 1198 886 quo

76 891 191 964 etahas
208 892 381 962 mulierum
400 895 594 984 potentem,
610 885 767 984 hoet'ipsa
778 887 909 960 domina
921 886 1112 980 Margareta
1122 897 1199 961 ante

76 987 182 1058 dudum
199 991 400 1060 contraxerit
417 1010 490 1059 cum
507 986 686 1058 Ludowico
696 985 941 1058 duceBawarie
959 995 993 1056 et
1009 984 1198 1056 marchione

76 1083 389 1177 madenburgensi,
406 1085 494 1156 unde
506 1077 828 1177 comitatum'lprolis
839 1093 1013 1156 assecutus
1024 1093 1076 1156 est
1086 1105 1105 1153 a
1115 1103 1199 1178 pre·

81 1182 150 1253 dicta
167 1182 311 1272 domina„
336 1205 410 1254 oum
434 1205 496 1276 qua
521 1180 729 1276 postmodum
753 1185 911 1254 remansit
927 1191 960 1252 et
976 1178 1099 1253 hberos
1115 1200 1199 1274 pro-

82 1283 204 1368 aeaut,
227 1281 307 1354 lieet
322 1302 444 1372 magna
462 1287 585 1371 guerra
603 1288 700 1350 antea
718 1281 803 1350 inter
819 1277 976 1354 Karolum
993 1299 1111 1369 regem
1127 1277 1200 1356 Bo-

80 1375 173 1448 henie
183 1387 216 1470 et
225 1377 450 1468 Romanorum
469 1387 503 1448 et
519 1377 653 1448 hatrem
671 1398 767 1446 suum
784 1374 963 1450 Iohannem
974 1377 1116 1450 extiterit
1126 1395 1201 1448 eum

79 1472 241 1548 ludewico
251 1474 509 1570 predictosuper
519 1471 688 1548 ablaoione
698 1476 812 1568 uxoris
824 1482 858 1546 et
868 1471 1037 1546 comitatus
1048 1471 1201 1568 predicti;

81 1581 141 1664 post
156 1575 397 1666 separationem
414 1593 498 1642 vero
514 1569 694 1665 predictam
711 1569 806 1642 simul
825 1579 901 1644 sunt
916 1569 1111 1644 concordati.

81 1739 363 1860 haematiten
381 1733 621 1830 elpoihaodom
638 1760 700 1830 poe
717 1723 940 1812 coacervatio
956 1742 1037 1832 ipso.
1063 1843 1077 1850 ‚.
1144 1845 1146 1848 Ι
1180 1841 1182 1848 Α
1243 1841 1250 1850 ¹
1269 1841 1272 1848 Δ

122 1889 348 1962 hnnodomini
358 1885 1202 1984 millesimocoo.quinquagesimomngnahominum

83 1986 230 2060 mditudo
251 1987 444 2062 Romanam
468 1991 633 2062 civitatem
656 1987 847 2080 frequenter
869 1983 1045 2060 visitabant
1069 1995 1203 2084 propter

84 2081 290 2178 indulgencias
310 2088 386 2160 anni
402 2083 524 2174 tubitet,
543 2105 640 2178 quem
659 2079 815 2155 Clemens
835 2085 880 2153 vi.
906 2079 1061 2156 iubtleum
1078 2081 1203 2154 iecerat

85 2181 241 2254 acuatando
257 2182 303 2254 de
321 2193 451 2254 centum
475 2185 570 2255 annis
595 2182 826 2276 quinquaginta
845 2201 962 2269 annos,
988 2189 1022 2251 ut
1045 2178 1202 2273 deinceps

86 2282 357 2373 quiuquagesimus
374 2302 480 2353 annus
499 2282 583 2352 sicut
599 2289 695 2350 antea
714 2279 912 2350 centesimus
937 2285 1030 2349 esset
1049 2275 1202 2364 tatheus,

86 2397 145 2446 mn
159 2379 216 2450 vix
231 2387 346 2450 nostra
364 2387 435 2452 etas
453 2378 761 2471 qmnquagesimum
779 2396 900 2447 annum
914 2377 1102 2464 attingeret
1119 2383 1158 2444 et
1169 2376 1203 2444 in

88 2493 120 2543 eo
133 2471 241 2547 mbore
259 2485 295 2546 et
311 2477 431 2567 vigore
448 2484 485 2546 ut
499 2475 588 2546 illam
604 2475 757 2566 ‘greciam
781 2482 897 2567 posset
919 2473 1062 2565 assequi.
1089 2469 1133 2542 Et
1155 2471 1205 2542 aio

88 2591 155 2641 rere
170 2593 206 2642 se
222 2573 373 2662 clemens
390 2571 544 2662 ostendit,
562 2574 699 2666 cupiens
710 2591 827 2642 omnes
839 2569 963 2642 salvari
979 2589 1073 2640 more
1084 2567 1204 2640 salva·
1353 2645 1357 2652 ,

89 2669 261 2758 ιοτῑε,ῡιιίιιε
274 2671 531 2742 eciaminterrie
542 2671 769 2759 ouramgeseit
779 2666 886 2739 ovilis.
897 2663 973 2760 lpse
981 2676 1089 2738 autem
1098 2686 1204 2738 annus

89 2785 270 2858 cummagno
281 2769 442 2861 temperie
453 2769 541 2839 aeris
551 2767 671 2860 incepit
682 2776 715 2838 et
725 2767 905 2860 permansit
915 2786 1021 2858 usque
1031 2759 1072 2834 ad
1083 2759 1204 2836 loetum

90 2855 160 2932 beati
174 2863 324 2954 hadrec,
348 2875 382 2936 et
399 2863 555 2959 deinceps
573 2864 684 2958 pluuia
702 2860 910 2934 habundabat
926 2867 1048 2936 tersus
1065 2859 1205 2949 Nicolai‚
1289 2873 1310 2932 ,’

91 2957 139 3027 sed
153 2958 304 3058 deinceps
322 2961 428 3054 frigus
446 2971 518 3033 erat
534 2983 640 3055 usque
659 2959 700 3030 ad
723 2957 990 3054 purificationem.
1018 2957 1061 3029 Et
1084 2967 1208 3030 extunc
1252 3025 1256 3032 .

93 3053 231 3146 epithimia
248 3081 312 3132 seu
328 3057 496 3130 hominurn
505 3057 684 3131 mortalitas
696 3059 855 3146 cessavit
872 3077 936 3150 quo
946 3053 1205 3151 perbigennium

93 3152 224 3242 riguerat
239 3167 273 3228 et
289 3159 323 3228 in
335 3156 662 3250 congeneratum
681 3154 765 3249 quod
777 3156 869 3248 quasi
881 3155 989 3247 mnan
1000 3171 1077 3247 pars
1093 3149 1206 3222 bomi-

95 3269 156 3319 num
171 3251 280 3325 alicubi
300 3263 396 3332 sexta
414 3251 500 3327 obiit.
534 3283 549 3318 υ

96 3415 133 3485 lte
146 3424 275 3505 modom
289 3431 489 3492 ramerenco
502 3427 612 3510 potius
624 3423 783 3492 sacione
795 3429 888 3491 nocte
903 3417 997 3506 saeta
1009 3424 1044 3492 ia
1061 3421 1206 3512 lhurepo

170 3538 228 3604 per
243 3523 391 3590 conatam
407 3521 449 3590 de
464 3521 649 3610 Hohsporp,
667 3527 700 3590 et
717 3521 858 3608 quedam
875 3521 947 3594 clio
963 3519 1158 3612 hoiuamoatt.

134 3664 203 3738 ltam
219 3673 358 3764 septimo
375 3667 440 3742 hal.
458 3671 569 3740 marcii
587 3671 618 3739 in
639 3677 734 3750 nocte
751 3670 880 3764 expulsi
897 3669 976 3752 olim
992 3668 1034 3739 de
1051 3667 1206 3764 'l'burego
1304 3735 1307 3740 .

98 3758 431 3840 leoenmtrumoremin
439 3769 584 3856 civitate,
595 3766 748 3839 volentes
760 3766 936 3838 dominium
948 3765 1034 3863 quod
1044 3763 1208 3840 habebant

99 3878 253 3934 resumere.
271 3865 336 3936 Pno
358 3874 410 3936 ter
427 3863 513 3960 quod
530 3863 662 3938 harant
677 3866 777 3942 occisi
794 3865 906 3958 plures
925 3875 958 3937 et
975 3866 1058 3960 capti
1076 3873 1110 3936 et
1125 3866 1205 3938 rotis

99 3954 189 4064 inserti
200 3964 248 4055 quii
258 3888 487 4034 cumhobanne
499 3964 616 4034 comite
627 3960 669 4033 de
680 3959 860 4056 Habspurg
875 3963 1090 4050 innovarent,
1108 3983 1205 4056 quem

101 4056 415 4154 tndtitatecepemnt.
433 4057 476 4131 Et
486 4081 565 4133 suos
572 4059 761 4131 oeciderunt
772 4068 805 4130 et
816 4081 892 4129 eum
901 4059 1204 4134 incarceraverunt.

130 4186 155 4254 ¹l
165 4194 229 4258 oia
243 4197 288 4258 tar
302 4199 355 4260 hs..
372 4183 500 4264 (hebraea
513 4198 583 4254 litate
597 4198 645 4254 das
660 4198 825 4271 togatorum
834 4195 936 4258 aat'nr.
951 4195 1206 4267 tumularentur.)
1360 4236 1363 4244 .
