2900 4820
327 265 1089 328 mmmmmfflfflmfflmmm
1200 267 1273 344 2&

143 465 264 536 magna
282 443 529 536 exhiberentur,
547 448 632 541 ipse7
650 445 695 520 nil
712 468 750 519 se
768 444 963 538 acutorum,
982 467 1043 542 per
1059 444 1145 540 qnod
1162 444 1357 517 domi-1³53

142 563 204 615 nus
222 564 304 616 suus
322 543 470 633 eederet„
488 543 721 638 respondendo
737 547 888 618 recessit.
1133 627 1137 634 ,

189 639 233 712 Et
261 637 432 714 descendit
463 663 527 715 rex
553 640 764 734 Mogunu'am
792 651 1000 736 comportans
1029 663 1102 714 cum
1130 639 1272 744 Gerlacc

140 735 388 830 hioguntinoet
404 738 545 834 capitulo
567 743 807 834 presencium:
832 739 917 834 quod
941 743 1089 814 restituta
1113 749 1189 813 sunt
1212 737 1273 813 sihi

140 839 274 912 nomine
283 839 410 932 imperii
421 835 637 932 Oppenheimq
649 835 863 928 oternheim,
874 837 969 932 opida
980 837 1160 932 imperialia
1172 859 1274 932 super

139 932 271 1006 Renum
290 957 365 1006 oum
382 939 498 1009 castris
509 935 641 1009 etvillis
652 933 882 1026 'attinentibus
901 957 965 1028 que
982 933 1124 1028 obligata
1142 934 1273 1007 inerant

139 1032 284 1106 ecclesie
301 1031 549 1126 Mogontinensi
566 1054 626 1128 pro
644 1036 823 1124 nonaginta
840 1029 970 1106 milibus
988 1033 1198 1105 florenorum.
1230 1031 1273 1104 Et

138 1127 222 1201 feria
247 1141 359 1224 quarta
384 1129 460 1202 ante
477 1129 602 1204 Thome
622 1130 709 1222 [dec.
731 1131 793 1221 18]
814 1134 848 1202 in
864 1133 946 1202 atrio
970 1131 1114 1224 ecclesie
1132 1129 1272 1227 Oppon-

138 1224 228 1298 heim
245 1230 318 1321 ipse
334 1225 495 1300 Geriaeus
513 1225 656 1302 ahsolvit
678 1231 927 1302 universitatem
944 1227 1082 1316 ibidem3
1108 1231 1180 1322 ipsa
1204 1248 1273 1300 no-

138 1328 228 1396 mine
245 1327 372 1420 imperii
387 1330 462 1418 regi
479 1329 609 1398 iuravit.
634 1325 672 1400 ln
690 1326 743 1398 die
759 1349 843 1400 vero
860 1323 946 1397 hecti
963 1325 1087 1398 ihome
1109 1325 1270 1418 [dec21]

137 1421 943 1596 nttnnttttttitttttitttt
960 1423 1272 1616 tntttnttn

137 1615 276 1707 fecisse,
301 1641 402 1715 super
419 1616 533 1713 quihus
556 1619 763 1714 respondere
781 1631 816 1692 et
831 1621 991 1692 iusticiam
1011 1619 1272 1692 facererennuit

137 1737 252 1786 eoram
279 1739 381 1809 regeq
411 1714 561 1790 inhibens
588 1715 738 1808 omnihus
765 1721 956 1790 auctoritate
983 1719 1099 1810 regio,
1126 1739 1170 1789 ne
1199 1721 1271 1816 quis
1349 1717 1352 1722 ’

137 1816 274 1885 assistat
298 1815 416 1886 eidem.
452 1813 718 1888 Etdeolaratum
739 1825 793 1889 est
814 1837 878 1910 per
900 1817 1069 1910 principes
1089 1824 1122 1887 et
1144 1817 1271 1910 imperii

137 1907 270 2002 fideles„
289 1911 375 2006 quod
391 1915 575 2007 quicunque
593 1916 736 1988 scienter
753 1923 864 1986 contra
878 1912 942 1984 hoc
957 1912 1084 2004 fecerit
1104 1935 1223 2007 corpus
1239 1923 1272 1984 et

136 2029 196 2081 res
212 2007 256 2080 ad
278 2013 371 2102 regie
398 2013 543 2102 gramm
567 2014 775 2084 ammisisset.
812 2009 938 2082 Eodem
956 2008 1009 2082 die
1025 2013 1119 2084 venit
1135 2011 1271 2085 'lieve-

137 2108 249 2180 rensis
267 2117 385 2181 notans
396 2108 584 2200 nunonem,
602 2112 804 2204 moriturque
814 2107 988 2182 Heinricus
1006 2107 1049 2180 de
1058 2106 1273 2202 Virnenherg

138 2203 409 2302 archiepiscopus
434 2205 701 2299 Mogontinensis
725 2206 891 2302 depositus
919 2203 962 2277 de
988 2205 1146 2302 paralysi,
1174 2227 1272 2302 quem

137 2299 268 2394 tingunt
297 2306 418 2377 vivere
446 2313 638 2379 remores
666 2304 825 2378 Kunonis.
859 2304 902 2376 Et
928 2308 1093 2397 componit
1112 2325 1180 2376 eos
1207 2325 1270 2378 rex

137 2402 244 2472 amice
268 2401 310 2474 de
335 2403 470 2476 consilio
494 2413 528 2475 et
550 2403 672 2476 auxilio
688 2401 842 2476 iohannis
868 2401 910 2474 de
925 2399 1149 2493 Liehtenherg
1174 2401 1270 2473 electi

137 2495 410 2590 rusgunmensis,
429 2498 514 2594 quod
531 2498 662 2572 Kunoni
678 2511 829 2572 remanet
845 2509 988 2572 castrum
998 2496 1195 2591 Vogtsberg
1210 2521 1270 2595 pro

137 2603 289 2690 tempore
306 2601 374 2670 vite
391 2620 465 2688 sue,
489 2607 528 2669 et.
540 2595 626 2692 quod
644 2595 704 2671 sihi
722 2608 755 2669 et
771 2595 1115 2670 heredibusremanet
1130 2598 1269 2692 pignora

136 2689 306 2768 Erenvels
332 2717 406 2767 cum
428 2695 529 2767 multa
555 2704 642 2767 terra
660 2698 781 2786 vicina,
806 2716 976 2790 quousque
993 2693 1194 2767 redimantur
1209 2717 1271 2789 per

136 2789 420 2887 archiepiscopum
449 2815 509 2888 pro
539 2793 754 2888 quadraginta
784 2792 912 2866 milibus
942 2792 1163 2882 florenorum3
1191 2795 1270 2865 item

135 2887 243 2982 quod,
270 2901 397 2963 remoto
422 2889 602 2963 Wilhelmo
630 2889 806 2964 Pintsohon
829 2889 974 2982 Gallico,
1002 2889 1092 2986 sedis
1120 2893 1269 2987 proviso,

134 2991 343 3080 prepositura
360 2987 490 3060 Kunoni
508 2998 700 3083 permaneat
716 2991 838 3083 quieteq
855 2991 993 3084 ipseque
1009 2988 1106 3061 Kuno
1123 2992 1156 3060 in
1172 2986 1269 3062 blado

135 3093 171 3152 et
185 3087 271 3156 ‘vino
294 3083 444 3157 retinebit
466 3085 621 3174 coheota3
641 3095 684 3158 et·
703 3085 790 3182 quod
814 3085 1078 3182 archiepiscopus
1104 3095 1269 3158 contracta
1305 3109 1309 3118 ’

134 3179 259 3252 dehita
273 3204 344 3277 per
358 3187 500 3280 quinque
527 3184 831 3276 comministratores,
859 3183 980 3255 dudum
1003 3205 1064 3278 per
1080 3183 1270 3260 Heinrioum

134 3277 417 3376 archiepiscopum
428 3291 461 3354 et
470 3283 645 3376 capitulum
656 3281 795 3373 eiectos,
810 3281 946 3356 solvere
955 3291 1119 3372 teneatur,
1137 3290 1171 3352 et
1182 3279 1269 3378 quod

134 3377 281 3449 collecta.
292 3389 325 3450 et
341 3379 425 3451 iacta
443 3401 505 3474 per
521 3377 684 3474 qnondam
701 3379 892 3452 Heinricum
915 3381 1021 3452 eciem
1037 3389 1112 3474 post
1128 3379 1268 3475 deposi-

135 3477 267 3547 cionem
288 3487 358 3548 rata
383 3475 578 3565 manehant3
602 3487 635 3548 et
658 3480 760 3571 ipsius
779 3489 813 3550 et
830 3499 965 3552 suorum
987 3477 1044 3550 fiat
1066 3498 1127 3573 per
1150 3498 1267 3574 papam
1334 3495 1336 3498 ·

134 3572 193 3644 vel
217 3576 290 3646 eins
316 3579 506 3647 anctoritate
530 3574 697 3650 absolucio
713 3587 747 3649 et
762 3575 930 3649 relaxaoio
953 3576 1153 3668 generalis.²
1188 3573 1268 3648 Sic-

134 3692 200 3764 qne
237 3671 399 3767 expeditis
432 3670 583 3746 omnibus
618 3676 726 3746 statim
759 3674 864 3746 famus
898 3684 951 3746 ost
977 3671 1073 3745 Knno
1106 3677 1200 3765 regis
1234 3682 1268 3743 et

134 3767 372 3865 archiepiscopi
399 3774 529 3844 intimus
557 3781 592 3843 et
618 3769 766 3845 dilectus.
798 3770 949 3865 Dotoque
977 3781 1052 3843 sunt
1080 3774 1149 3844 suis
1177 3769 1266 3842 fide·-

134 3863 220 3946 iihua
250 3871 423 3961 presertim
453 3866 656 3941 Hcrhotoni³
686 3869 797 3940 humili
833 3871 986 3942 servitori
1016 3871 1087 3940 eius
1117 3879 1152 3939 et
1181 3889 1266 3962 pru·

134 3961 328 4037 dentissimo
360 3965 569 4060 provisiones
602 3977 635 4039 et
668 3988 805 4038 munere
831 3964 871 4037 ab
904 3964 1039 4037 eisdem.
1083 3967 1145 4052 Qui
1170 3964 1266 4036 Kuno

134 4061 342 4154 postmodum
370 4063 498 4155 [1362]
517 4063 631 4139 ¹factus
658 4075 710 4139 est
741 4063 1008 4158 archiepiscopus
1034 4063 1266 4136 Treveronsis.

188 4179 1266 4287 nmmwmommmmmmmmmsm

134 4281 165 4354 3)
183 4299 217 4341 so
237 4285 317 4356 Urstq
336 4285 491 4343 iierhoconi
509 4287 539 4342 Α.
1005 4337 1008 4344 ,
1270 4337 1271 4340 ,
