2900 4820
208 234 282 314 258
512 227 1034 292 munusnmwnnaunnnnsrs.

127 425 197 486 ists
210 415 299 486 tione
315 412 436 506 ohlau,
452 415 667 507 remissisque
683 433 744 506 per
761 433 838 484 eum
853 411 994 498 nunciis
1010 408 1191 501 litterisque
1204 402 1265 479 sibi
1276 400 1336 474 snb

211 521 320 585 castro
336 509 491 586 Lonstein
508 509 549 582 de
567 532 633 583 non
651 509 811 583 variando
829 507 889 583 sub
909 507 1025 600 sigillis
1043 509 1189 601 ipsorum
1212 506 1337 598 princi-

211 631 289 704 pum
307 613 498 701 assignatis
523 631 629 704 eoque
646 605 924 680 deliberacionem
942 627 1035 678 suam
1057 602 1184 674 diucius
1205 611 1338 696 protra-

209 705 323 796 nante,
348 729 389 778 eo
407 705 493 802 quod
512 711 598 780 inter
614 709 719 801 ipsum
738 715 771 776 et
787 703 950 776 Francurn
967 699 1165 774 tractabatur
1182 698 1224 770 de
1241 709 1338 770 uen-

210 808 277 896 gisq
300 801 493 900 Francoque
518 809 645 878 sciente
666 803 816 894 Anglum
839 803 1035 874 electionem
1060 809 1217 892 appetere
1242 807 1276 866 at
1297 793 1338 866 ob

210 900 285 992 hoe
303 925 346 974 ne
364 913 492 976 creseat
509 908 580 978 eius
598 905 761 996 potencia,
785 911 921 992 treugas
939 899 1021 972 alias
1049 897 1110 970 sibi
1133 897 1338 987 gratissimas

209 1011 399 1091 recusante,
416 999 595 1094 Angloque
618 1009 751 1094 propter
773 999 863 1068 litem
886 1019 961 1068 cum
977 995 1106 1068 Franco
1122 998 1156 1064 in
1175 993 1263 1064 sesto
1278 989 1339 1062 lo-

209 1094 328 1170 bannis
344 1095 484 1192 baptiste
506 1102 707 1170 revictuuam
723 1095 765 1166 de
784 1096 946 1167 electione
967 1091 1152 1167 huiusmodi
1174 1092 1340 1165 intromit-

211 1203 282 1265 tere
299 1217 338 1268 se
355 1196 501 1286 nolenteq
527 1193 589 1268 sed
606 1193 732 1280 eisdem
749 1191 946 1286 principibus
971 1189 1096 1262 favoris
1114 1191 1166 1260 sni
1182 1187 1338 1260 auxilium

210 1289 403 1386 pollicente:
420 1292 519 1364 iidem
535 1293 713 1386 principes,
731 1300 850 1365 vocam
867 1287 1033 1361 Friderioo
1051 1285 1239 1358 marchione
1248 1282 1339 1356 Mis-

210 1391 357 1478 senensi„
376 1386 538 1484 abnepote
555 1386 711 1461 Friderici
728 1390 934 1482 imperatoris
953 1409 998 1458 ex
1014 1385 1092 1475 filia,
1110 1403 1239 1476 genero
1256 1403 1340 1476 pre-

207 1484 285 1555 dicti
302 1483 474 1560 ludowici
490 1489 644 1580 principis
662 1485 818 1576 defuncti„
843 1488 876 1555 in
899 1487 1055 1578 principio
1079 1485 1157 1552 iunii
1179 1485 1214 1552 in
1231 1479 1337 1550 Kans¹

208 1577 353 1654 Bavarie
377 1595 615 1656 convenerunt.
665 1579 729 1653 Ubi
753 1592 861 1653 actum
885 1593 949 1673 est„
975 1577 1062 1676 quod
1084 1579 1171 1650 idem
1194 1575 1340 1648 marchio

208 1679 389 1773 predictam
404 1679 588 1755 Beata-icem
606 1681 683 1752 olim
699 1681 941 1776 imperatricem
958 1675 1081 1750 ducere
1098 1679 1132 1749 in
1149 1695 1291 1749 uxorem
1308 1683 1341 1744 et

209 1775 252 1846 dc
270 1777 419 1851 Romano
436 1801 543 1872 regno
561 1781 774 1851 intromittere
793 1799 832 1852 sa
849 1773 993 1850 deberet.

212 1928 360 2099 antitter
377 1933 515 2048 opidani
535 1934 575 2003 cte
592 1931 783 2020 Nitrcnbcrq
803 1932 969 2001 eiecerunt
981 1929 1188 2018 potenciores
1205 1935 1238 1999 ct
1255 1924 1339 2011 san-

221 2103 223 2110 ,
320 2049 394 2099 orca
413 2047 509 2120 rapas.

284 2159 422 2257 Opidum
446 2184 575 2258 quoque
598 2157 799 2254 Nurenberg
822 2163 936 2237 eiectis
960 2155 1222 2256 potencicrbus,
1247 2159 1341 2251 regis

208 2254 407 2351 lauicanos,
436 2255 564 2336 dicente
591 2259 727 2356 populo:
762 2281 797 2332 sc
827 2281 893 2332 non
924 2263 1122 2332 consensisse
1152 2262 1187 2328 in
1217 2276 1337 2347 repen,

207 2356 432 2430 marchionem
456 2354 497 2427 de
513 2355 757 2451 Brnndenburg
781 2361 964 2452 acceptavit
984 2360 1064 2450 [iun.
1082 2357 1133 2448 4].
1176 2355 1255 2427 Post
1279 2353 1342 2426 beo

206 2451 427 2528 blissanensis
452 2454 617 2528 desistens
642 2480 660 2526 a
684 2459 869 2551 proposito,
896 2460 1039 2552 receptis
1064 2479 1083 2527 a
1107 2475 1191 2546 rege
1216 2451 1341 2524 llarolo

207 2548 325 2624 decem
342 2551 470 2624 milibus
488 2557 620 2644 marcisa
637 2553 723 2625 sacto
741 2552 967 2646 sibihomagio
978 2563 1011 2625 et
1022 2562 1175 2647 excepto,
1194 2573 1237 2622 ne
1254 2571 1340 2621 con-

204 2655 253 2720 tra
272 2649 355 2723 lilios
374 2648 517 2722 defuncti
534 2654 687 2746 principis
704 2651 840 2744 faceret,
859 2675 877 2724 a
894 2673 979 2744 rege
996 2651 1169 2724 feudorum
1186 2651 1334 2720 investi-

203 2745 311 2818 luram
328 2751 462 2841 accepit.
512 2749 671 2836 Quamvis
690 2752 777 2822 enim
794 2751 925 2824 iuvenis
947 2753 1080 2822 artctica
1104 2745 1279 2820 tenebatur
1305 2753 1338 2816 et

206 2843 293 2916 inira
309 2842 477 2916 biennium
493 2849 637 2918 moritur.

204 2955 255 3064 aa
273 2996 401 3084 napae
421 2996 490 3080 ntae
510 3000 597 3088 rece
617 2999 771 3070 nonme
791 3005 824 3070 a
839 2999 904 3082 ntia
924 3001 1018 3070 acca
1038 2999 1175 3070 nccare.

251 3124 383 3199 interea
400 3131 485 3200 inter
501 3127 694 3202 bohemiam
712 3141 744 3202 et
760 3130 929 3203 Austriam
946 3129 1069 3202 Karolo
1084 3153 1169 3222 rege
1186 3129 1334 3226 predicto

204 3223 387 3297 etAlbertc
398 3227 545 3298 Australi
562 3249 622 3321 pro
639 3226 848 3323 perficiendis
866 3231 991 3323 nupciis
1010 3231 1094 3299 inter
1111 3249 1226 3300 eornm
1244 3227 1334 3299 libe-

203 3341 260 3393 ros
278 3322 551 3396 convenientibus
562 3325 595 3395 in
607 3326 728 3416 vicino,
748 3336 781 3396 et
792 3322 920 3398 dicente
933 3325 1081 3398 Australi
1092 3323 1338 3398 coactoribus:

204 3421 295 3506 qnod
311 3423 397 3490 scire
416 3424 517 3512 octtct,
545 3425 635 3511 qnod
661 3443 722 3493 ren
741 3443 807 3493 non
828 3427 994 3494 assisteret
1011 3426 1123 3510 comiti
1150 3427 1191 3494 dc
1214 3423 1358 3513 blood·

203 3517 294 3606 dorp,
315 3521 351 3588 in
371 3519 513 3602 confinio
532 3523 668 3612 dustria,
695 3521 840 3612 linquite
861 3529 894 3592 ct
909 3521 1063 3592 Benenate
1082 3524 1247 3610 residenti,
1275 3545 1339 3594 rex

202 3632 286 3686 vero
310 3615 452 3688 eundem
476 3621 646 3708 comitem,
670 3627 824 3713 tanqunn
848 3621 1044 3692 servitorem
1069 3641 1184 3709 suum7
1210 3617 1338 3690 diceret

201 3711 390 3808 relinquere
408 3737 446 3787 se
463 3736 531 3786 non
546 3735 665 3810 posse:
687 3715 783 3788 ambo
799 3715 920 3788 iniecto
938 3719 1080 3807 negocio
1099 3726 1174 3790 sunt
1190 3719 1335 3789 reversi.

200 3803 292 3882 Idem
309 3814 397 3883 enim
415 3833 540 3903 cernesq
564 3815 695 3886 iuveris
714 3824 747 3884 et
768 3814 931 3906 elegantis
955 3813 1072 3904 forme,
1098 3824 1246 3908 tempore
1264 3813 1332 3885 ob-

90 3979 94 3986 ,
200 3903 336 4000 sidionis
353 3907 455 3982 Kales
473 3913 506 3980 in
524 3913 667 3982 servicio
684 3909 801 3982 Franci
820 3914 981 4002 existens,
1002 3923 1035 3982 et
1052 3913 1197 3983 relictam
1215 3933 1329 4006 quon-

201 4001 276 4077 dam
294 4059 411 4078 .....
414 4007 429 4052 2
446 4003 567 4080 domini
584 4011 617 4080 in
635 4005 747 4097 Kiissi
773 4007 873 4080 liliam
897 4005 1059 4104 qnondam
1075 4005 1211 4104 Lupoldi
1236 4007 1327 4080 ducis

199 4099 335 4183 Austris
352 4105 503 4196 visitans,
528 4116 562 4177 et
584 4103 761 4199 prehabitis
785 4105 930 4200 pluribus
955 4109 1166 4178 internunciis
1191 4129 1267 4177 cum
1291 4127 1330 4176 eo

236 4229 266 4306 1)
285 4232 505 4292 wahrscheinlicb
520 4235 602 4293 ctam
618 4235 784 4295 nordosuich
799 4254 851 4296 von
865 4236 1051 4310 Regensburg.
1089 4236 1120 4308 2)
1134 4235 1331 4308 Engucrrandi.
