2960 4832
325 212 500 274 flammeos
519 214 563 272 na
582 211 845 276 nmssmnovnrr.
1131 212 1179 290 33

75 385 578 558 ttttltllttilttl
588 384 1181 582 architecticis:
1197 416 1267 474 ¹³³⁰

321 539 332 576 e
377 543 383 556 ·
1012 539 1023 576 c

73 586 166 654 mitem
181 582 388 677 Rudolphum
404 582 445 653 de
463 581 596 676 Nidorpp
613 606 674 680 per
691 587 841 656 comitem
851 583 984 656 Petrum
994 584 1035 654 de
1046 582 1181 676 Arherg

72 703 122 773 per
135 685 281 752 comitem
299 679 341 751 dc
356 679 597 776 Nuwenhurg,
607 703 668 776 per
684 681 757 754 illos
775 679 817 752 de
833 679 1008 774 Friburgm
1032 685 1086 775 qui
1102 704 1181 753 om-

73 800 122 848 nes
142 779 274 850 conflicti
297 788 373 850 sunt
395 800 455 872 per
471 778 645 872 predictos.
668 777 711 850 Et
733 782 863 852 occisus
885 779 944 850 luit
960 777 1079 850 ibidem
1095 777 1180 852 lilius

72 873 186 968 predicti
203 879 328 948 comitis
346 873 510 948 Sabaudie
528 899 592 948 una
616 899 691 948 cum
707 875 861 966 Rudolfm
885 875 1055 948 Gerhardo
1073 881 1181 948 comi-

72 969 140 1044 tihus
161 973 324 1066 predictis
349 984 383 1044 et
404 973 493 1045 multi
517 973 559 1044 de
575 972 737 1065 Friburgo
761 978 888 1068 equites
913 985 946 1046 et
961 973 1087 1068 pedites
1106 985 1182 1048 sunt

71 1073 154 1142 occisi
169 1093 241 1142 cum
258 1071 369 1144 multis
387 1068 565 1158 nobilibus3
583 1071 695 1164 plures
707 1081 817 1144 autem
849 1071 1010 1164 crhrgam
1021 1071 1181 1144 suntsal·

71 1169 126 1237 vati
140 1189 231 1262 quam
247 1171 362 1258 occisi
380 1178 414 1238 et
429 1171 534 1240 maior
550 1168 608 1240 lirit
618 1189 803 1242 numeruss
849 1167 1067 1241 cumbentium
1085 1190 1181 1262 quam

70 1261 180 1337 illorum
201 1269 255 1359 qni
279 1269 441 1339 vicerunt.
540 1263 624 1338 Item
647 1288 733 1337 anno
756 1265 901 1360 predicto
924 1287 1029 1340 nonas
1047 1267 1114 1337 iulii
1131 1266 1181 1338 sol

71 1383 157 1455 usque
173 1362 214 1433 ad
229 1367 366 1434 terciam
383 1373 509 1457 partem
526 1363 687 1457 eclypsim
703 1386 822 1457 passus
847 1376 900 1438 est
921 1375 996 1460 post
1012 1363 1182 1436 meridiem

71 1467 97 1528 et
109 1469 177 1532 ante
191 1482 357 1556 vesperas
375 1459 447 1533 fere
464 1459 507 1533 ad
523 1483 623 1534 unam
639 1459 763 1534 horam.

73 1641 218 1730 &amodo
234 1667 298 1718 rec
314 1647 431 1736 duplic
447 1667 599 1736 apresens
616 1656 665 1718 cst
678 1657 711 1718 ct
727 1652 825 1718 ettam
838 1652 1032 1737 provocavit
1045 1652 1182 1738 adpre-

149 1748 223 1814 tium
238 1765 352 1834 repom
368 1747 516 1834 Francic,
534 1749 575 1815 dc
592 1749 761 1816 nativitate
771 1747 901 1828 liudolfi
915 1748 980 1830 fittt
996 1749 1089 1816 ducis
1107 1749 1178 1816 Au-

147 1847 230 1933 strie,
248 1845 290 1912 dc
308 1846 475 1912 emtione
488 1846 612 1931 palatii
627 1845 853 1914 Actntonensis
870 1846 1057 1932 etquenam
1073 1847 1152 1914 alta.

108 1959 179 2031 ltem
195 1982 282 2032 anno
300 1957 446 2052 predicto
464 1979 581 2032 mense
599 1955 794 2052 septembris
805 1981 869 2030 rex
878 1957 1180 2050 Angheagressus

72 2050 297 2153 estPhilippum
315 2054 454 2126 Francia
477 2077 596 2147 regem
618 2059 652 2126 in
674 2078 781 2148 regno
806 2077 867 2128 suo
890 2054 1097 2128 devastando
1121 2053 1181 2128 sibi

72 2155 167 2226 malms
189 2167 311 2245 terras,
337 2161 371 2223 et
393 2155 588 2246 provocavit
610 2173 688 2224 eum
705 2152 747 2224 ad
763 2153 902 2247 prelium
918 2156 1060 2224 veniens
1076 2175 1180 2247 prope

72 2251 190 2326 Parisios
208 2273 314 2346 usqae
334 2247 475 2322 adduas
493 2247 610 2341 dietas,
629 2248 745 2323 stando
762 2247 882 2320 ibidem
897 2249 1097 2343 usquedum
1115 2249 1181 2321 de-

73 2347 196 2422 iecerunt
212 2349 274 2423 sihi
292 2347 460 2438 victuma,
477 2345 518 2418 ob
537 2370 673 2442 quorum
690 2347 854 2419 deiectum
870 2349 1012 2420 recessit
1021 2346 1063 2417 de
1073 2368 1181 2438 regno

73 2457 97 2516 et
110 2451 195 2520 etiem
216 2456 353 2540 propter
374 2453 502 2538 tempus
526 2443 680 2539 hyemale
702 2446 838 2517 ulterius
862 2447 897 2515 in
914 2466 1029 2539 campo
1045 2465 1181 2516 manere

73 2554 265 2638 conpererat.
284 2541 329 2616 Et
339 2543 388 2614 sio
398 2541 503 2614 soluta
514 2541 573 2613 fuit
583 2545 726 2614 maxima
738 2545 960 2634 congregacio
972 2545 1066 2633 regis
1076 2541 1182 2634 Ang-

73 2639 105 2709 lie
114 2665 198 2735 qnam
208 2639 320 2713 hahuit
330 2637 517 2711 laventibus
535 2638 594 2711 sihi
605 2637 802 2734 principibus
813 2639 1001 2730 Alcmana
1026 2637 1180 2712 videlicet

74 2732 293 2830 llagnntirrcnsi
305 2735 496 2809 Coloniensi
506 2737 707 2810 Treverensi
719 2735 985 2831 archiepiscopis,
997 2735 1080 2808 duce
1091 2736 1180 2810 Bra-

73 2829 193 2928 branctep
210 2839 332 2908 comite
349 2831 521 2906 Hollandie
540 2845 573 2906 et
590 2836 660 2908 aliis
678 2832 823 2929 pluribus
841 2832 1023 2925 comitibus,
1046 2837 1182 2930 insuper

74 2928 319 3022 hamensibus„
344 2933 398 3025 qai
422 2953 497 3004 eum
522 2929 582 3004 sihi
604 2936 638 3003 in
655 2931 821 3004 dominum
838 2932 1023 3023 elegerunt,
1041 2931 1181 3025 expulso

75 3035 168 3102 comite
183 3029 350 3118 Mandris,
375 3031 428 3122 qut
450 3030 606 3102 nannalis
625 3027 774 3102 dominus
798 3050 913 3099 eorum
937 3031 1052 3118 extitit
1075 3039 1109 3099 et
1124 3031 1182 3100 in-

75 3128 310 3220 superrcsallus
321 3124 638 3218 legislationum
649 3130 682 3198 in
693 3131 785 3198 cuius
796 3125 906 3196 odium
918 3147 994 3196 eum
1004 3135 1081 3196 tuno
1091 3135 1181 3197 tem-

75 3229 143 3314 poris
152 3223 343 3298 refutabant.
442 3222 524 3295 ltem
534 3223 679 3318 predicto
690 3245 776 3296 anno
787 3245 903 3296 mense
913 3220 1103 3296 novembris
1115 3245 1182 3295 na-

76 3327 114 3389 tos
129 3333 174 3396 est
188 3323 320 3396 domino
339 3319 477 3392 Alberto
488 3321 563 3393 duci
572 3323 708 3394 Ausara
719 3319 804 3393 lilius
815 3342 861 3396 ex
870 3319 935 3391 lilia
946 3323 1071 3392 comilis
1081 3319 1182 3392 Phir-

76 3427 193 3492 retcrrrm
216 3441 317 3516 quem
334 3421 468 3492 vocavit
483 3417 674 3509 liudolfum,
696 3422 829 3490 nominc
852 3422 908 3490 avi
926 3421 977 3492 sui
994 3419 1071 3490 olim
1087 3420 1180 3510 regis

76 3509 283 3589 Romanorum.
385 3514 511 3586 Eodem
529 3520 634 3588 colam
650 3538 767 3588 mense
780 3516 942 3610 palacium
948 3517 1180 3588 Atinionense

77 3629 142 3704 pope
155 3613 321 3686 Benedicti
339 3615 395 3685 xii.
419 3617 549 3708 proprio
571 3617 651 3705 igne
676 3623 830 3686 exustum
854 3623 918 3703 est,
942 3623 976 3684 et
997 3611 1181 3686 lanuenses

78 3727 138 3780 taos
153 3711 276 3784 nobiles
290 3710 680 3804 expuleruntetRornani
691 3709 862 3783 silianum
873 3709 914 3780 de
927 3709 1108 3804 Columpna
1121 3731 1182 3782 se-

79 3815 200 3881 natorem
222 3811 384 3897 lecerunt
408 3807 562 3880 videlicet
585 3819 711 3903 patrem
735 3805 854 3879 domini
877 3805 1030 3880 Iohannis
1049 3806 1091 3876 de
1110 3803 1182 3876 Co·

79 3896 185 3998 ltmpna
207 3906 350 4003 dyaconi
372 3903 545 3979 cardinalis
568 3907 648 3978 tituli
672 3909 776 3982 sancti
794 3903 995 3995 archangeli,
1014 3913 1047 3973 et
1064 3900 1183 3974 eodem

80 4017 173 4072 mense
191 4027 250 4099 per
272 4003 523 4076 inundacionem
546 4025 703 4099 aquarum
726 4003 825 4074 multa
843 4001 982 4096 dampna
999 3997 1183 4072 hominihus

80 4091 147 4170 tha
161 4112 232 4174 sunt
247 4111 283 4173 et
299 4103 441 4175 maximo
457 4098 704 4176 Basiliensihus.

107 4205 129 4276 ¹)
140 4228 168 4269 so
189 4214 230 4272 die
251 4215 304 4285 ha,
316 4213 390 4270 wohl
404 4210 595 4274 schreihiehlor
609 4219 674 4272 atatt
696 4217 730 4269 el.
767 4210 798 4283 2)
814 4209 955 4271 Valcodis.

120 4329 400 4378 mmmromass
952 4317 971 4374 3
