2918 4824
350 249 514 310 niminis
536 249 875 313 NUEWENBURGENSIS.
1098 253 1172 332 237

64 425 157 500 cordio
171 427 288 500 borum
297 427 432 524 Philippi
444 429 630 503 etEduardi
649 453 749 525 super
764 452 872 521 reguo
883 427 1034 520 Franoim
1053 429 1255 523 dimo-1³46

64 525 141 598 diens
158 550 176 598 a
192 529 341 616 materia,
360 526 438 598 duxi
456 525 602 601 breviter
619 528 878 625 exprimendam.
911 527 995 602 Olim
1006 527 1170 623 Philippus

62 623 179 718 pulcher
200 647 265 696 rex
280 622 432 716 Francis,
462 630 516 720 qui
538 631 693 718 regnavit
717 637 862 720 tempore
884 627 1062 699 Clementis
1086 649 1171 721 pape

63 725 145 814 quinti
164 732 196 792 et
213 718 359 794 Heinrioi
381 726 586 818 imperatoris
613 721 884 814 [1285-1314n
912 727 1030 820 quique
1053 745 1170 797 omues

60 818 163 892 ludeos
180 818 221 889 de
239 831 326 891 terra
345 843 404 893 sua
423 821 560 915 expulit,
584 843 699 894 eorum
716 820 871 895 thesauro
888 833 1028 912 retento,
1053 824 1170 918 quique

62 915 189 988 ordinem
205 917 464 1012 Templariorum
480 929 616 1014 propter
633 942 748 992 eorum
765 923 951 1014 potenciam
968 930 1002 991 et
1021 918 1171 1008 divicias,

61 1037 108 1106 pro
124 1013 234 1108 quibus
253 1018 422 1110 aspiravit
445 1015 590 1090 confictis
609 1019 641 1088 in
659 1039 718 1090 eos
737 1013 929 1112 quibusdam
947 1014 1106 1112 turpibus,
1130 1015 1170 1088 ab

63 1115 119 1205 ipso
143 1135 224 1207 papa
252 1111 377 1184 destrui
403 1118 610 1209 procuravit,
638 1138 776 1211 quorum
802 1113 919 1188 domus
943 1115 1169 1210 Hospitalariis

61 1219 123 1280 sunl
143 1213 242 1300 unite
265 1233 325 1305 per
348 1210 434 1305 quod
458 1211 620 1284 modicum
643 1211 880 1308 profecerunt¹,
904 1211 1014 1286 babuit
1036 1211 1170 1284 fratrem
1215 1271 1220 1283 .

62 1305 210 1398 llamlum
234 1307 330 1379 huius
347 1307 481 1405 Philippi
508 1306 549 1380 de
566 1309 704 1382 Valosio
721 1311 812 1402 regis
832 1308 1085 1402 [1328-1350]
1148 1347 1171 1362 -

62 1413 137 1474 uem.
171 1403 254 1478 Item
270 1405 381 1477 babuit
399 1417 466 1480 tres
484 1405 585 1480 lilios:
603 1405 830 1498 Ludovvicum
847 1407 1027 1504 Philippum
1046 1419 1080 1479 et
1096 1333 1170 1480 da-

61 1501 160 1592 cotum
178 1526 314 1597 quorum
331 1507 454 1598 primus
473 1515 507 1576 et
522 1507 643 1578 tercius
661 1504 744 1578 duas
762 1527 895 1578 sorores
914 1505 955 1576 de
966 1505 1169 1598 Burgundio,

62 1597 168 1670 modius
185 1623 269 1674 vero
287 1599 329 1672 de
348 1607 435 1673 ....²
452 1599 636 1675 babuerunt
653 1625 787 1676 uxores.
831 1600 950 1674 Habuit
972 1607 1076 1675 eciam
1099 1607 1171 1696 ipse

61 1695 235 1790 cenitana,
259 1703 411 1792 reginam
429 1699 567 1794 cinglio,
591 1711 728 1772 matrem
753 1700 886 1796 predicti
903 1699 1056 1774 Eduardi.
1100 1701 1171 1772 Hec

62 1804 120 1886 post
135 1799 335 1868 nativitatem
345 1795 490 1869 Eduardi
507 1801 649 1872 veniens
668 1799 710 1870 ad
719 1796 900 1894 Philippum
917 1809 1056 1894 patrem,
1073 1797 1170 1870 Edu-

64 1889 158 1964 ardum
174 1898 323 1966 maritum
341 1917 437 1968 suum
455 1895 496 1966 de
515 1896 662 1968 sodomia
687 1895 855 1986 deferens,
887 1900 994 1992 ipsum
1011 1895 1053 1968 de
1069 1899 1170 1993 patris

64 1990 164 2061 auribo
181 1997 360 2088 captivavit
385 1991 512 2088 [1327]
540 2004 572 2065 et
595 2016 700 2090 usquo
725 1993 766 2065 ad
789 2006 928 2067 mortem
954 1989 1168 2091 [isept.22]

65 2091 148 2160 tonuit
162 2093 369 2185 captivatum.
407 2092 479 2180 Quo
491 2089 645 2164 defuncto
656 2090 708 2164 hic
717 2089 892 2166 Eduardus
903 2093 1073 2188 preclarus
1084 2115 1171 2186 reg-

63 2205 142 2276 naus,
157 2200 294 2261 matrem
311 2191 490 2284 captivavit
500 2199 533 2260 et
544 2189 665 2262 detinet
677 2193 885 2285 captivatam,
903 2191 1099 2286 murosque,
1117 2193 1171 2286 qui

65 2281 89 2350 in
104 2305 177 2355 nece
191 2289 293 2380 patris
311 2291 479 2382 aspirasse
496 2299 631 2384 propter
646 2292 796 2379 reginam
817 2287 998 2360 adulteram
1010 2287 1171 2360 diceban-

64 2387 113 2468 lora
128 2383 245 2456 occidit.
286 2384 358 2457 Hoc
374 2385 500 2477 Angla,
518 2395 692 2480 antequam
709 2383 895 2460 discederet
912 2409 930 2456 a
949 2387 1038 2457 ouria
1056 2388 1170 2480 patris,

65 2476 163 2550 nedum
180 2485 331 2554 maritum
350 2481 390 2554 de
409 2482 569 2575 sodomia,
589 2482 650 2556 sed
668 2493 700 2554 et
718 2494 785 2558 tres
803 2505 926 2557 umores
939 2481 1074 2556 fratrum
1085 2505 1170 2558 suo-

63 2593 120 2645 rum
136 2577 173 2649 de
194 2583 290 2652 trium
308 2582 442 2652 militum
466 2581 624 2654 adulterio
647 2585 824 2654 accusavit.
878 2579 1054 2677 Captisque
1079 2581 1170 2653 mili-

65 2669 130 2744 ibus
147 2686 176 2748 el
192 2676 363 2768 uxoribus,
388 2701 428 2751 ao
443 2677 595 2752 militibus
619 2682 849 2751 excoriaoione
867 2683 1030 2768 audactis,
1054 2677 1170 2752 Ludo-

65 2773 124 2841 wici
146 2797 269 2871 proque
289 2797 394 2848 umore
412 2780 569 2867 extincta,
594 2774 681 2848 idem
699 2777 917 2869 elementato,
941 2775 1170 2856 liliamKaroli

65 2873 137 2940 tercii
151 2878 236 2966 regis
256 2871 393 2964 ecclic,
410 2885 543 2969 neptem
560 2871 691 2946 Rudolll
708 2874 933 2948 Romanorum
949 2876 1055 2968 regis,
1079 2874 1170 2946 duxit

65 2984 187 3040 oaorem.
236 2970 361 3059 Quibus
379 2970 558 3044 Lodowico
582 2984 615 3045 et
637 2971 784 3068 Philippo
808 2984 882 3069 post
905 2983 1042 3046 mortem
1068 2975 1168 3067 patris

64 3071 231 3142 successive
248 3066 466 3163 regnantibus
483 3081 517 3142 et
534 3072 607 3143 sine
627 3071 719 3164 prole
737 3069 910 3162 defunctis,
935 3093 1010 3142 oum
1027 3069 1168 3142 Karolus

64 3157 144 3234 lratcr
168 3188 281 3240 eorum
310 3179 484 3260 regnaret:
513 3169 606 3241 venit
630 3167 672 3238 ad
700 3189 776 3240 eum
803 3166 934 3242 ducissa
961 3166 1167 3260 Burgundio,

65 3269 148 3333 mater
162 3268 271 3340 uxoris
290 3267 362 3338 eius
381 3275 487 3361 capte,
506 3267 624 3338 timens
643 3263 791 3340 similiter
807 3265 883 3338 buio
899 3264 965 3337 lilio
976 3267 1089 3338 mortis
1099 3286 1168 3359 pe-

64 3354 175 3431 riculum
190 3365 364 3454 inminere,
385 3359 498 3436 dicens
517 3367 564 3434 ei:
586 3363 724 3434 Pcccoot
744 3368 883 3455 dominc,
905 3367 1041 3454 ionpeao
1062 3364 1167 3434 oodio⁸

65 3460 242 3532 mommolo
261 3463 368 3545 filiam
388 3481 501 3550 mom,
529 3482 628 3551 quom
644 3471 742 3551 potor
763 3471 866 3534 nestor
889 3465 930 3534 de
953 3482 1051 3533 sacro
1078 3460 1169 3546 sonte

66 3549 165 3626 blood
216 3557 259 3630 Et
286 3557 455 3632 adducens
479 3559 610 3634 ducissa
637 3559 796 3654 quosdam
819 3570 924 3634 testes
947 3569 1099 3656 repertos
1124 3558 1165 3630 od

67 3643 240 3728 Clementem
263 3658 420 3752 quintum,
444 3655 610 3748 gaudente
634 3679 731 3749 rege,
756 3656 938 3731 divorcium
963 3677 1027 3752 per
1049 3679 1167 3751 papam

67 3739 121 3816 lieri
139 3759 331 3845 procuravit,
356 3758 493 3849 regique
511 3754 634 3827 Korolo
659 3755 723 3826 filia
748 3755 912 3850 quondam
930 3755 1076 3826 Heinrioi
1098 3758 1167 3825 im-

67 3854 209 3942 pauno,
232 3873 327 3925 soror
349 3851 486 3947 predicti
506 3856 598 3945 regis
615 3850 787 3943 Bohemic,
812 3853 886 3924 data
905 3863 957 3927 est
973 3855 1007 3923 in
1025 3872 1165 3924 uxorem

81 3970 116 4053 .¹.]
128 3993 155 4034 so
168 3979 193 4036 Β.
205 3982 258 4038 und
271 3984 310 4052 0.,
329 3983 453 4052 dagegen
468 3984 514 4038 ab:
533 3998 646 4054 quorum
665 3983 762 4040 domus
782 3989 809 4038 et
826 3983 898 4039 bona
911 3980 1098 4053 llospilolorils
1118 3997 1167 4037 or·

68 4037 119 4098 uas
138 4053 213 4108 sancti
229 4054 355 4110 lobannis
377 4053 630 4124 llierosolpmitauis
657 4061 719 4110 sunl
746 4054 836 4138 onita,
861 4053 976 4124 lecitque
1002 4052 1084 4134 idem·
1098 4069 1166 4136 popo

67 4117 169 4180 quosdam
186 4123 274 4182 iratres
295 4125 415 4182 eiusdem
434 4123 536 4181 ordinis
549 4125 757 4199 Templariorum
777 4125 810 4180 ad
825 4124 979 4180 instinctum
993 4123 1086 4179 Franco
1100 4139 1164 4194 igne

69 4191 162 4261 ormari,
199 4213 226 4252 cr
249 4197 321 4270 quod
348 4203 434 4252 tamen
453 4196 548 4252 iratres
568 4195 805 4268 Hierosolymitoni
825 4196 958 4252 modicum
985 4194 1166 4268 proiecerunt.

68 4213 321 4326 iudicabuntur
340 4269 406 4325 aucb
425 4269 456 4325 A.
494 4269 524 4338 3)
544 4267 623 4326 vobis
643 4269 708 4327 ieblt
726 4267 753 4326 in
772 4269 812 4358 a,
829 4268 866 4326 ist
884 4285 932 4326 nus
951 4267 984 4324 Α.
1004 4273 1123 4339 argona.
