3010 4822
277 233 349 318 5‘32
615 237 1064 300 mmaroosaoeooamuars,

192 423 262 478 1347
276 413 455 488 Ludewim'.
481 415 562 486 Item
581 437 626 488 ex
639 416 756 487 eadem
770 417 873 488 lorma
887 415 1027 512 oportuit
1040 418 1150 488 iurare
1167 412 1407 488 absolvendos:
1496 433 1497 482 ι

277 515 367 600 paud
384 518 536 602 deinceps
555 517 637 584 nolti
659 523 696 584 ut
713 518 905 603 duperotori
927 517 1102 603 obedirent,
1125 518 1190 584 nisi
1209 518 1307 601 priua
1325 513 1411 597 foret

271 623 335 699 per
351 615 523 681 erendum
539 613 747 700 approbatam.
781 613 822 684 Et
844 611 906 682 heo
928 612 1032 684 lorma
1056 622 1109 684 ost
1127 610 1252 681 adieota
1277 617 1409 704 propter

271 701 485 779 difinitionem
502 712 684 802 principum
702 709 889 798 alamania
913 709 956 780 de
979 732 1042 802 qua
1061 731 1159 803 supra
1177 705 1238 780 sub
1257 711 1323 778 istu
1340 706 1409 777 lu·-

274 801 415 876 dawioo.
441 806 484 877 Et
500 816 633 899 propter
649 806 726 877 illud
745 808 829 900 quod
847 818 977 878 notatur
992 809 1025 878 iu
1041 808 1167 877 constit
1186 804 1351 876 Clamant.
1369 804 1409 874 de

274 903 406 973 iuretur.
435 928 463 974 e.
487 905 627 973 Hmnoni
650 924 747 996 porro
773 925 872 993 anper
893 906 991 974 oordo
1014 906 1130 993 Reges,
1158 901 1211 974 ubi
1235 902 1355 992 glossa
1379 911 1410 971 et

274 1003 372 1070 etiam
390 1000 523 1072 difinitio
539 1003 732 1096 principun,
750 1025 814 1096 que
832 1004 945 1094 glossa
964 1001 1104 1094 loquium
1121 999 1163 1070 de
1180 1021 1266 1090 roge
1282 1018 1352 1070 non
1370 998 1410 1070 de

274 1099 480 1190 imperatore.

323 1195 465 1268 Karoloe
484 1206 617 1290 quartus
638 1195 723 1268 lilius
740 1194 893 1268 iohannis
917 1200 1009 1288 regie
1028 1195 1200 1284 Bohemie,
1224 1195 1355 1268 eleetos
1379 1199 1409 1266 io

268 1311 394 1460 {titt
414 1291 848 1464 litttillldlttl
850 1315 902 1462 31⁰0
916 1305 1132 1482 tldtll
1144 1315 1215 1461 tlt
1216 1303 1410 1478 lati

274 1494 398 1558 etcum
415 1486 615 1560 multitudine
632 1486 852 1560 Bohomorum
869 1491 1001 1560 intrauit
1016 1488 1204 1559 inferiorem
1217 1485 1409 1560 Bawariam
1496 1557 1497 1560 ,

268 1585 361 1655 iuxta
386 1583 574 1674 Cambium,
601 1595 634 1656 et
658 1583 699 1654 ibi
726 1583 861 1657 oedibus
888 1597 921 1656 et
943 1584 1094 1656 iuuandio
1113 1584 1253 1657 rimanti
1274 1596 1407 1656 terram.

270 1679 314 1751 Et
330 1680 542 1754 ascendendo
565 1685 654 1753 iuxta
679 1703 796 1776 aquam
813 1679 953 1754 Danubii
977 1705 996 1754 a
1022 1685 1153 1755 civitate
1170 1681 1407 1776 Ratisponeusi

271 1788 307 1848 ut
328 1799 392 1850 rex
415 1790 466 1853 est
489 1788 673 1872 susoeptus.
706 1779 835 1850 Deinde
858 1791 1009 1874 potenter
1031 1782 1173 1852 veniens
1190 1777 1407 1870 Numnoag„

270 1870 389 1946 eadem
414 1880 530 1949 aivitas
554 1880 615 1970 ipsi
639 1885 674 1948 ut
696 1879 769 1968 regi
791 1874 947 1950 obedivit.
979 1877 1022 1950 Et
1043 1898 1160 1949 omnes
1184 1879 1354 1970 principes
1375 1886 1407 1946 et
1496 1967 1497 1970 Ἴ

270 1968 398 2046 nobiles
415 1972 598 2044 Franoonie
619 1981 653 2044 et
668 1972 794 2045 Suevie
815 1973 856 2043 ad
879 1978 986 2069 ipsum
1005 1973 1183 2061 ooolluunt„
1251 1977 1324 2046 'us
1341 1973 1407 2046 do·-
1496 1971 1497 1980 ’

267 2073 361 2140 uaria
389 2090 510 2162 magna
538 2068 627 2141 dedit
649 2081 682 2142 et
705 2069 870 2165 promisitq
894 2083 928 2144 et
950 2073 1011 2167 ipsi
1035 2083 1070 2144 ut
1094 2074 1169 2162 regi
1236 2071 1353 2143 edimrt
1376 2079 1409 2142 et

172 2175 175 2179 ’
269 2165 367 2238 leuda
394 2189 455 2240 sua
479 2166 519 2238 ab
550 2189 591 2239 eo
617 2171 806 2263 suscipiunt.
842 2169 905 2241 Hio
931 2173 965 2241 in
992 2171 1136 2243 oonsiliis
1163 2166 1343 2262 oronim,
1375 2171 1409 2239 in

269 2265 410 2355 agendis
437 2268 712 2360 oiroumspeotus,
740 2265 780 2337 ad
805 2262 891 2338 bella
914 2277 949 2338 et
974 2289 1114 2359 guerras
1138 2285 1204 2336 nou
1231 2265 1409 2352 anhelans„
1496 2301 1497 2320 ι

262 2366 387 2434 ostada
412 2375 447 2435 et
473 2363 623 2434 faoundia
648 2373 681 2434 et
703 2363 891 2437 tractatibus
915 2365 1109 2456 generalem
1131 2384 1250 2457 paoem
1272 2362 1352 2434 leeit
1375 2366 1409 2434 io
1496 2391 1497 2448 ς

271 2458 457 2549 alamania,
475 2471 509 2530 at
525 2471 684 2553 mannos
702 2465 735 2531 in
751 2458 842 2533 ltalia
861 2460 922 2534 sibi
939 2465 1078 2535 attraxit

185 2557 256 2616 1348
318 2557 419 2630 Anno
437 2558 557 2630 domini
574 2559 801 2630 m.ooo.xl.viii.
820 2570 854 2631 et
877 2581 963 2632 anno
980 2559 1127 2633 seeundo
1151 2557 1285 2655 prodioti
1308 2562 1410 2650 regis

269 2655 302 2726 io
319 2659 541 2728 oonversione
559 2658 662 2728 saneti
673 2655 763 2727 Pauli
784 2657 935 2747 [lamio]
955 2657 1015 2728 fuit
1028 2679 1170 2750 magnus
1188 2667 1275 2728 terre
1294 2665 1411 2726 motus

262 2755 302 2823 in
314 2752 500 2841 Alamania
511 2752 667 2824 videlieet
676 2755 708 2823 io
719 2751 859 2844 Suana,
875 2754 1043 2845 Bouaria,
1060 2755 1195 2827 Austria
1212 2765 1245 2825 et
1257 2755 1412 2825 maxime

262 2851 302 2918 'iu
324 2849 453 2942 Styria,
475 2848 641 2920 Karintlria
669 2857 703 2920 et
719 2847 877 2944 Alpibus3
900 2873 946 2924 ex
969 2873 1033 2946 quo
1057 2850 1210 2946 oppidum
1236 2848 1408 2944 quoddam

261 2946 387 3016 dietum
414 2943 559 3035 villach,
588 2956 622 3017 et
648 2945 787 3040 quiedam
816 2959 923 3021 eastra
948 2952 1127 3043 speetautia
1155 2947 1197 3018 ad
1223 2947 1409 3018 ecelesiam

268 3040 584 3135 Bobenbergeusem
602 3044 662 3116 sita
679 3047 765 3114 inter
781 3045 902 3140 Alpes,
920 3044 1063 3119 fonditus
1080 3055 1157 3118 sunt
1174 3043 1352 3134 subversa,
1372 3055 1411 3116 et

269 3140 344 3234 plus
362 3161 459 3235 quam
477 3144 619 3235 quinqua
637 3141 735 3212 millia
754 3140 921 3214 hominum
938 3146 1116 3238 perierunt.

318 3237 368 3309 Eo
386 3249 535 3332 tempore
551 3241 584 3308 in
599 3237 721 3313 diocesi
734 3237 1006 3331 Bobenhergansi
1020 3249 1115 3312 erant
1126 3241 1254 3334 quidam
1270 3236 1409 3314 nobiles
1496 3265 1497 3310 1

264 3339 430 3428 ooniuges
459 3357 497 3408 se
525 3335 659 3406 multum
686 3336 809 3407 earnali
836 3337 1007 3409 alleotione
1035 3337 1219 3429 diligentes.
1255 3335 1410 3430 Contigit
1496 3397 1497 3400 ,

268 3430 355 3527 quod
373 3435 507 3504 maritus
521 3436 653 3504 nomine
670 3431 713 3502 de
725 3432 920 3524 Eglollstain
937 3445 990 3508 est
1002 3437 1132 3508 oodsus
1149 3439 1182 3506 in
1197 3433 1294 3506 hello.
1320 3434 1408 3508 Posi

261 3533 360 3602 ouius
378 3527 499 3602 obitum
523 3529 642 3602 demon
661 3528 799 3606 incubus
819 3535 966 3627 appamit
989 3535 1021 3603 iu
1044 3533 1148 3604 lorma
1174 3534 1277 3603 mariti
1301 3537 1408 3604 uxori
1496 3571 1497 3626 3

260 3629 434 3722 superstiti
461 3637 495 3697 et
521 3631 695 3721 pregnanti
722 3627 805 3699 inira
832 3633 962 3722 triginta
990 3628 1061 3702 dies
1088 3640 1163 3724 post
1188 3631 1408 3702 oeoisioueua

267 3725 373 3811 Quem
391 3745 476 3796 uxor
490 3745 536 3798 ex
556 3725 758 3819 simplicitate
782 3725 921 3800 credens
945 3748 1024 3800 esse
1048 3731 1197 3798 maritum
1220 3725 1261 3798 ad
1284 3729 1407 3800 oseula

264 3831 302 3892 et
328 3821 410 3912 alia‚
437 3831 533 3916 prout
558 3830 635 3892 aute
659 3834 917 3914 oonaueverunt,
937 3823 1074 3896 admisit.
1110 3824 1157 3895 At
1184 3824 1238 3896 illa
1264 3822 1406 3898 libidine

267 3916 362 3990 dueta
380 3921 468 3990 omni
487 3929 584 3990 noete
597 3927 713 3992 vestes
726 3924 829 3992 mariti
846 3922 933 3993 lecto
946 3924 1164 4015 superposuit,
1182 3943 1246 3993 nee
1257 3920 1407 4014 aliquam

266 4037 446 4111 personam
462 4019 551 4090 iuxta
570 4037 608 4088 se
625 4018 657 4087 io
681 4027 777 4088 noete
794 4017 917 4090 habere
935 4018 1056 4106 voluit„
1078 4018 1172 4108 lieet,
1197 4017 1284 4114 quod
1306 4029 1408 4092 esset

267 4114 375 4186 illusio
392 4111 563 4204 natoliae,
585 4113 750 4188 multoties
773 4116 953 4188 infonnata.
980 4117 1059 4189 Post
1080 4135 1206 4209 paueoe
1227 4114 1300 4188 dias
1322 4137 1405 4188 earm

268 4205 404 4290 horrore
426 4213 526 4286 uirnio
549 4208 589 4282 ab
613 4233 719 4286 uxore
745 4217 903 4306 reoessit‚
930 4217 973 4286 ita
1001 4211 1087 4309 quod
1112 4211 1200 4286 hene
1226 4214 1408 4312 perpendit
