3014 4822
272 231 343 312 2176
605 234 756 294 nunnius
776 226 1074 294 srrrnnrnuuonts.

188 409 254 482 titt
272 437 395 490 oeream.
433 400 495 504 obt
514 417 548 487 in
565 413 700 488 insidias
718 413 910 487 Pisanorum
929 425 962 486 et
978 413 1114 515 Henrioi
1129 415 1223 506 regis
1234 409 1403 507 'Sortibtie'ff

270 513 428 588 naturalis
447 513 501 586 filii
515 515 734 610 imperatoris,
751 513 933 585 incidentes
947 515 1024 585 victi
1045 524 1121 585 sunt
1140 513 1221 604 [mai
1231 512 1286 606 31,
1305 511 1405 588 bibus

272 615 396 706 galeris
414 615 544 710 penitus
563 610 744 686 submersis
762 622 796 682 et
814 613 883 684 xxii
898 613 1078 704 captivatis.
1105 609 1169 681 Ubi
1187 619 1256 682 tres
1270 609 1404 706 predicti

270 713 371 804 legati
393 719 425 781 et
449 718 586 805 quatuor
609 709 694 780 milia
712 706 922 780 lanuensium
947 718 1039 802 captu
1061 718 1137 780 sunt
1160 713 1310 804 exeeptis
1336 711 1404 783 aliis

271 809 380 882 multis
408 806 577 880 abbatibus
602 817 635 878 et
657 807 822 898 religiosis
842 809 994 902 personis
1020 815 1054 876 et
1072 809 1191 878 nuntiis
1212 819 1404 900 magnatum

270 919 372 996 terre,
400 929 474 978 ourn
492 903 607 1000 quibus
627 907 764 999 pecunia
788 901 1033 976 mnumerabilis
1054 914 1106 975 est
1125 907 1271 976 inventa.
1297 904 1406 1000 Super

272 1007 476 1102 imperatoris
497 1005 645 1093 fortuna,
669 1024 733 1098 que
754 1025 799 1073 ex
821 1003 1039 1098 permissione
1059 1000 1111 1072 dei
1137 1005 1285 1093 pupugit,
1314 1007 1404 1074 ouius

271 1125 332 1175 nos
357 1102 458 1174 latent
480 1101 609 1190 iudiciaq
638 1101 775 1194 epistola
797 1093 1048 1172 coloniensibus
1072 1107 1125 1171 est
1148 1096 1284 1194 directa,
1311 1123 1404 1196 quam

270 1221 377 1294 nuper
400 1201 461 1272 alia
482 1199 619 1294 epistola
642 1209 854 1294 preaesserat
876 1194 1002 1268 eisdem
1023 1195 1149 1268 civibus
1175 1199 1277 1270 missa
1306 1219 1407 1292 super

271 1297 434 1369 deditione
463 1295 646 1386 Faventia,
685 1295 863 1368 verbomm
893 1303 927 1364 et
965 1296 1199 1366 sententiarum
1228 1307 1405 1368 venustata

271 1395 429 1467 oonieota.

319 1491 448 1564 Deinde
466 1495 643 1586 imperator
659 1491 827 1586 Spoletutn
846 1495 1010 1565 civitatem
1028 1513 1113 1588 papa
1133 1503 1274 1585 occupat
1292 1493 1403 1584 [iuml
1489 1485 1490 1488 '

217 1601 221 1608 '
271 1601 304 1662 et
324 1591 471 1665 similiter
490 1591 733 1681 Beneventum
754 1611 829 1662 narn
845 1590 908 1661 boo
927 1599 1004 1662 ante
1021 1589 1075 1660 diu
1092 1587 1275 1661 viterbium
1294 1593 1404 1686 impe·

269 1699 360 1761 rator
377 1686 548 1772 babuerat„
566 1709 640 1760 curn
658 1689 729 1761 aliis
747 1686 855 1760 multis
874 1691 990 1760 eastris
1008 1708 1092 1782 pape
1113 1685 1335 1759 attinentibus.

319 1785 392 1858 lioo
409 1809 495 1857 anno
513 1785 624 1858 clades
643 1787 783 1858 exitialis
804 1787 915 1882 populi
933 1783 1105 1858 Christiani
1124 1793 1176 1856 est
1192 1783 1302 1855 audita
1320 1783 1402 1882 apud

270 1905 332 1955 nos
361 1883 402 1954 de
430 1883 575 1954 adventu
594 1883 823 1976 Tartarorum„
851 1883 893 1953 de
921 1903 1057 1978 quorum
1086 1882 1277 1954 erudelitate
1306 1903 1402 1954 aures

270 1991 383 2053 nostre
399 1981 538 2053 tinniunt
551 1991 583 2052 et
595 1979 693 2053 corda
708 1983 971 2053 oontremiscunt.
998 1979 1070 2052 Heo
1083 1991 1192 2050 autern
1210 2001 1297 2071 gens
1316 1983 1403 2076 prius
1490 1987 1491 1990 ’

271 2079 386 2151 dieitur
398 2099 539 2169 egressa
557 2101 602 2150 ex
619 2079 738 2151 ultimis
756 2075 1034 2172 partibusSoithie
1046 2077 1147 2170 longe
1162 2076 1246 2147 ultra
1262 2075 1401 2172 paludes

270 2175 461 2248 Meotbioas.
482 2175 621 2248 'Multos
641 2177 785 2272 populos
800 2180 1036 2248 transmarinos
1055 2185 1088 2246 et
1111 2173 1299 2272 admarinos
1321 2197 1402 2270 per·

271 2273 394 2345 domuit
414 2283 446 2344 et
467 2273 648 2365 subiugatis
667 2271 727 2346 sibi
746 2273 869 2346 Rusoie
886 2277 1000 2366 regnis
1016 2271 1079 2344 hoo
1101 2295 1188 2343 anno
1209 2273 1295 2344 eirea
1317 2294 1403 2368 qoa-

271 2369 492 2464 dragesimam
513 2373 680 2443 Poloniam
701 2383 752 2446 est
774 2375 941 2462 ingressa
970 2374 1061 2444 ouius
1085 2371 1258 2466 plurimam
1277 2381 1403 2466 partem

270 2473 428 2558 vastavit,
447 2471 600 2564 spoliavit
611 2478 644 2540 et
656 2468 799 2540 incendit
815 2467 1048 2540 habitatoribus
1060 2468 1181 2558 iugatis
1198 2467 1257 2538 vel
1273 2463 1403 2541 ooeisls.

270 2566 345 2662 lpsa
372 2569 491 2639 etenim
518 2589 604 2662 gens
625 2569 658 2637 in
677 2565 827 2637 omnibus
848 2564 1023 2637 orudeliter
1042 2569 1179 2638 seviens
1199 2563 1279 2636 nulli
1299 2565 1404 2638 ordini
1490 2563 1492 2590 l

179 2751 197 2759 ,Ι
233 2751 236 2756 ¹
270 2666 417 2758 peperoit
435 2665 492 2738 vel
514 2665 676 2756 religioni.
714 2663 794 2735 Dux
812 2673 920 2735 autern
944 2663 1108 2734 Henrious
1132 2662 1174 2731 de
1190 2657 1402 2736 bransloria'

272 2761 398 2834 eisdern
409 2782 588 2834 occurrens
606 2783 680 2833 oum
698 2761 837 2858 quodam
856 2762 920 2832 alio
938 2759 1038 2832 duoe²
1056 2763 1087 2831 in
1107 2760 1205 2831 multa
1217 2759 1404 2833 lenitudine

271 2863 378 2930 vietus
404 2869 455 2932 est
482 2861 565 2954 [apr.
584 2859 645 2950 913
676 2857 729 2930 ubi
752 2861 814 2953 ipsi
841 2857 943 2930 duoes
963 2869 997 2929 et
1020 2857 1109 2930 multi
1134 2862 1260 2931 strenui
1285 2855 1404 2931 mutus

272 2964 347 3028 sunt
371 2960 522 3046 extincti3
547 2968 579 3028 et
599 2967 695 3052 caput
712 2955 803 3028 duois
821 2967 987 3028 resectum
1006 2967 1057 3027 est
1074 2963 1107 3025 et
1124 2951 1165 3025 ab
1181 2958 1263 3053 ipsis
1282 2963 1405 3052 aspor-

270 3063 381 3124 tatum.
417 3052 580 3126 Exiensa
602 3055 735 3126 Polonia
760 3051 903 3148 prediola
929 3074 1015 3146 gens
1032 3049 1216 3125 librariam
1242 3055 1343 3125 intrat
1362 3061 1403 3140 et

271 3149 358 3246 quod
374 3151 564 3224 incredibile
581 3151 667 3222 diotu
681 3163 744 3240 est
762 3155 859 3223 unius
876 3149 939 3222 diei
952 3161 985 3221 et
995 3154 1098 3222 noetis
1117 3153 1223 3243 spatio
1239 3173 1302 3245 per
1319 3175 1405 3248 qua-

271 3260 345 3320 tuor
362 3249 466 3322 dietas
484 3253 688 3346 pertransitis
706 3250 814 3321 fluviis
835 3247 957 3345 rapidis
975 3259 1061 3322 mota
1080 3258 1144 3340 est
1168 3257 1269 3318 totam
1290 3247 1405 3325 deva-

260 3357 364 3418 stans
388 3345 571 3420 Moraviam
600 3357 711 3440 preter
738 3357 845 3418 oestro
872 3357 905 3416 et
928 3345 999 3417 toea
1028 3348 1160 3417 munita.
1206 3343 1253 3430 ln'
1268 3351 1405 3419 bansitu

272 3447 369 3514 etiarn
393 3443 478 3518 lines
496 3444 705 3517 blissinensis
723 3445 886 3516 dioeoesis
911 3447 1015 3534 attigit
1031 3453 1065 3514 et
1075 3441 1125 3514 ibi
1146 3443 1305 3538 plurimas
1322 3453 1406 3539 per·

273 3563 373 3614 sonas
390 3545 538 3638 peremit.
1284 3556 1288 3569 ·

320 3637 401 3710 lnde
424 3643 455 3710 in
481 3639 684 3731 Hungariam
710 3641 924 3732 perveniens
951 3637 1100 3711 adiuncta
1122 3638 1182 3711 sibi
1204 3653 1307 3732 genta
1333 3639 1405 3713 Co-

272 3755 442 3808 manorum
459 3737 654 3827 truculenta„
673 3740 899 3809 ouenbssima
919 3735 1001 3808 eade
1019 3735 1182 3811 devastat.
1210 3737 1291 3810 Rex
1305 3737 1405 3811 litun·-

259 3851 426 3930 garonam
453 3835 516 3906 illis
547 3853 725 3906 occurrens
754 3837 855 3928 copiis
883 3837 1071 3906 instauratis
1098 3854 1172 3907 oum
1200 3835 1406 3910 validissimo

273 3935 420 4004 exoratu
438 3953 538 4026 super
554 3936 657 4026 ripam
676 3933 846 4004 cuiusdam
863 3931 1156 4005 amnis³oonsed1t
1183 3933 1406 4006 Tartari-vero

327 4109 356 4178 i)
374 4109 498 4166 Braslau..
528 4110 560 4178 2)
579 4110 726 4179 Bolaslaw,
746 4085 793 4166 der
811 4111 889 4168 letale
907 4111 956 4168 der
974 4111 1138 4184 Depoldioe,
1162 4112 1236 4170 eirter
1255 4111 1407 4170 amenum

274 4179 322 4234 des
346 4179 519 4237 bbbmisoben
545 4181 792 4238 berrsoberbauses.
830 4181 860 4240 st
878 4183 927 4240 des
953 4183 1050 4239 busses
1070 4185 1134 4256 Seio
1160 4184 1325 4242 nordostliob
1352 4201 1406 4239 ron

274 4249 362 4318 Briau,
379 4266 425 4307 wo
445 4253 559 4322 aniangs
579 4249 644 4325 april
664 4251 706 4308 die
726 4253 845 4309 soblaobt
862 4255 995 4310 sentent.
1341 4259 1346 4272 '
