2882 4818
447 228 558 290 norm
571 233 616 290 on
630 232 830 292 normano.
1113 237 1185 313 127

64 405 146 497 petita
161 399 306 476 obtinere
323 403 498 476 eontendit
521 405 674 478 lbsoiam
691 409 800 500 utique
816 402 1024 498 ingrediens,
1047 418 1182 482 ornatos

63 505 201 572 terminos
213 504 284 573 eius
296 512 433 574 conatur
442 503 601 574 incendiis
613 513 647 574 et
654 507 777 598 rapinis
789 507 1013 576 exterminare
1023 526 1063 576 ao
1072 507 1181 576 omnia

61 619 114 762 tlque
129 597 197 668 sedi
213 600 394 694 apostolioe
411 603 526 674 suisve
543 599 721 673 fautoribus
740 600 918 674 attinebant
941 599 1048 674 hostili
1071 601 1182 694 gladio

78 705 231 768 erasure.

98 791 241 887 Denique
257 799 331 888 ipso
347 806 497 890 tempore
515 795 720 870 Ottoearolus
738 817 850 868 eomes
868 796 1056 887 provinno,
1079 797 1181 870 frater

58 888 210 962 ludewici
225 896 321 984 regis
331 891 483 982 Franeio,
501 916 561 987 per
571 897 779 966 vocationem
796 893 966 988 apostolioi
982 905 1080 988 atque
1093 917 1180 966 oon-

59 988 149 1058 silium
166 1000 323 1082 suseepto
340 988 427 1062 bello
440 1001 552 1062 eontra
562 989 747 1064 Metiritlum
759 989 878 1062 diomm
888 993 1080 1084 prinoipem,
1098 1015 1180 1064 eru-

58 1085 245 1158 lebssimum
269 1091 390 1176 vinnm„
414 1090 486 1159 eius
504 1087 679 1178 feritatem7
701 1111 764 1182 qua
783 1097 896 1158 eontra
912 1089 1087 1160 ecelesiam
1104 1089 1180 1162 Ro-

58 1205 170 1254 nunam
188 1205 228 1254 sa
247 1188 426 1258 enormiter
442 1185 618 1274 exonerat,
636 1189 786 1276 mitigare
799 1194 975 1277 attemptat.
992 1182 1026 1256 ls
1039 1207 1181 1281 namque

57 1277 222 1370 llantdus,
240 1280 327 1352 filius
333 1280 490 1354 Frideriei
499 1286 714 1376 prenominati
732 1285 847 1370 exbbt,
864 1291 1052 1354 nontamen
1062 1281 1181 1354 delede

57 1378 172 1468 soluto,¹
198 1381 256 1472 qui
273 1377 427 1450 Cuurado
443 1380 544 1452 fratre
572 1401 634 1452 suo
660 1403 720 1474 per
747 1377 910 1474 quendam
932 1382 1040 1452 virum
1063 1379 1181 1470 Belial,

57 1474 226 1568 neopbitem
243 1476 321 1548 lieet
337 1476 469 1565 falsum
487 1487 642 1548 vocatum
653 1474 832 1548 Iohannem
843 1475 1007 1566 Maurum,
1025 1481 1179 1566 tonate

55 1593 179 1663 mgnum
187 1577 295 1646 tonius
306 1573 416 1646 Sicilie
427 1595 488 1646 sue
499 1573 616 1646 dietam
627 1571 774 1646 subieoit
784 1571 852 1646 Iste
863 1575 1014 1646 nimirum
1024 1579 1179 1647 senoious

55 1673 258 1764 prescriptum
286 1670 586 1742 Ottonemearulum
616 1671 891 1764 supplantaoianis
922 1682 956 1742 et
987 1670 1177 1744 deiectionis

55 1766 231 1840 sandalum
239 1769 357 1856 moun,
369 1766 430 1840 sibi
437 1767 479 1839 ad
486 1767 783 1862 repugnandumse
791 1771 923 1857 animat
934 1788 1179 1863 ooourrensquo

55 1863 337 1937 eilemmrmmanu
350 1865 473 1955 valida,
486 1863 782 1936 Tbeutbonieorum
795 1863 949 1936 videlieet
959 1863 1178 1955 ethaloruuu

54 1970 151 2052 strage
168 1985 294 2055 magna
310 1961 385 2034 bino
408 1973 442 2032 et
463 1961 540 2033 inde
557 1961 655 2050 tacu,
679 1959 908 2032 miserabiliter
930 1963 1002 2054 ipse
1024 1965 1177 2056 princeps

53 2057 238 2132 oceumbens
255 2063 420 2154 inopinate
438 2058 525 2130 diem
542 2061 659 2132 elausit
675 2069 872 2148 extremum
890 2061 982 2130 euius
1000 2057 1177 2132 dominium

54 2176 112 2224 eum
129 2167 238 2249 optata
257 2158 364 2250 palma
382 2159 498 2230 transit
514 2155 555 2226 ad
573 2178 669 2228 snum
687 2155 924 2228 adversarium.

92 2251 187 2326 Cuius
205 2257 363 2326 vnmten
374 2255 509 2348 oupiens
518 2251 690 2325 Cunradus
704 2257 811 2324 iunior
821 2253 984 2326 antelatus
997 2253 1176 2345 infirmare,

53 2371 194 2423 asserens
214 2375 234 2422 a
260 2349 345 2424 divis
369 2353 438 2424 suis
461 2348 726 2446 progenitoribus
749 2353 955 2446 proprietatis
978 2353 1051 2420 inre
1073 2349 1175 2426 dietas

52 2455 142 2519 tanus
165 2447 268 2520 adse
292 2457 456 2542 spectare,
481 2469 555 2519 oum
579 2469 620 2518 eo
644 2447 714 2518 diro
738 2449 917 2518 cartamine
941 2448 1176 2540 congrediens

52 2567 113 2614 cnm
133 2544 204 2616 lere
230 2547 296 2615 iam
320 2555 452 2639 sperata
475 2547 612 2617 victoria
634 2547 728 2641 potiri
752 2543 945 2635 annueret,
973 2549 1093 2636 agonia
1115 2568 1177 2640 per

52 2651 143 2712 ausu-a
159 2643 304 2714 latenoia
316 2653 463 2736 exparte
472 2639 700 2714 Ottonisoaroli
717 2645 914 2731 continuata,
933 2639 1077 2714 Crnrradi
1093 2667 1176 2738 par·

52 2736 162 2811 tibusin
174 2741 427 2832 bugamversis,
445 2737 541 2812 indie
553 2736 883 2811 sanotiBartbolomei
897 2737 1011 2831 [1268
1022 2762 1098 2832 aug.
1109 2739 1174 2831 24]

52 2837 77 2904 in
97 2835 332 2933 campestribus
356 2837 417 2908 laei
434 2837 556 2909 Anzan
579 2847 612 2908 et
634 2835 745 2908 Alban
767 2835 876 2929 oppidi
898 2837 1024 2908 multis²
1047 2835 1176 2910 milibus

52 2938 137 3025 casis,
163 2945 303 3007 muento
330 2932 491 3028 triumpho
518 2930 722 3006 Ottooarolus
750 2932 917 3026 gloriatur.
944 2933 1074 3008 Deinde
1102 2934 1176 3006 dolo

52 3031 204 3104 cniusdam
228 3029 348 3104 nobilis
372 3035 435 3104 viri
457 3031 581 3124 pluries
605 3030 709 3103 dietus
728 3029 901 3103 Cunradus
919 3054 993 3102 oum
1011 3053 1073 3104 sno
1090 3054 1176 3103 oon-

52 3133 222 3220 sanguineo
240 3128 433 3201 Hermanno
457 3127 541 3200 duee
556 3129 694 3202 Austrie
712 3126 932 3199 Caroloottoni
955 3137 1176 3222 presentatum

52 3225 182 3299 aambo
200 3227 331 3321 eapitali
353 3229 522 3300 sentenoie
540 3225 741 3298 addicuntur.
1037 3301 1038 3304 ,

91 3324 163 3396 Post
179 3324 246 3396 hee
261 3327 364 3396 oritur
380 3323 510 3418 quidam
533 3322 741 3414 nonnosus
765 3323 903 3398 soolaris
920 3323 1028 3420 itaque
1047 3323 1176 3420 qnidam

52 3417 760 3516 iliusiabrioriundustleOhsenlintpropter
770 3424 857 3494 aeris
869 3421 1175 3517 distemperanoiam

52 3519 174 3592 astudio
191 3522 373 3614 repatriare
384 3517 577 3612 disponens,
593 3519 728 3615 Papiam
738 3522 842 3610 vemt,
860 3517 968 3613 ibique
978 3542 1038 3614 per
1051 3530 1175 3592 stature

53 3615 280 3690 similitudinem
297 3616 458 3712 parilioari
476 3613 863 3711 Conradoaquibusdam
873 3615 1059 3690 Thetonieis
1078 3621 1175 3688 ooni-

53 3715 122 3784 attur
131 3738 169 3786 ao
179 3719 251 3809 ipse
263 3737 342 3787 esse
352 3715 579 3810 pmolamatur.
599 3713 771 3785 Concurrit
780 3717 885 3786 omnis
896 3714 1035 3808 populns
1047 3713 1176 3786 diseere

54 3809 158 3883 volans
175 3816 224 3883 rei
240 3815 415 3884 veritatem
432 3833 529 3906 qnam
546 3811 663 3883 callide
680 3810 808 3906 sepelit,
826 3831 933 3905 neque
951 3810 1102 3882 diffitetur
1112 3831 1176 3881 neo

54 3907 209 3982 multetur
225 3909 316 3982 illum
333 3931 412 3984 esse
429 3919 553 4004 aperte.
571 3906 674 3982 Brevi
691 3907 815 3979 ellluxo
832 3917 980 4002 tempore
997 3907 1081 3978 elam
1097 3905 1174 3978 inde

55 4006 276 4098 tumeliam,
303 4009 417 4102 paneis
440 4009 472 4078 ei
495 4003 747 4106 numerantibus,
774 4004 944 4097 linegu'm
971 4002 1115 4094 amedu,
1142 4013 1176 4075 at

84 4140 110 4208 l)
123 4161 154 4199 so
167 4143 194 4200 in
210 4147 257 4202 aler
268 4145 325 4217 bs.3
344 4143 385 4201 lob
401 4145 506 4203 miehte
522 4147 692 4204 vermutben:
712 4161 767 4202 nun
782 4151 868 4202 tamen
890 4143 923 4200 de
943 4143 1059 4216 legitima
1080 4159 1175 4217 uxore,

57 4212 138 4272 amia
151 4215 245 4276 amna.
281 4215 313 4286 2)
333 4216 421 4276 multis
434 4217 523 4276 maltis
537 4217 580 4275 die
594 4217 636 4276 bs.
