3014 4822
505 235 664 296 uouemus
679 237 840 296 turonus.
1161 237 1232 310 425

113 411 300 488 bombardis
324 413 456 502 valtis,
480 413 634 486 lrumcnto
658 425 691 486 et
714 414 785 486 aliis
808 413 851 485 ad
873 411 996 484 bellum
1023 413 1233 484 necessariis.

113 509 319 586 Bombardae
337 511 493 606 capitales
512 522 603 582 erant
616 523 755 606 septem„
772 509 970 584 bombardae
987 508 1235 603 praedicuntur

113 609 235 684 balbe
260 610 490 700 schlangen
508 619 599 680 erant
616 609 658 680 26
676 621 710 681 ct
729 607 860 704 quilibet
877 629 992 680 eunus
1010 603 1150 678 habebat
1166 616 1234 678 tras

113 714 205 780 viros
222 707 397 800 pedestres
415 709 585 800 unicuique
603 712 786 799 assignatos
800 729 874 776 cum
885 715 1022 799 quotmr
1039 708 1141 798 equis.
1168 703 1235 774 Di-

113 803 250 878 cebatnr
276 807 457 876 exercitum
484 806 624 897 equitum
646 827 726 878 esse
752 803 837 891 900,
866 802 1008 896 peditum
1037 811 1235 874 mutatorum

113 901 222 976 6000.
259 901 302 974 Et
319 905 367 974 sio
386 898 515 972 obsedit
536 905 637 994 primo
655 901 808 997 oppidum
825 897 1015 990 Umbstaut,
1040 903 1131 972 euius
1156 922 1235 972 me-

113 1003 220 1073 dietas
238 997 408 1092 spectabat
424 996 653 1070 adPalatinum
667 1011 700 1070 et
716 1000 778 1072 alia
796 997 956 1071 medietas
974 997 1016 1070 ad
1033 1000 1183 1070 comitem
1201 1001 1235 1068 in

114 1099 259 1185 Hanaw„
280 1095 446 1168 dominum
464 1095 505 1166 de
521 1093 745 1189 Liohunterg,
769 1093 965 1168 habitantem
983 1099 1014 1166 in
1033 1093 1236 1166 Bobenhau-

114 1220 186 1268 sen.
222 1193 336 1288 ltaque
353 1191 602 1266 Umbstatenses
627 1192 816 1266 dediderunt
832 1215 871 1266 se
888 1196 921 1264 in
938 1213 1055 1264 manus
1072 1191 1235 1283 lantgrafii

113 1316 189 1366 cum
206 1295 389 1363 iuramento
406 1301 519 1384 quarte
530 1290 583 1360 die
594 1293 677 1364 iunii.
700 1294 875 1460 Pasippam
886 1300 995 1362 autem
1007 1287 1236 1362 hebuitUmb-

114 1401 203 1479 stati,
221 1385 383 1460 nitebatur
400 1386 552 1460 obsidere
570 1398 705 1462 matrum
721 1391 784 1464 Utc
807 1411 886 1480 erg3
911 1387 996 1481 quod
1013 1388 1142 1480 reliquit
1157 1389 1236 1458 irri-

113 1500 182 1560 tum
199 1496 234 1556 et
249 1486 381 1557 divertit
397 1507 435 1558 se
459 1483 501 1555 ad
525 1485 663 1579 plateam
686 1491 814 1576 montis„
840 1509 882 1556 an
906 1486 958 1556 die
982 1486 1236 1577 Bergstrossen,

113 1583 308 1676 obseditque
322 1581 501 1654 Bensheim
523 1581 565 1654 ad
588 1587 720 1676 spatium
744 1584 914 1657 duodecim
940 1582 1066 1654 dierum
1089 1585 1235 1654 inaniter.

113 1683 200 1756 Nom
217 1691 340 1752 tantam
358 1691 503 1770 stragem
519 1678 561 1750 ibi
579 1701 695 1773 passus
710 1693 774 1772 est,
795 1693 830 1752 ut
846 1679 1013 1753 inhibitum
1031 1683 1072 1752 sit
1089 1677 1237 1773 quicquid

114 1780 157 1852 de
175 1801 218 1850 ea
235 1800 273 1848 rc
290 1776 411 1850 dicere.
437 1776 474 1848 ln
493 1775 659 1850 obsidione
677 1791 783 1850 autem
799 1777 977 1852 Bensbeim
994 1776 1130 1848 obtinuit
1144 1777 1237 1848 lant-

114 1875 242 1969 300000
270 1884 412 1948 castrum
439 1872 656 1964 Bickenbach
686 1877 767 1970 quod
794 1873 977 1971 pertinebat
1004 1874 1043 1945 ad
1072 1871 1237 1946 dominum

112 1971 333 2045 Eberhartum
349 1970 546 2043 Sebenckcn
569 1975 603 2042 in
623 1971 763 2062 Erbach3
788 1978 867 2046 item
890 1995 1014 2044 novum
1038 1981 1181 2046 castrum
1204 1975 1238 2042 in

114 2071 200 2144 silva
219 2069 303 2140 dicta
314 2068 534 2142 Westerwalt
550 2067 726 2144 combussit
739 2071 780 2143 ad
798 2070 932 2142 fundum
951 2091 1073 2164 usque3
1091 2070 1238 2142 similitor

113 2169 293 2240 clausu-um
310 2165 446 2255 Lorsch
472 2169 620 2260 cepitque
638 2179 775 2242 castrum
791 2170 883 2242 Stein
900 2189 1003 2261 prope
1020 2165 1238 2238 Wormatiom

113 2270 146 2336 in
156 2263 286 2336 Rheno.
312 2263 349 2334 ln
367 2264 420 2335 die
431 2264 558 2336 Auraei
575 2275 608 2334 et
620 2263 758 2338 Iustinae
778 2269 858 2358 [iun.
873 2266 936 2354 16]
955 2267 1047 2336 venit
1062 2263 1237 2354 lantgrado

112 2367 146 2434 in
157 2361 314 2434 auitum
326 2360 499 2434 Heinricus
517 2363 629 2434 senior
639 2361 703 2434 dux
714 2364 979 2438 Brunswicensis
998 2383 1078 2432 cum
1089 2360 1237 2432 ducentis

112 2457 274 2553 equitibus
292 2469 326 2530 et
346 2458 591 2552 quadringentis
614 2459 769 2551 peditibus
787 2460 886 2533 valde
910 2460 1026 2554 politis.
1062 2459 1239 2550 Postquam
1301 2511 1306 2522 .

112 2566 224 2628 autem
251 2554 454 2646 landgrabus
482 2555 600 2626 dimisit
626 2557 819 2649 Bensheim‚
847 2559 1059 2653 pertransivit
1084 2554 1238 2627 Rhenum

111 2651 199 2748 apud
216 2652 421 2724 Weissenau
445 2675 545 2746 super
561 2651 762 2746 Mogrmtiam
784 2679 858 2729 cum
876 2652 1016 2726 navibus
1034 2655 1117 2747 aptis
1134 2656 1167 2722 in
1185 2651 1237 2722 die

111 2750 230 2822 decem
248 2750 380 2820 millium
405 2761 585 2844 martyrum
605 2753 683 2841 [iun.
697 2755 760 2845 22]
781 2778 852 2826 cum
870 2753 1012 2847 potentia
1029 2773 1089 2824 sua
1107 2773 1148 2820 ac
1164 2769 1238 2819 cum

109 2849 187 2935 iltis„
205 2850 259 2940 qui
272 2849 302 2917 ei
313 2850 346 2918 in
363 2846 555 2920 adiutorium
566 2863 739 2939 venerunt„
758 2862 791 2922 et
805 2850 970 2923 desolavit
978 2847 1118 2919 Gauium
1129 2845 1238 2917 Wor-

109 2947 274 3016 mettense
292 2953 326 3014 et
341 2942 580 3036 Moguntinum.
606 2945 644 3018 ln
660 2951 770 3039 vigilia
789 2959 976 3022 sanctorum
993 2947 1080 3018 Petri
1098 2955 1131 3016 et
1147 2944 1238 3015 Pauli

112 3041 374 3133 [iun281venit
389 3043 563 3134 lantgrado
580 3047 614 3115 in
631 3047 782 3118 amilium
793 3045 958 3140 Philippus
969 3043 1238 3114 Brunsuioensis

109 3139 151 3210 de
179 3137 425 3230 Grubenhagen
454 3163 528 3212 eum
559 3140 769 3234 qnadraginta
797 3141 955 3236 equitibus
990 3138 1076 3210 bene
1104 3141 1236 3208 ornatis.

107 3235 285 3308 Venerunt
312 3258 440 3330 qnoque
467 3236 569 3309 duoes
593 3238 757 3310 Saxoniae
785 3263 857 3311 cum
884 3237 993 3309 multis
1017 3233 1176 3331 equitibus
1206 3243 1239 3304 et

107 3331 284 3429 peditibus,
309 3333 454 3406 similiter
472 3333 539 3405 dux
557 3335 598 3406 de
616 3335 833 3428 Mehlcnbnrg
857 3358 931 3407 cum
948 3355 1071 3424 magno
1088 3353 1236 3404 numero.

108 3431 150 3503 Et
166 3431 226 3502 luit
243 3451 302 3522 pro
320 3440 397 3501 tunc
418 3453 541 3518 rumor„
566 3433 650 3526 quod
668 3434 830 3506 Palatinus
856 3436 1033 3525 cogitaret²
1049 3434 1098 3501 ire
1116 3433 1148 3500 in
1165 3428 1237 3501 Ba-

107 3531 235 3598 variam
256 3537 289 3598 et
311 3526 471 3600 dimittere
488 3529 701 3601 Palatinatum
726 3541 757 3602 et
779 3527 1126 3616 0100000000]011000Ἶ
1152 3525 1237 3620 quod

106 3636 216 3696 tamen
235 3645 300 3694 non
312 3623 509 3696 iuitlactum.
537 3625 658 3698 Ultima
669 3627 721 3698 die
732 3631 807 3702 iunii
824 3627 1017 3721 lantgrafius
1029 3635 1063 3696 et
1072 3624 1236 3696 Hem-icus

107 3722 175 3794 dux
190 3719 490 3794 Bnmsehvieensis
508 3747 583 3796 cum
600 3728 634 3797 vi
652 3736 848 3798 armatorum
866 3727 1022 3819 equitum³
1041 3732 1075 3793 et
1091 3718 1236 3815 peditum

105 3817 259 3913 oppidum
277 3821 403 3912 imperii
422 3819 633 3912 Odernheiut
657 3821 742 3918 quod
767 3823 825 3896 sub
844 3825 1075 3896 commissione
1092 3819 1150 3890 luit
1165 3817 1236 3889 Pa-

104 3915 207 4005 latini,
233 3918 353 3987 victum
378 3928 430 3988 est
453 3927 487 3988 et
509 3920 694 4012 spoliatum
717 3924 750 3992 in
768 3941 830 4015 quo
847 3923 937 4009 vina,
960 3917 1057 3988 blada
1079 3925 1113 3985 et
1135 3913 1235 3986 multa

105 4013 168 4084 alia
192 4010 411 4104 obtinuerunt,
435 4015 524 4086 multi
549 4020 681 4090 iverunt
699 4021 772 4090 vias
789 4039 867 4090 suas
891 4037 955 4087 neo
981 4014 1055 4086 mihi
1072 4035 1137 4084 nec
1153 4009 1235 4082 tibi.⁴

157 4159 189 4228 1)
213 4157 334 4216 llmstrdt
358 4161 455 4218 tlstlioh
480 4177 532 4219 von
558 4163 715 4221 Darmstadt.
752 4165 784 4233 2)
811 4165 852 4220 S.:
877 4169 1029 4232 cogeretur,
1054 4159 1097 4218 die
1122 4161 1163 4216 hs.
1185 4159 1233 4216 des

104 4229 294 4286 stadtarchivs:
322 4239 509 4304 cooperatum
528 4235 558 4302 3)
578 4236 693 4308 equitum
714 4253 764 4292 nur
782 4237 808 4294 S.
845 4235 876 4303 4)
896 4234 944 4290 mir
967 4234 1054 4290 nichts
1079 4231 1120 4290 dir
1138 4230 1232 4288 nichts.
