2982 4824
294 198 473 258 lllllORleE
492 199 684 260 ttonttnttnt
703 201 810 260 ousta
830 202 1069 262 tttt’ttttntotttttt.
1173 207 1244 282 635

115 376 189 451 Fuit
205 378 293 450 enim
312 385 487 451 oomnatus
504 400 591 450 anno
609 388 722 472 quanto
739 376 890 468 Adrianiq
908 401 971 474 quo
982 388 1245 477 temporeprop-

117 487 168 550 ter
183 475 366 548 Ierusalem
385 475 646 572 recuperandam
664 476 768 550 dietus
785 478 890 551 stolus
908 480 1058 570 signatus
1076 488 1136 551 est.

164 575 329 648 Henrious
347 583 463 648 sextus
481 573 567 648 lilius
584 573 750 648 Frederiai
767 577 860 671 primi
878 578 942 647 iam
962 575 1035 648 dioti
1053 578 1148 648 annis
1171 587 1245 650 oolo

115 676 288 770 imperium
305 675 416 746 tenuit.
467 671 540 746 Fuit
556 671 609 744 bie
626 696 645 744 a
664 671 833 746 Celestino
849 695 933 768 papa
952 672 1004 746 die
1032 673 1178 748 seeundo
1194 679 1245 748 sui

115 771 269 868 pontifioii
285 782 461 844 eononatus
478 770 559 842 feria
585 780 681 844 sexta
707 782 782 866 post
808 770 954 867 pnsobo.¹
998 771 1061 844 Hie
1083 771 1246 848 llenrious

115 869 327 963 eodemque
344 878 519 942 eoronatus
538 879 601 958 est
619 892 820 942 mensaoum
832 874 979 943 exercitu
996 881 1048 944 est
1071 873 1246 963 ingressus

114 969 394 1064 sputamentis
419 979 538 1041 terram
563 989 668 1064 usque
694 968 866 1062 Neapolim
893 972 1047 1064 capiens,
1081 971 1245 1042 eivitatem

115 1071 222 1164 ipsam
240 1063 408 1140 mensibus
426 1063 527 1140 tribus
544 1062 681 1138 obsedit
707 1065 776 1138 Sed
794 1075 967 1140 tunotanta
984 1069 1087 1162 postis
1099 1069 1177 1140 eius·
1188 1070 1246 1138 in-

114 1168 204 1240 vasit
221 1166 415 1254 exereitum,
433 1175 467 1237 ut
483 1165 579 1260 pauoi
595 1186 641 1236 ex
657 1167 707 1238 eis
723 1175 863 1236 mortem
881 1163 1083 1254 evaderem,
1107 1164 1195 1238 unde
1213 1175 1247 1238 et

114 1267 187 1360 ipse
209 1261 374 1354 languens
397 1262 473 1334 inde
501 1284 575 1335 oum
597 1266 710 1356 paucis
739 1263 882 1354 aufugita
908 1259 1131 1338 Constantiam
1154 1265 1246 1356 regis

114 1359 480 1454 Rogenifittantrego
491 1357 967 1452 Guilielmisororembabens
980 1383 1128 1434 uxorem.
1155 1362 1248 1436 Tune

113 1464 203 1534 enim
227 1457 417 1530 Tanonedus
443 1457 604 1532 'l'anoredi
632 1461 724 1550 regis
749 1457 956 1554 Egyptorum
981 1459 1085 1550 lilius,
1110 1457 1246 1532 Robeiti

114 1554 277 1632 Gusoardi
305 1578 489 1630 exserere
513 1579 637 1651 nepos,
666 1557 777 1630 Sicilie
804 1580 947 1648 regnum
974 1554 1246 1651 posteaquem

115 1661 358 1754 postmortem
392 1658 483 1746 regis
512 1652 675 1728 Cuilielmi
704 1659 883 1728 invaserat.
936 1654 1049 1750 ltaque
1082 1654 1245 1728 llenrious

113 1755 300 1852 pestilentia
318 1752 537 1848 eompellente
553 1776 695 1846 regnum
714 1775 875 1846 egressus
900 1755 931 1826 io
959 1751 1170 1848 Campaniam
1194 1762 1247 1828 est

112 1871 290 1941 reversus,
319 1853 489 1946 primoque
513 1853 639 1947 imperii
667 1855 717 1924 sui
742 1874 828 1924 anno
855 1851 1076 1924 Tusculanum
1104 1873 1246 1944 reginum

113 1951 274 2025 Romanis
295 1946 394 2038 dedit
416 1951 469 2043 qui
482 1948 700 2022 'luseulanam
719 1952 885 2022 civitatem
897 1953 1049 2023 oontinuo
1064 1947 1247 2022 destruxe-

112 2059 200 2122 runt.
226 2045 390 2120 Hennious
408 2057 518 2118 autem
536 2069 609 2120 oum
628 2051 776 2121 exereitu
792 2051 825 2120 in
836 2046 990 2144 Apuliam
1003 2047 1246 2138 rediittotum-

113 2169 180 2248 qpe
199 2142 259 2220 sibi
276 2167 419 2237 regnum
437 2144 548 2218 Sicilie
560 2143 761 2237 subiugavit,
774 2145 881 2217 multis
892 2142 1247 2220 illienobilibusinter-

112 2247 210 2320 leotis
246 2253 279 2314 et
305 2242 446 2316 Salerno
476 2241 642 2318 destnuoto
677 2265 750 2314 oum
777 2240 924 2337 pluribus
952 2241 1082 2337 quidem
1116 2246 1246 2334 anstais,

113 2341 307 2440 quibusdam
326 2343 423 2413 etiam
442 2341 695 2437 arehiepisoopis
714 2351 747 2412 et
764 2343 927 2437 episeopis
942 2340 1133 2430 interfectis,
1151 2341 1246 2414 Tau-

113 2440 251 2516 medum
269 2448 399 2534 captum
414 2443 447 2511 in
464 2440 673 2513 Alamaniam
690 2441 778 2510 misit
791 2450 824 2511 et
840 2461 914 2510 oum
926 2437 992 2510 filio
1003 2458 1064 2512 suo
1074 2437 1246 2510 Tanoredo

113 2545 179 2612 iam
203 2543 236 2610 in
260 2559 377 2629 negem
405 2541 438 2610 in
461 2538 568 2610 Sicilia
587 2547 760 2627 damnatoq
786 2558 954 2609 uxoreae
978 2533 1129 2626 filiabus‚
1147 2536 1246 2610 exilio

111 2639 291 2730 relegavit
341 2639 432 2725 Quos
450 2638 553 2710 oeulis
569 2638 693 2731 privari
720 2635 889 2706 mandavit
915 2638 1073 2729 iussitque
1097 2637 1245 2724 oastraria

112 2759 159 2810 ne
176 2733 217 2807 ab
237 2738 286 2810 eis
304 2744 420 2830 posset
437 2732 570 2808 soboles
588 2737 753 2826 generari.
788 2732 935 2805 Tandem
952 2734 1080 2828 imperii
1097 2734 1147 2806 soi
1159 2754 1245 2804 anno

111 2847 235 2910 octavo
261 2843 295 2905 et
319 2832 499 2906 lnnooentii
528 2835 618 2907 tereii
647 2831 814 2922 seeundo,
842 2841 916 2926 post
943 2830 1042 2902 multo
1073 2830 1157 2902 mala
1182 2852 1247 2924 qua

111 2937 241 3008 lecerat
257 2941 290 3003 et
307 2931 498 3027 tyrannides
517 2955 598 3026 quas
617 2941 728 3004 oontm
748 2931 923 3002 ecelesiam
942 2940 1157 3017 axoronarat,
1174 2926 1246 3000 Pa-

112 3035 222 3106 normi
238 3029 412 3102 defunctus
430 3041 482 3102 est
495 3029 607 3123 [1197
619 3038 702 3125 sept.
715 3028 792 3118 28]
820 3027 984 3123 Tempore
996 3026 1246 3099 llennioiRome

113 3130 201 3205 sedit
219 3127 408 3202 Calestinus
426 3131 520 3202 annis
538 3138 679 3224 septem,
697 3126 906 3198 lnnooentius
928 3127 1050 3196 tercius
1069 3125 1139 3195 lere
1157 3124 1245 3196 duo-

112 3229 188 3302 bus.
225 3225 383 3321 Sequenti
401 3247 487 3298 anno
503 3237 579 3321 post
595 3226 757 3315 llanrioi2
776 3223 900 3298 soilioet
917 3245 1022 3312 moe.q
1037 3224 1246 3317 annoponti-

113 3329 232 3400 lioatus
250 3324 429 3396 lnnooentii
454 3327 543 3396 tenoii
577 3327 677 3396 tenoio
703 3321 1000 3418 Constantinopolis
1031 3331 1082 3394 est
1105 3330 1199 3416 oapta
1227 3345 1245 3392 a

112 3426 251 3497 Franois
269 3419 420 3494 euntibus
437 3424 469 3494 in
488 3420 667 3496 subsidium
686 3432 773 3494 teme
785 3431 912 3512 saneta
925 3419 1064 3494 Venetis
1076 3421 1244 3494 assisten-

114 3523 200 3598 tibus
228 3520 373 3594 Franois.
426 3517 565 3592 Ciuitate
592 3524 701 3616 itaque
742 3529 835 3614 oapta
867 3517 1062 3592 Balduinum
1094 3519 1245 3590 comitem

114 3619 270 3694 blandrie
286 3621 517 3713 imperatorem
534 3616 653 3690 ibidem
670 3619 838 3708 leserunt„
857 3616 996 3711 laetique
1023 3627 1099 3690 sunt
1124 3615 1246 3688 Veneti

115 3729 288 3793 consortes
316 3719 442 3811 imperii
469 3716 639 3789 Romania.
694 3715 840 3790 Marobio
873 3726 981 3786 autem
1012 3711 1246 3786 Montislemati

114 3819 221 3888 laetus
239 3826 292 3888 est
310 3837 373 3888 rex
388 3814 615 3886 Thesalonioe.
651 3815 713 3886 llio
730 3810 968 3900 fitiumhatuu
987 3815 1040 3906 qui
1057 3810 1246 3883 Demetrius

114 3915 221 3988 dietus
239 3924 302 4002 est,
320 3916 373 4008 qui
393 3911 592 4007 temporibus
609 3933 694 4006 pape
713 3913 848 3984 Honon'i
868 3932 941 3982 eum
958 3908 1133 3980 Cuilielmo
1150 3931 1245 3980 mar-

113 4012 233 4094 obione
259 4011 360 4085 fratre
385 4031 445 4096 suo
469 4033 543 4084 oum
561 4009 661 4084 multo
686 4011 833 4085 exereitu
858 4006 1045 4081 Latinorum
1063 4003 1245 4080 Creoorum

170 4161 200 4231 1)
219 4161 237 4218 1.
256 4159 373 4217 secunda
392 4159 473 4228 (1191
495 4179 549 4236 apr.
571 4160 617 4230 15)
636 4160 714 4218 sollte
734 4177 764 4216 es
784 4159 901 4216 beissen.
936 4157 968 4228 2)
986 4163 1099 4214 monem
1118 4156 1185 4216 oder
1203 4158 1248 4216 ein

114 4233 253 4292 dbnliebes
272 4239 343 4290 wort
363 4232 435 4292 leblt.
1255 4229 1271 4256 ·
