2904 4822
269 234 317 308 22
597 231 773 290 IIEIIIIIIGUS
787 231 832 290 DE
845 230 1131 290 nlossonnovEns

188 407 313 478 1³341ia
336 404 543 478 florenorum.
567 405 658 481 Dixit
680 409 794 480 stiam:
818 411 908 496 quod
927 409 1023 478 cedat
1031 427 1150 496 paoem
1166 406 1354 492 reformare
1370 413 1404 477 ta

271 513 339 576 toto
356 508 503 576 ecclesio.
519 505 621 579 Indie
633 517 742 578 autem
759 509 934 578 nadvitatis
951 503 1274 578 domininostrilssu
1284 503 1405 577 Christi

271 609 306 676 in
322 601 449 698 publica
467 607 581 694 missa,
600 625 696 698 quam
714 603 902 676 celebrabat
923 603 1073 676 dominus
1090 604 1208 677 Petrus
1226 605 1403 698 episcopus

271 704 516 793 mereamus,
540 701 616 774 lacit
640 705 786 794 graciam
803 699 953 774 omnibus
970 705 1024 796 qui
1041 701 1258 774 interfuerunt
1275 712 1405 796 septem

271 821 376 872 annos
394 811 428 871 et
450 809 578 895 septem
595 800 816 895 quadrigenas
834 799 876 870 de
892 803 1041 874 iniunctis
1059 802 1270 894 penitenoiis3
1286 797 1405 872 diebus

239 915 244 924 ’
271 909 382 971 autem
400 909 586 971 sanomrum
602 895 761 992 Stephani
777 910 811 970 et
825 897 979 972 Iohannis
995 909 1064 972 tres
1077 920 1182 972 annos
1193 907 1304 969 etuas
1316 921 1406 994 qua-

271 997 438 1089 drigenas.
462 997 564 1068 Anno
587 1007 697 1068 autem
721 996 841 1068 domini
864 1017 1095 1070 macoma
1124 995 1325 1068 Benedictus
1347 999 1405 1066 xii.

272 1094 443 1167 descendit
460 1094 501 1165 de
518 1095 644 1189 palacio
661 1098 694 1164 in
712 1117 776 1188 quo
793 1095 918 1167 electus
935 1095 1006 1185 luit,
1025 1103 1057 1165 at
1066 1099 1126 1166 ivit
1135 1097 1319 1166 associatus
1331 1115 1406 1165 oum

272 1190 503 1283 cardmuibua,
519 1201 555 1264 ut
571 1195 671 1265 moris
689 1204 753 1284 est,
771 1191 812 1262 ad
828 1193 936 1264 locum
952 1185 1088 1264 fratrum
1097 1192 1337 1287 predicatorum
1348 1194 1405 1264 vii.

272 1287 359 1385 ydus
373 1292 522 1360 ianuarii.
545 1288 588 1362 Et
604 1293 639 1362 vi
655 1289 741 1384 ydus
758 1294 895 1362 ianuarii
913 1293 991 1382 [tan.
1004 1291 1043 1381 8]
1064 1295 1097 1362 in
1110 1293 1269 1364 erasa'no2
1285 1287 1407 1360 ibidem

273 1397 448 1460 coronatus
466 1397 518 1461 est
533 1410 594 1481 per
605 1385 770 1460 domiuum
780 1387 997 1483 Napulionem
1009 1389 1207 1460 cardinalem
1219 1387 1407 1482 dyaconum

274 1496 357 1557 etv.
374 1485 447 1558 idus
457 1488 594 1557 ianuarii
604 1485 792 1558 reascendit
802 1509 898 1558 suum
914 1487 1077 1580 palatium.
1094 1487 1137 1558 Et
1152 1490 1335 1581 peticiones
1346 1483 1407 1558 sthi

273 1581 399 1656 oblatas
417 1586 524 1678 primo.
538 1583 590 1654 dis
607 1595 682 1679 post
698 1589 949 1656 coronacionam
965 1589 1114 1679 recipere
1131 1587 1309 1657 recusavit.
1328 1583 1408 1654 Vo-

273 1681 333 1754 luit
348 1684 436 1752 anim
452 1685 539 1754 scire
556 1681 779 1753 condicionem
803 1703 948 1776 persons
965 1683 1174 1778 supplicantis
1193 1693 1227 1752 et
1243 1703 1408 1755 summam

272 1777 456 1852 reddituum
480 1783 508 1852 si
524 1783 702 1874 impetrans
726 1791 802 1851 ante
826 1779 885 1853 tuit
900 1777 1123 1853 beneficiatus.
1147 1779 1287 1874 Insuper
1303 1781 1409 1851 voluit

274 1881 456 1950 exammari
473 1875 587 1970 quibus
604 1875 809 1972 providebat,
826 1883 858 1948 in
876 1899 940 1972 quo
950 1881 1090 1951 imitatus
1107 1880 1166 1950 luit
1176 1901 1250 1948 eum
1263 1899 1409 1951 succes-

275 1997 331 2048 sor
348 1997 427 2047 suus
446 1973 602 2048 Clemens
614 1974 658 2047 vi.
676 1973 768 2046 Bona
786 1973 988 2048 consuetudo
999 1971 1409 2048 utinamnonobmittenda

274 2095 335 2166 per
351 2071 521 2168 pontifices
538 2072 733 2146 Romanoa.
751 2072 835 2146 Item
851 2076 892 2144 iii.
910 2072 997 2168 ydus
1015 2077 1151 2146 ianuarii
1167 2077 1201 2145 in
1211 2077 1409 2146 consistorio

275 2189 337 2242 suo
354 2167 440 2263 quod
456 2167 579 2260 omma
596 2171 782 2242 licenciavit
797 2192 913 2244 omnes
931 2171 1075 2264 prelatos
1087 2180 1120 2243 et
1130 2181 1274 2261 curatos,
1291 2179 1409 2265 utpost

274 2265 395 2340 rasum
411 2267 642 2360 purificationis
659 2272 744 2339 irent
760 2267 801 2340 ad
819 2291 879 2342 sua
896 2265 1068 2358 beneficia
1087 2269 1227 2363 alioquin
1249 2272 1330 2340 iuris
1346 2291 1409 2338 re-

274 2363 390 2438 mediis
409 2374 557 2436 uterstur
574 2388 656 2458 erga
675 2388 749 2456 eos,
766 2369 829 2438 nisi
846 2389 981 2440 causam
991 2363 1170 2457 legitimam
1181 2365 1287 2440 standi
1297 2363 1410 2436 hahe-

141 2527 143 2532 .
273 2467 399 2538 reatin
416 2466 519 2554 curia,
536 2486 633 2558 qurum
650 2467 786 2558 insuper
804 2467 889 2536 scire
907 2462 1040 2538 volebat
1057 2461 1097 2536 ab
1116 2467 1174 2538 eis.
1273 2462 1358 2536 Item
1370 2461 1410 2534 oh

274 2563 319 2636 xi.
338 2557 403 2633 nal.
422 2557 577 2631 februarii
594 2583 700 2656 usquo
717 2561 760 2634 ad
776 2565 818 2632 111.
835 2561 901 2634 kal.
921 2561 1070 2635 eiusdem
1087 2566 1221 2636 vacavit
1238 2565 1325 2634 circa
1343 2583 1411 2656 pc-

273 2660 411 2730 tioiones
428 2657 640 2732 cardinalium
650 2659 885 2756 expedIandas.
903 2657 942 2731 In
957 2683 977 2753 p
1020 2663 1027 2678 ‘
1052 2664 1179 2732 cottone
1197 2670 1313 2734 sancte
1329 2657 1411 2730 Ma-

274 2759 323 2828 rie
340 2758 444 2850 primo
462 2778 548 2828 anno
568 2760 618 2830 sui
634 2757 839 2851 pontificatus
857 2755 1002 2830 celebraw
1031 2759 1141 2832 ⁴feoit
1157 2779 1361 2844 sermonem,
1379 2769 1413 2828 et

276 2864 348 2926 erat
371 2876 467 2926 suum
490 2853 613 2926 thema
637 2857 724 2926 Eoos
740 2876 876 2945 spossus
892 2861 985 2947 acuit,
1007 2854 1144 2930 Matthei
1159 2877 1257 2945 xxva
1286 2859 1322 2926 in
1345 2877 1411 2949 quo

276 2949 404 3048 publice
422 2951 513 3043 dixin
531 2952 617 3047 quod
638 2957 741 3025 sancti
751 2953 1002 3026 viderentolare
1014 2952 1276 3042 assenciamdeiq
1295 2963 1411 3024 contra

275 3052 462 3146 opinionem
485 3053 538 3124 sui
560 3050 823 3144 predecessoris„
847 3056 901 3146 qui
924 3050 966 3123 de
988 3050 1053 3124 hoo
1070 3049 1201 3123 dubium
1218 3050 1360 3138 fecerat,
1378 3061 1412 3121 ut

276 3171 375 3243 supra
393 3145 512 3220 dictum
530 3159 582 3222 est
598 3146 639 3219 de
658 3171 710 3220 eo.
809 3148 891 3221 Item
909 3149 1013 3243 pridie
1033 3170 1139 3221 nonas
1159 3146 1317 3220 februarii
1332 3149 1414 3220 iecit

275 3248 389 3318 vocari
412 3267 528 3318 omnes
553 3247 625 3318 illos
650 3246 692 3317 ad
711 3269 807 3319 suum
824 3250 1065 3338 consistorium,
1084 3251 1138 3341 qui
1155 3244 1411 3340 predicaverunt

276 3345 463 3440 optrrionem
481 3346 532 3416 sui
547 3342 809 3437 predecessoris
828 3344 1010 3440 quodvisio
1022 3345 1281 3418 essentialisnoa
1300 3355 1413 3429 essen

276 3442 395 3516 volens
413 3444 498 3514 solra
515 3443 674 3514 motivum
690 3446 844 3536 ipsorum.
942 3441 1026 3514 Item
1043 3465 1105 3516 rex
1114 3441 1253 3514 Franoie
1264 3445 1354 3514 misit
1370 3442 1411 3512 ad

275 3561 395 3632 papam
418 3561 497 3612 suos
521 3535 776 3614 ambassiatores
800 3551 834 3612 et
856 3544 953 3636 peciit
975 3537 1165 3614 thesaurum
1188 3541 1334 3612 ecclesie
1351 3561 1413 3633 pro
1446 3543 1447 3546 ’

276 3639 433 3730 passagio
450 3636 611 3710 faciendo.
629 3635 697 3710 seu
713 3660 799 3734 papa
816 3638 896 3710 dare
907 3641 1077 3712 reeusarit
1092 3641 1157 3711 nisi
1166 3641 1303 3710 intraret
1318 3659 1413 3708 mare
1446 3705 1447 3710 ,

276 3743 310 3805 ct
326 3738 518 3829 passagium
534 3739 674 3808 initiaret
691 3747 725 3807 et
740 3741 992 3830 promissionem
1008 3735 1160 3831 impleret
1177 3735 1412 3829 quamisoerat

276 3827 336 3903 sub
354 3854 438 3928 papa
455 3829 611 3904 Iohanne.

312 3979 342 4046 1)
357 3981 394 4035 So
409 3981 517 4048 Balaam
541 3978 584 4034 die
608 3979 647 4038 hs.
671 3981 847 4038 Penastrmus.
885 3983 916 4050 2)
935 3983 1053 4041 crastino
1075 3933 1102 4039 et
1123 3985 1162 4038 lrs.
1200 3982 1231 4051 3)
1246 3981 1359 4056 Insuper
1375 4013 1408 4021 -

277 4049 411 4108 mnenon
427 4051 492 4108 lahlt
506 4051 549 4108 bei
563 4052 616 4108 Bal.
654 4053 685 4121 4)
704 4051 835 4110 celebrem
849 4055 902 4110 Bal.
1009 4053 1010 4058 ’
