3012 4820
1165 257 1236 334 609

132 461 379 539 lllNORl'lAE
414 461 675 540 FLORENTlNl
702 465 847 540 GESTA
871 463 1209 544 IMPERATORUM.

544 583 796 656 ilco-1278.

586 743 747 752 --—.-.

154 816 311 912 Scripturi
329 826 424 908 geste
443 821 674 914 imperatorum
693 815 877 890 sublimium
905 841 1049 890 necnon
1074 829 1105 890 ei
1124 823 1235 914 ponii-

108 915 202 986 licum
221 914 457 1006 Romanorum,
475 913 673 988 breviorem
690 939 730 988 uc
746 916 963 1010 prolixitatem
983 915 1132 988 devitare
1150 941 1236 990 con-

109 1015 272 1107 cupimus3
299 1033 341 1084 eo
400 1013 443 1084 od
456 1011 603 1087 brevius
614 1017 712 1086 nimio
729 1011 873 1085 nubilum
885 1013 1089 1088 obscurioris
1104 1014 1237 1104 inducit,

109 1120 141 1181 ei
156 1109 278 1182 lumem
290 1037 554 1206 desillmmque
573 1111 697 1185 sciendi
716 1135 780 1184 non
792 1116 904 1184 minuit
918 1111 978 1184 sed
990 1112 1143 1204 incendii,
1155 1115 1238 1186 sicul

109 1211 135 1280 si
151 1209 268 1303 uliquis
285 1207 420 1282 muium
439 1214 592 1282 esuriens
612 1209 772 1281 modicum
790 1215 822 1282 in
846 1208 951 1282 cibum
981 1221 1147 1301 ossumoi,
1170 1233 1237 1282 non

108 1307 228 1377 lumem
248 1309 422 1400 oxiingud,
441 1307 501 1381 sed
521 1310 642 1380 exciinl
662 1312 768 1402 potius
787 1307 989 1398 eiincendii;
1016 1320 1048 1380 ei
1066 1311 1135 1404 ipso
1153 1332 1237 1404 pro·-

108 1405 217 1476 lixiios
235 1407 346 1495 nimiu,
359 1403 467 1478 debito
479 1405 702 1478 moderamine
713 1429 779 1478 non
790 1407 928 1497 uenata,
940 1406 1238 1499 iosiidiumlegen-

108 1499 192 1574 libus
209 1523 292 1599 sepe
310 1506 404 1597 parii,
423 1508 496 1600 quie
515 1516 576 1576 eiu
589 1507 721 1576 nimium
733 1504 936 1578 lamesccnie
948 1505 1138 1600 superfluus
1147 1503 1237 1576 cibus

108 1611 257 1694 sumpius
274 1623 432 1674 nauseam
452 1623 618 1694 generare
638 1600 800 1697 proboiur.
828 1601 897 1676 Nos
909 1623 992 1694 crgo
1003 1605 1088 1674 inicr
1097 1625 1238 1698 paucum

108 1708 143 1768 ei
154 1701 289 1770 nimium
307 1704 361 1770 vio
379 1699 485 1771 medio
504 1701 695 1772 incedentes
720 1712 753 1771 ei
776 1700 923 1773 dicemus
948 1700 1054 1792 utilia,
1083 1711 1238 1795 quonium

106 1796 268 1890 expedire
286 1795 479 1889 videbimus,
497 1810 530 1870 ei
547 1798 712 1892 superduc
724 1799 923 1895 reliquimus.
951 1795 1034 1869 Nam
1046 1802 1142 1870 nimie
1154 1796 1238 1868 hre-

106 1897 209 1965 uiiole
225 1905 301 1968 suni
321 1899 370 1968 usi
383 1897 543 1992 plerique„
561 1901 614 1992 qui
626 1899 773 1969 cronicas
786 1901 1065 1991 conscripserunt‚
1083 1895 1143 1970 sed
1154 1918 1238 1991 pro·

107 1991 239 2066 lixilolis
267 1998 380 2066 vilium
416 2005 451 2066 ui·
483 1996 656 2089 plurimum
690 1999 914 2085 incurrerunt,
949 1998 1002 2090 qui
1036 1999 1238 2090 scripserunt

107 2089 283 2184 hystorias.
334 2091 446 2188 licque
473 2095 625 2164 invocalo
652 2093 736 2182 deo„
768 2091 807 2164 eb
838 2092 1000 2165 Oioviuno
1025 2115 1160 2184 cesare,
1185 2097 1237 2188 qui

107 2191 231 2280 primus
249 2193 418 2264 volunieie
435 2189 659 2263 Romanorum
676 2201 727 2264 esi
753 2190 929 2262 dominium
954 2201 1150 2281 essecutus„
1176 2189 1236 2262 sub

107 2307 172 2378 quo
190 2288 351 2360 elmundi
369 2289 517 2361 sulvuior
534 2287 695 2377 Christus.
713 2288 860 2384 pontifex
872 2298 986 2360 noster
1005 2309 1166 2378 summus.
1185 2295 1236 2360 esi

108 2388 331 2481 temporaliter
346 2386 388 2458 de
407 2389 611 2460 sanctissimo
632 2389 761 2478 virgine
780 2395 896 2476 nolus.
914 2387 1109 2457 narrationis
1127 2395 1239 2457 nostre

106 2484 196 2554 inilia
214 2489 392 2580 capiemus.

158 2577 353 2656 Olloviuuus
372 2581 413 2653 de
430 2594 531 2675 genie
548 2581 677 2654 Ollaria
698 2584 796 2653 iroxii
812 2583 984 2673 originem.
1019 2581 1113 2653 Hunc
1131 2581 1237 2676 siqui-

106 2677 184 2750 dem
202 2690 337 2771 gentem
355 2683 387 2760 in
405 2680 529 2754 Vilitris
546 2681 652 2752 luisse
668 2683 857 2775 precipuum
875 2689 908 2750 ci
925 2680 1120 2772 preclaram
1139 2679 1239 2750 mulin

107 2775 279 2850 declarent
294 2779 413 2850 inditio.
450 2777 534 2850 Nom
551 2777 677 2874 pridem
700 2781 733 2848 in
753 2777 848 2848 huius
872 2775 979 2871 oppidi
1004 2775 1126 2848 celebri
1151 2799 1238 2872 que-

106 2873 184 2946 dam
201 2887 294 2969 purte
312 2875 440 2970 quidum
452 2879 561 2971 utique
574 2885 644 2946 emi
662 2877 756 2946 vicus
768 2873 917 2946 Octavius
929 2885 1081 2964 voccius,
1099 2897 1141 2946 co
1153 2873 1239 2971 quod

105 2970 164 3063 ibi,
181 2983 216 3044 ui
232 2971 400 3064 scribitur.
419 2985 490 3046 erni
507 2997 563 3046 oro
587 2972 650 3044 deo
675 2971 805 3044 Ollovio
832 2984 1034 3044 consecratu.
1071 2971 1133 3045 llic
1157 2993 1240 3045 sone

106 3068 260 3144 Octavius
277 3075 310 3142 in
327 3069 414 3143 bello
433 3069 566 3143 liniiimo
586 3069 654 3144 dux
669 3093 743 3142 oum
762 3081 873 3160 ossei.
899 3080 933 3141 ei
956 3069 1143 3143 secriliiium
1175 3067 1239 3141 deo

105 3167 205 3240 Marti
222 3170 437 3264 impenderet,
449 3173 636 3242 incursione
649 3168 756 3240 hosiili
768 3166 828 3240 sihi
839 3165 944 3239 subito
957 3171 1112 3258 nuntiem,
1131 3169 1239 3240 semi-

105 3264 210 3337 cruda
230 3277 302 3340 esic
321 3288 398 3340 mox
415 3289 460 3340 ex
477 3267 550 3338 ioco
569 3269 686 3362 eripuit
701 3269 888 3361 pariterque
910 3268 1071 3356 exsecuit,
1091 3263 1237 3336 bellum-

105 3385 173 3458 que
191 3363 382 3456 ingrediens
400 3368 505 3438 victor
521 3365 588 3436 fuit.
627 3362 676 3434 oh
703 3365 799 3458 quem
823 3365 932 3457 urique
950 3385 1085 3436 causum
1102 3362 1237 3434 decreto

104 3459 238 3556 publico
258 3473 387 3534 cnutum
406 3474 469 3551 esi.
488 3474 523 3535 ut
543 3475 613 3535 este
632 3461 727 3532 Marti
746 3460 788 3532 dc
805 3471 930 3551 celero,
949 3460 1007 3534 scd
1026 3460 1236 3532 eorumreli·

103 3561 184 3652 quie
210 3556 356 3633 Ooiuviis
383 3561 610 3632 redderentur.
662 3557 828 3652 Siquidem
859 3569 992 3650 geniem
1020 3561 1115 3632 isium
1140 3581 1237 3653 quum

103 3658 314 3751 appellemus
333 3656 515 3751 Ocioviem
533 3657 726 3752 Tarquinius
745 3657 876 3729 Priscus
893 3677 956 3728 rex
980 3656 1020 3727 ud
1047 3656 1239 3750 digniioiem

104 3765 246 3828 senalus
265 3757 367 3849 elegit
386 3767 447 3828 cic.

158 3851 323 3926 Henricus
340 3857 469 3950 quiinius
487 3853 572 3926 lilius
590 3852 724 3948 predicii
739 3851 884 3940 Henrici,
903 3853 1038 3923 vivente
1057 3847 1239 3944 adhucpa·

104 3961 158 4022 ire
187 3961 221 4021 ei
243 3956 424 4046 copiivoio.
448 3975 589 4044 regnum
612 3953 778 4046 pervasit.
802 3953 1038 4044 imperavitque
1063 3951 1156 4020 annis
1181 3948 1240 4020 xxi

105 4071 216 4144 usque
244 4049 286 4120 nd
314 4071 434 4122 annum
462 4049 582 4123 domini
605 4055 692 4122 m.o.¹
721 4058 754 4119 ei
784 4051 856 4143 qiriu
887 4057 1012 4142 ponem
1047 4050 1240 4119 incarcere-

104 4151 171 4240 vii,
191 4146 233 4218 de
251 4159 355 4220 morte
372 4151 473 4244 patris
490 4151 584 4221 verie
602 4147 733 4220 luerunt
749 4149 943 4242 opiniones,
967 4155 1001 4217 ei
1018 4149 1110 4217 varie
1128 4148 1240 4244 scrip-

166 4259 196 4328 1)
215 4259 286 4317 leere
303 4261 380 4318 sicile
399 4261 426 4318 in
446 4261 494 4319 der
511 4263 551 4320 lrs.
572 4263 615 4318 liir
634 4261 677 4320 die
696 4259 819 4320 lehleude
837 4259 901 4316 Zulrl
921 4257 998 4317 1125.

165 4393 302 4440 eorunm
316 4397 459 4441 edures«.
994 4391 1029 4458 39
