3012 4820
264 243 335 323 624
437 239 614 298 mnostrum
635 237 826 297 mouentum
845 238 952 296 GESTA
972 237 1213 295 IMPERATORUM.

260 439 355 511 pape.
383 415 415 488 Α
433 427 546 490 sancto
562 415 731 488 Remardo
748 418 780 488 in
798 413 968 488 Fracbiort
984 438 1057 487 cum
1076 415 1201 487 cunctis
1213 413 1288 484 iere
1299 411 1389 509 prin-

260 513 383 609 cipibus
409 513 584 588 Alamania
612 537 744 587 crucem
762 517 887 609 accepit
913 517 945 584 in
964 512 1144 587 subsidium
1163 525 1252 585 terre
1270 521 1390 585 sancte.

262 611 446 686 Lodovicus
466 617 568 686 eciam
587 635 721 686 croesus
739 612 844 686 dictus
862 616 895 683 in
918 611 1056 684 Francia
1081 633 1230 704 regnans
1259 621 1394 683 vocatur

261 733 391 806 apapa
415 713 448 782 in
473 710 650 786 subsidium
679 721 766 782 terra
793 720 926 799 sance,
960 713 1067 782 crucis
1098 713 1228 801 signum
1262 711 1394 802 aceepit.

261 807 366 880 Huius
383 809 584 904 temporibus
602 808 730 904 quidam
750 809 908 880 simulans
927 831 966 880 se
984 829 1063 882 esse
1080 807 1261 880 Henricum
1286 809 1396 901 impe-

262 916 417 997 ratorem.
435 911 538 1002 primo
556 912 588 980 in
607 906 748 1002 quodam
764 906 945 978 reclusorio
973 905 1058 1001 apud
1076 905 1292 977 Solodrorum
1311 927 1395 998 gra-

262 1027 340 1076 vem
358 1009 567 1099 penitentiam
595 1005 706 1078 facere
736 1002 916 1076 videbatur.
952 1003 1033 1075 lude
1057 1025 1220 1096 egressus
1244 1003 1397 1076 simulata

261 1101 397 1193 dicens,
421 1127 459 1178 se
477 1117 555 1178 esse
574 1107 816 1198 imperatorem,
837 1103 955 1177 multos
971 1100 1014 1172 ad
1032 1125 1070 1175 se
1089 1102 1211 1172 attexit.
1248 1099 1396 1172 Tandem

262 1224 335 1274 oum
359 1200 589 1276 videretsuam
604 1201 845 1274 simulationem
856 1200 1070 1288 manifestari.
1082 1204 1112 1270 in
1126 1221 1301 1272 monacum
1313 1197 1395 1293 apud

263 1297 459 1372 Crumaeum
477 1311 672 1372 tonsoratur.
712 1299 875 1394 Tempore
897 1297 1037 1370 Conradi
1056 1297 1107 1369 hic
1133 1298 1266 1369 fuerunt
1294 1299 1398 1370 Rorne
1478 1313 1479 1320 ¹

262 1397 451 1564 pontifices:
484 1397 670 1471 Cetestinus
699 1396 865 1469 secundus
896 1399 989 1468 annis
1018 1400 1159 1493 quinque
1187 1405 1220 1466 et
1249 1394 1396 1478 dimidio;
1478 1443 1479 1456 .

290 1496 369 1568 icius
390 1497 433 1588 [i]
450 1496 615 1570 secundus
634 1494 802 1568 mensibus
820 1494 955 1582 decem3
973 1493 1144 1586 Eugenius
1162 1498 1286 1566 tercius
1303 1497 1395 1564 annis
1478 1535 1479 1576 1

263 1601 346 1664 octo.
372 1593 422 1666 Eo
440 1605 586 1689 tempore
604 1590 766 1685 regnabat
785 1597 816 1664 in
830 1591 967 1666 Francia
986 1591 1172 1664 Lodovicus
1185 1591 1395 1663 idiusbodo-

263 1694 328 1763 vici
346 1696 462 1783 crossi,
480 1691 583 1764 frater
598 1691 746 1786 Phylippi
763 1695 871 1785 pueri,
894 1695 946 1788 qui
973 1701 1127 1762 recenter
1154 1701 1332 1762 coronatus
1356 1687 1396 1757 de
1478 1715 1479 1751 t

264 1811 348 1884 aquo
365 1795 596 1887 precipitanter
612 1811 714 1862 ruens
732 1799 878 1862 mortuus
904 1799 964 1862 est.
1003 1787 1111 1861 Causa
1136 1799 1245 1859 autam
1274 1809 1395 1860 cruca-

264 1890 458 1979 signationis
476 1887 584 1978 huius.
603 1911 666 1984 que
686 1887 744 1959 tuit
762 1899 909 1982 tempore
926 1886 1082 1980 Eugenii,
1100 1910 1195 1980 quam
1215 1885 1398 1980 predicavit

262 1984 471 2076 Bernardus‚
499 1985 552 2059 illa
576 1987 679 2058 fuisse
705 1984 837 2076 dicitur.
867 2008 930 2081 que
955 1989 987 2056 in
1012 1989 1136 2079 ystoria
1156 1983 1294 2056 traditur
1311 1994 1397 2055 terre

265 2095 392 2175 sancte.
415 2107 511 2180 quam
535 2083 682 2156 breviter
707 2082 758 2154 hio
782 2082 1043 2156 interserendam
1067 2082 1290 2156 decrevimus.
1331 2077 1398 2152 Sed

266 2185 370 2274 primo
387 2205 547 2279 ponamus
566 2183 672 2277 aliqua
690 2177 845 2252 breviter.

313 2280 477 2375 Tempore
510 2280 631 2353 Urbani
657 2277 792 2352 secundi
817 2277 958 2378 Romani
990 2277 1171 2374 pontificis.
1201 2292 1398 2373 procurante

264 2378 360 2450 Petro
379 2383 529 2468 eremita.
546 2388 667 2473 nepote
685 2379 828 2470 episcopi
849 2376 1044 2467 meldensis.
1063 2399 1184 2470 magna
1202 2401 1303 2450 cruce
1321 2381 1399 2470 sig-

264 2487 412 2548 natorum
440 2476 607 2548 multitudo
631 2475 673 2546 da
701 2472 886 2564 Provintia,
910 2474 1067 2566 Francia,
1092 2475 1282 2568 lotaringia
1303 2487 1399 2570 atque

263 2575 440 2646 Alamania
458 2597 518 2668 per
534 2574 729 2666 Ungariam,
746 2572 934 2663 Btaotuam.
951 2574 1152 2645 Pannoniam
1170 2585 1203 2644 et
1229 2597 1290 2668 per
1308 2593 1398 2646 mare

265 2676 355 2745 venit
384 2671 715 2766 Constantinopolim,
739 2668 793 2741 ubi
821 2671 963 2742 Aiexius
991 2669 1180 2765 imperabat.
1224 2670 1266 2744 Et
1291 2671 1398 2744 habito

263 2771 400 2842 consitio
417 2782 613 2863 parternum
632 2772 694 2840 iter
711 2771 866 2860 aggressi
882 2791 944 2863 per
959 2768 1144 2860 Turcbiam
1162 2791 1237 2840 omn
1260 2769 1398 2842 'iurabis

264 2867 373 2939 multis
391 2869 501 2962 preliis
520 2866 649 2958 habitis.
666 2864 797 2938 andem
815 2865 1065 2939 Antiochionam
1078 2878 1244 2940 venerunt
1258 2889 1399 2962 eamque

264 2977 548 3059 recuperaverunt
566 2975 598 3037 at.
616 2965 733 3036 multas
752 2964 834 3036 alias
852 2967 1010 3038 civitates.
1037 2966 1245 3060 Recuperata
1256 2964 1398 3038 ierusa-

262 3062 341 3153 lem,
359 3085 476 3156 regem
495 3067 700 3136 instituerunt
717 3059 918 3133 Gotiiredum
936 3062 1054 3136 ducem
1070 3062 1271 3156 Lotoringie.
1307 3064 1398 3156 Lego

263 3172 359 3252 gesta
385 3159 507 3232 Urbani
533 3159 688 3249 secundi.
715 3162 905 3231 centenario
928 3161 1115 3256 pontificum
1139 3161 1325 3236 undecimo.
1358 3161 1398 3232 Et

265 3258 326 3329 hoc
342 3258 399 3330 tuit
418 3281 504 3332 auno
522 3258 641 3332 domini
660 3260 789 3330 mxcii.
809 3260 862 3351 qui
879 3256 938 3329 fuit
961 3260 1090 3332 ultimus
1119 3258 1252 3331 Urbani.
1290 3259 1397 3332 Tenu-

264 3377 344 3450 pora
363 3368 470 3428 autem
488 3355 654 3450 Eugenii.
677 3411 684 3427 .
703 3412 711 3429 .
730 3361 751 3428 .¹
772 3377 856 3449 papa
871 3355 1066 3430 credebatur
1082 3355 1173 3451 perdi
1190 3355 1397 3432 ierosolimi-

264 3464 374 3524 tanum
392 3477 532 3546 ragnum
551 3465 684 3549 propter
700 3456 875 3550 potentiam
884 3453 1123 3528 Saracenorum
1135 3454 1398 3542 hacucoasioum

264 3555 336 3645 quia
361 3552 551 3626 Bauduinus
574 3556 694 3624 tercius
719 3573 782 3622 rex
804 3547 985 3624 ierusalem
1010 3553 1050 3625 ab
1076 3576 1117 3625 eo
1141 3565 1312 3648 tempore,
1336 3573 1396 3647 quo

263 3659 348 3720 terra
368 3672 428 3744 per
440 3649 618 3744 predictum
636 3649 793 3721 baronum
805 3649 923 3722 stolum
935 3662 1126 3747 recuperata
1141 3662 1206 3740 ast.
1220 3675 1297 3723 cum
1310 3673 1394 3746 quo-

263 3745 338 3818 dam
355 3752 476 3841 potanti
495 3747 623 3820 Turcho
641 3751 773 3820 nomine
789 3745 937 3820 Baudino
955 3753 1125 3822 amicitiam
1139 3753 1311 3822 contraxit
1338 3747 1395 3818 Hic

263 3843 411 3918 Turchus
429 3857 498 3919 tres
516 3845 600 3918 [ilias
619 3844 757 3936 habens
775 3865 873 3916 unam
892 3850 964 3939 regi
987 3847 1161 3939 Damasci,
1188 3848 1287 3919 aliam
1306 3845 1393 3918 Nor·

263 3941 376 4017 rodino
402 3942 467 4016 filio
491 3947 582 4036 regis
604 3946 760 4036 rigaris?
789 3947 922 4019 terciam
948 3946 1075 4018 cuidam
1103 3944 1232 4018 Tarcho
1265 3947 1393 4016 nomina

263 4039 403 4136 Murgan
414 4065 537 4115 uxores
548 4039 685 4114 tradidit.
712 4040 884 4137 lpsevero
894 4042 1393 4135 BauduinusTurehusregnum

319 4189 348 4257 1)
367 4190 444 4246 idcirc
463 4193 488 4246 iu
509 4193 556 4248 der
574 4193 615 4249 trs.
642 4193 685 4249 iiir
710 4193 788 4254 tertii.
823 4193 854 4266 2)
874 4192 941 4250 oder
965 4191 1085 4264 Agunis3
1112 4197 1202 4266 spiter
1228 4189 1301 4248 stetit
1325 4193 1391 4246 Sau-

266 4260 341 4332 guris
363 4263 428 4318 oder
449 4263 592 4335 Sangunis.
