3010 4822
455 239 628 302 lllillllllcllS
647 240 898 302 umuoumutsrs.
1168 239 1235 320 541

115 419 286 491 Alamania
305 427 446 510 maguus
464 427 591 490 ventus
603 418 673 506 luit„
692 421 745 512 qui
763 416 902 507 edificia,
921 425 1003 488 tecta
1022 413 1192 488 domorum
1209 421 1242 490 in
1258 427 1328 484 1354

115 517 222 590 maltis
245 519 326 590 loeis
354 521 495 605 evertit,
522 540 561 588 ae
590 514 824 588 multitudinem
849 513 1000 585 arborum
1027 515 1241 586 inaximarum

115 612 266 686 radicitus
284 615 414 686 evulsit.
447 613 489 684 Et
505 611 559 683 die
577 611 776 706 preoedente
797 623 870 706 post
893 611 1138 705 completorium
1165 634 1242 683 ma-

114 712 218 800 gister
234 711 390 784 Niuolaus
409 710 524 782 Violus
542 721 650 780 reotor
668 709 780 784 sobole
791 709 988 781 Eistetensis
1007 712 1115 778 oivem
1125 706 1240 782 Eiste-

113 817 241 880 tensum
259 807 403 882 villicum
420 818 497 880 anto
514 807 742 880 Predioatores
759 805 883 879 oooidit.

160 904 288 977 Eodem
305 927 392 976 anno
409 905 451 976 de
462 924 579 976 mense
589 905 654 976 iulii
669 908 843 1000 episeopus
854 903 1102 998 Herbipolensis
1113 901 1242 978 obsedit

113 1004 277 1075 olvitatem
295 1001 568 1097 Herbipolensem
585 1023 659 1074 oum
675 1024 796 1094 magna
814 1004 955 1095 potentia
981 1011 1191 1090 armatorum,
1210 1011 1243 1070 et

111 1109 234 1172 terrum
250 1105 501 1195 oiroumquaque
518 1121 559 1172 ao
575 1102 692 1172 vineas
709 1122 812 1194 prope
829 1101 993 1170 eivitatem
1012 1097 1191 1186 deorumn
1209 1107 1243 1168 et

112 1199 173 1290 ipsi
185 1202 279 1270 cives
291 1198 417 1270 sortiter
425 1194 637 1268 rebellabant
671 1195 818 1269 Tandem
836 1218 897 1271 rex
909 1199 1049 1268 veniens
1071 1195 1111 1267 ad
1133 1196 1241 1268 looum

112 1293 330 1462 oqbnomdabat
358 1298 467 1389 ipsos,
499 1298 542 1365 ita
568 1293 653 1387 quod
680 1298 835 1389 episeopo
863 1296 895 1364 in
923 1303 1092 1388 posterum
1122 1293 1243 1366 debent

112 1413 129 1464 s
174 1415 264 1466 esse.

157 1487 286 1562 Eodem
302 1511 389 1562 anno
404 1489 448 1560 de
459 1510 575 1560 mense
593 1487 716 1560 octobri
725 1487 811 1560 idem
823 1510 885 1558 rex
896 1491 992 1560 intrat
1001 1486 1125 1560 ltaliam
1139 1511 1242 1562 ooro-

110 1585 240 1658 nandus
257 1591 290 1659 in
309 1587 392 1660 urbe
407 1585 448 1656 ad
467 1585 590 1657 titulum
609 1587 809 1680 imperialem
827 1607 888 1678 per
899 1584 1063 1656 dominum
1075 1585 1240 1681 Egydium

110 1683 310 1756 cardinalem
328 1705 491 1758 summum
508 1686 769 1776 penitentiarium
796 1681 916 1754 domiui
939 1679 1118 1754 innocentii
1142 1707 1240 1778 pape,

110 1787 341 1856 transmissum
358 1779 534 1853 abeodem
562 1778 604 1851 ob
627 1779 690 1853 boe
712 1780 753 1852 ad
779 1778 895 1852 urbem
918 1789 994 1850 ante
1019 1803 1159 1871 annum,
1186 1781 1240 1852 ubi

109 1877 222 1950 Padue
240 1880 517 1973 sollempnissima
535 1880 718 1972 suscipitur.
747 1877 789 1949 Et
804 1875 1043 1949 oonoordantur
1065 1902 1139 1950 oum
1167 1881 1238 1973 ipso

107 1996 195 2066 rege
212 1981 328 2050 eivitas
346 1975 564 2059 venetorum„
582 1973 702 2048 domini
713 1973 919 2048 marchiones
937 1973 979 2044 de
990 1972 1156 2068 Ferraria,
1173 1975 1239 2050 do·

107 2077 217 2147 mirrus
235 2074 277 2145 de
294 2073 442 2161 Verona,
460 2082 493 2143 st
510 2075 721 2168 quamplures
738 2075 801 2146 ulii.

154 2170 286 2244 Eodem
302 2183 451 2266 tempore
470 2172 547 2258 [oot
566 2173 605 2261 5]
625 2171 702 2243 obiit
719 2172 868 2246 dominus
879 2167 1043 2242 lohannes
1054 2171 1240 2264 arehiepis-

106 2289 211 2363 oopus
229 2267 501 2356 mediolanensis,
519 2289 603 2341 uuus
621 2269 663 2340 de
680 2267 913 2362 potentioribus
929 2264 1034 2356 ltalia,
1050 2278 1084 2338 et
1098 2267 1153 2340 lilii
1165 2269 1238 2340 lra-

105 2367 163 2438 ois
183 2369 235 2442 sui
250 2377 394 2459 regnant
410 2386 469 2460 pro
486 2368 558 2457 ipso
575 2369 609 2437 in
625 2365 813 2438 Mediolano
825 2376 858 2437 et
868 2364 939 2436 aliis
950 2363 1254 2461 civitatibuaqms-

105 2464 180 2556 ipse
199 2463 397 2556 subiugavit.

155 2564 260 2635 Anno
277 2560 396 2632 domini
415 2560 584 2633 m.ooo.l.v.
603 2560 689 2634 idem
706 2583 769 2634 rex
785 2581 845 2655 per
871 2557 1058 2634 amicabiles
1084 2571 1238 2636 baotatus
1256 2554 1324 2648 ¹3⁵⁵

103 2656 325 2732 oonoordatur
343 2679 417 2730 oum
436 2657 589 2752 prediob’s
606 2654 745 2731 dominis
762 2657 805 2730 de
822 2656 1030 2750 Mediolano,
1056 2681 1153 2753 quem
1177 2662 1239 2754 ipsi

103 2759 289 2850 suscipiunt
304 2759 337 2826 in
354 2754 540 2828 Mediolano
558 2777 632 2826 eum
655 2769 766 2828 tamen
791 2779 895 2851 pauca
919 2767 1041 2848 geote3
1064 2757 1240 2829 noluerunt

103 2857 195 2926 enim
212 2850 299 2947 quod
316 2875 391 2924 oum
403 2875 524 2945 magna
535 2857 782 2944 genteintruret
793 2853 834 2925 ad
845 2857 946 2949 ipsos.
974 2853 1071 2926 Unde
1082 2857 1238 2926 maiorem

101 2963 235 3045 partem
260 2952 370 3041 gentis
394 2971 455 3022 sue
484 2951 612 3044 reliquit
633 2949 788 3040 Mantua,
811 2962 846 3023 et
869 2955 917 3024 sie
935 2954 1027 3045 quasi
1044 2951 1135 3026 solus
1154 2950 1238 3024 sub·-

101 3053 200 3120 mittit
226 3069 265 3120 se
293 3045 442 3120 manibus
470 3045 669 3137 eorundem,
697 3059 731 3120 st
757 3058 931 3120 ooronutur
954 3047 1100 3122 seouoda
1118 3070 1239 3120 aurona

101 3155 267 3238 argentea
285 3147 318 3215 in
335 3144 477 3216 eoelesia
504 3147 608 3218 sanati
634 3143 800 3218 Ambrosii
827 3148 860 3216 in
886 3144 1072 3216 Mediolano
1096 3147 1130 3216 in
1160 3149 1238 3240 epi-

100 3241 224 3336 phania
263 3240 383 3313 domini
416 3242 494 3331 [ian.
527 3239 578 3331 6.]
622 3242 664 3313 Et
690 3241 767 3313 inde
796 3244 959 3314 transiens
985 3243 1075 3313 venit
1099 3241 1238 3312 Romam

100 3339 233 3434 absque
252 3341 340 3410 omni
356 3341 553 3412 resistentia.
598 3337 659 3412 Ubi
678 3342 710 3411 in
735 3337 787 3410 die
804 3337 927 3434 pasche
955 3341 1038 3432 [apr.
1058 3338 1097 3427 5]
1121 3361 1238 3411 aear-

98 3436 204 3510 dinali
221 3435 389 3508 Mostieusi
407 3438 441 3508 in
457 3438 687 3531 imperatorem
705 3447 879 3508 oorouatur
904 3439 938 3507 in
966 3435 1108 3508 eeclesia
1135 3438 1239 3508 saneti

98 3533 203 3606 Petri.
247 3532 302 3605 Ao
324 3531 440 3605 eodem
467 3531 520 3604 die
550 3533 674 3606 recedit
700 3532 740 3604 ab
766 3531 860 3624 urbe,
886 3530 1020 3608 dimissa
1046 3543 1147 3624 gente
1165 3556 1238 3621 sua,

98 3633 190 3704 olam
209 3630 328 3702 volens
345 3629 454 3701 redire
471 3628 513 3701 ad
530 3629 747 3703 Alemauiam.
775 3630 850 3703 Nou
866 3634 976 3724 potuit.
1010 3628 1080 3701 Sed
1096 3633 1237 3702 veniens

98 3707 150 3800 ad
161 3731 332 3800 civitaten
354 3727 525 3816 Pisanum,
548 3727 656 3823 ibique
678 3749 753 3800 oum
779 3749 903 3798 moram
927 3727 1069 3816 lueeret,
1095 3725 1235 3820 quodum

98 3828 287 3920 progenies
311 3824 492 3915 vulgariter
515 3827 675 3921 appellate
700 3821 974 3914 (lamba-curta,
999 3823 1040 3894 de
1067 3825 1233 3895 oooisione

97 3926 208 4018 ipsius
221 3925 426 4015 imperatoris
444 3931 478 3992 et
494 3943 628 3996 suorum
646 3925 729 4016 turpi
747 3925 921 4013 cogitavitq
945 3931 979 3992 et
1001 3923 1086 3991 oiroa
1112 3919 1233 3992 loetum

98 4028 317 4114 penteeostes
340 4019 491 4110 palatium
516 4021 668 4092 Pisanum
694 4018 844 4091 incendio
868 4019 955 4110 ignis
979 4013 1123 4088 oomburi
1149 4037 1233 4111 pro-

99 4119 254 4204 curavit3
280 4137 326 4186 ex
352 4137 416 4209 quo
443 4139 533 4188 arma
559 4120 707 4212 antiqua,
733 4116 886 4188 videlieet
909 4109 1027 4187 baliste
1058 4123 1092 4186 et
1118 4113 1233 4184 similia

99 4213 206 4290 valde
221 4217 362 4308 pretiosa
380 4217 532 4312 eivitatis,
550 4213 591 4285 ibi
610 4225 800 4312 cousumpta
826 4213 966 4288 luerunt.
1018 4211 1096 4290 Post
1119 4211 1239 4308 aliquot
