2966 4842
313 257 489 316 merom
508 257 552 314 cs
566 255 849 316 nmssmnoveus.
1123 257 1170 331 19

34 430 89 520 gis
107 427 287 519 uouemus,
306 430 392 524 quod
408 429 620 522 talemaro,
637 433 692 526 qui
710 453 749 504 se
766 433 996 525 imperatorem
1013 429 1174 524 intytula-
1191 439 1261 496 leet

33 525 103 617 hat,
122 525 265 599 deberet
282 527 417 620 cedere,
436 540 469 602 et
486 529 615 624 quddam
632 528 806 602 Heinricus
825 526 894 600 dux
909 527 1065 619 Bovario,
1088 549 1176 598 oon-

35 629 251 716 sanguineus
269 625 403 720 predicti
420 625 601 716 ludewici,
620 625 755 698 deberet
769 627 846 718 eligi
859 630 892 698 in
908 647 1025 717 regem
1043 635 1077 696 et
1114 647 1176 696 ro-

35 726 173 794 moveri
197 722 239 794 ad
257 727 438 819 imperium.
457 724 551 813 Quod
575 735 685 796 tamen
702 724 761 796 brit
778 735 889 796 contra
907 745 1024 816 regem
1040 647 1177 794 Robor-

36 831 121 912 tum7
146 823 203 914 qui
227 843 274 892 ex
290 820 354 892 boc
370 825 457 916 cepit
472 843 558 916 pape
575 821 747 914 indignari.
773 821 833 892 Cui
851 843 915 894 rex
932 819 1080 913 Ungarie
1097 819 1179 892 lavit

36 941 104 988 ana
130 939 210 988 cum
227 916 397 992 Gibellinis
414 918 586 1012 lbprannis
611 923 664 1014 qui
687 923 756 990 iura
776 921 901 1013 imperii
918 928 1128 1013 usurparunt,
1147 927 1180 986 et

38 1038 117 1086 cum
134 1014 265 1087 (duellis
290 1020 434 1088 mamma
457 1016 669 1107 namneus
690 1021 744 1112 qui
769 1039 870 1110 super
893 1015 955 1086 hoc
971 1014 1179 1110 impediendo

39 1133 124 1184 suos
156 1111 396 1186 ambasiatorcs
426 1137 492 1185 una
521 1135 596 1185 curn
623 1111 893 1187 ambasiatoribus
927 1117 1018 1206 regis
1045 1109 1181 1186 liuberti

41 1221 76 1280 et
102 1214 202 1302 regis
229 1209 378 1304 Ungarie
405 1211 446 1282 ad
474 1232 592 1306 papam
619 1210 799 1283 lobannem
819 1211 1008 1284 direxerant
1035 1231 1078 1282 ne
1108 1213 1181 1305 ipse

42 1311 209 1380 creationi
225 1311 305 1380 novi
322 1313 528 1403 imperatoris
545 1313 755 1382 consentiret.
772 1310 850 1381 Rex
860 1319 969 1380 autem
980 1308 1181 1380 Franoonrm

41 1429 107 1477 una
118 1405 449 1500 cumlobannerege
458 1405 617 1478 Bobemie
627 1405 829 1496 laborabant
840 1417 875 1478 ut
885 1403 1182 1498 eligereturHein·

43 1507 134 1578 mous
151 1503 224 1576 dux
240 1505 274 1576 in
291 1507 522 1600 imperatorem
538 1502 794 1599 promovendus.

47 1763 224 1858 Quoddam
241 1767 338 1852 quusi
354 1767 548 1836 miraculum
565 1767 605 1836 da
622 1765 898 1852 corparaCluirti.
917 1763 966 1836 Da
986 1767 1094 1836 reditu
1118 1767 1183 1836 de-

144 1865 229 1932 miui
259 1863 414 1933 Ostiensis
437 1865 620 1932 cardinalia
643 1866 771 1948 caputet
798 1865 838 1932 du
855 1864 1005 1932 licaonia
1032 1870 1065 1933 et
1085 1867 1183 1934 otiam

133 1961 314 2056 *Gupetaui
331 1963 474 2049 dyaaoai
491 1963 674 2030 cardinalis
697 1961 801 2028 uicbil
817 1961 1020 2048 perficientis
1043 1964 1077 2030 iu
1102 1962 1184 2030 Tuae-

145 2063 212 2146 ciu,
230 2061 288 2147 aui
303 2059 400 2127 ambo
417 2061 518 2148 lopati
534 2058 673 2143 [armat.
977 2083 979 2088 ·
1059 2061 1137 2148 Cap.
1155 2079 1184 2127 o.

95 2189 177 2262 ltem
189 2189 311 2261 eodem
321 2211 408 2261 anno
419 2190 797 2274 dominimcccmiiii.
810 2193 842 2261 in
852 2189 967 2280 vigilie
983 2201 1095 2262 sancta
1106 2188 1184 2262 les-

52 2293 178 2360 rtuuus
205 2286 370 2382 paschalis
396 2291 502 2380 [mim
520 2287 584 2378 26]
611 2288 687 2359 dum
710 2310 794 2383 papa
810 2287 975 2359 lebannes
997 2291 1078 2360 arrii.
1103 2287 1185 2358 olli-

53 2389 133 2476 cium
149 2384 371 2476 celebrasset,
390 2395 422 2456 et
438 2389 666 2458 communione
678 2385 762 2458 lacta
773 2385 987 2457 velletunum
1000 2385 1185 2480 dyaconem
1262 2429 1270 2442 ·

55 2483 264 2573 cardinalem
281 2487 336 2578 qui
354 2482 415 2556 sibi
433 2487 687 2572 ministraverat
706 2487 960 2572 ‹urmmmricarea
979 2483 1103 2556 scilicet
1118 2481 1186 2554 do-

56 2585 171 2652 minum
188 2579 345 2652 laeobum
356 2579 530 2674 Gaycunip
548 2603 623 2652 curm
633 2583 819 2676 porrigeret
828 2579 887 2654 sibi
899 2589 1025 2674 partem
1035 2579 1142 2654 hostie
1152 2591 1187 2651 et

58 2678 202 2750 crederet
214 2701 253 2752 se
263 2681 313 2750 ori
323 2682 395 2752 eius
406 2682 617 2773 inposuisse,
627 2679 859 2773 illerespondit
869 2701 907 2752 se
917 2677 995 2750 nihil
1005 2681 1185 2774 recepisse.

59 2773 95 2846 llt
103 2775 176 2848 ideo
187 2797 251 2870 per
259 2775 374 2848 boram
385 2779 512 2870 quesita
529 2777 588 2850 fuit
604 2798 681 2870 pers
699 2777 752 2848 illa
770 2775 945 2848 hincinde¹
963 2780 997 2847 in
1008 2776 1090 2850 sede
1101 2797 1187 2872 pape

60 2869 106 2943 ubi
122 2883 269 2946 stetemt
296 2871 340 2944 Et
354 2873 487 2946 tandem
504 2874 563 2947 suit
579 2877 713 2947 inventa
729 2877 764 2944 in
780 2875 863 2968 plica
881 2874 994 2946 casule
1010 2875 1136 2969 papalis
1154 2883 1190 2944 et

62 2969 126 3040 duta
143 2971 303 3044 cardinali
319 2969 473 3064 predicte.
503 2969 618 3044 Officio
635 2981 744 3043 autem
761 2971 850 3043 linito
867 2993 951 3066 pqra
963 2971 1053 3062 driu
1071 2995 1111 3044 se
1129 2974 1188 3042 vi-

64 3065 187 3142 sibiliter
204 3068 333 3141 vidisse
349 3067 436 3163 qued
452 3091 572 3163 corpus
588 3068 709 3140 demini
726 3067 768 3140 de
785 3067 934 3141 manibus
953 3073 1021 3142 suis
1039 3068 1189 3140 descen-

65 3163 161 3237 dendo
178 3165 343 3256 discorda„
361 3176 395 3238 et
410 3176 521 3240 tamen
537 3167 653 3240 videre
670 3188 736 3238 non
754 3175 881 3260 perteret
896 3163 951 3238 ubi
968 3189 1007 3240 se
1024 3187 1190 3238 reserva-

68 3265 116 3351 vit
132 3267 198 3336 nisi.
212 3273 288 3357 post
303 3265 545 3357 mquisitionem
560 3264 680 3336 factam
697 3263 872 3356 diligenter
887 3267 1023 3336 inventa
1042 3273 1094 3338 est
1109 3284 1187 3358 pers

68 3356 160 3432 bosde
177 3365 211 3434 in
229 3362 313 3456 plica
332 3361 444 3434 casule
461 3372 622 3456 utsupra.
639 3361 683 3434 Et
698 3383 782 3456 papa
798 3361 862 3433 hoo
877 3384 937 3456 pro
946 3363 1103 3434 miraado
1113 3361 1190 3434 lao-

71 3463 126 3528 tum
141 3461 315 3554 reputavit
338 3458 381 3528 Et
397 3458 518 3531 factum
535 3467 587 3532 est
609 3459 673 3530 boc
687 3462 779 3532 xviii.
798 3481 885 3531 anno
901 3459 1107 3554 pontificatus
1125 3463 1188 3534 sui.

154 3554 214 3634 lllc
232 3559 339 3628 eciam
355 3578 441 3628 anno
459 3566 492 3628 et
507 3560 541 3630 in
558 3559 739 3651 septimana
759 3567 873 3630 sancta
884 3558 1044 3652 expulsus
1056 3557 1191 3630 fuitdc-

24 3671 27 3748 p
73 3653 165 3724 minus
183 3651 347 3727 Ostiensis
367 3657 542 3748 episcopus
559 3653 732 3726 cardinalis
751 3654 793 3724 de
808 3653 969 3746 bonomo„
988 3658 1041 3749 qui
1058 3655 1116 3726 luit
1131 3655 1190 3726 le·-
1287 3713 1290 3720 λ

75 3758 157 3837 guum
179 3773 240 3846 per
262 3760 362 3822 mum
385 3749 611 3824 lombardiam
632 3751 720 3823 bene
741 3755 812 3824 xvi.
837 3756 941 3826 annis.
958 3752 1002 3824 Et
1024 3753 1188 3824 ommissis

76 3850 155 3937 quasi
175 3846 326 3920 omnibus
349 3869 510 3924 reversus
535 3859 586 3924 est
607 3849 692 3921 infra
709 3848 830 3922 tasum
846 3849 1090 3944 penthecostes.

77 3939 232 4020 Reuersus
242 3947 418 4018 briteciam
429 3944 747 4020 dominuslohannes
755 3945 917 4041 Gayetani
928 3946 1098 4041 dyaconus
1109 3969 1190 4018 car-

80 4036 179 4116 duelis
192 4055 266 4142 post
281 4053 423 4118 mortem
437 4042 591 4118 lobannis
614 4067 701 4139 pape
717 4053 751 4116 et
767 4055 844 4116 ante
860 4045 1054 4116 electionem
1070 4044 1188 4117 liene-

84 4133 140 4208 dicti
155 4139 332 4216 duodecimi
350 4145 405 4239 qui
427 4141 487 4214 init
507 4143 639 4234 legatus
662 4145 696 4216 in
719 4142 850 4234 Tuscia,
875 4151 909 4215 et
932 4143 1080 4216 similiter
1095 4143 1194 4216 nicbil

114 4265 137 4336 l]
147 4270 179 4328 im
192 4273 262 4331 God:
277 4273 323 4330 bin
338 4272 410 4329 iude.
703 4289 705 4296 ’

940 4361 981 4418 2*
