2902 4820
250 271 322 344 620
425 268 605 327 trinomias
625 269 818 328 atanahildi
837 271 943 328 ousta
965 271 1203 331 tututhtotttttt.

251 469 323 519 oum
340 447 575 540 pervenissent
592 445 923 542 Constantinopolim}
942 459 975 518 et
1001 445 1041 518 ab
1069 451 1264 542 imperatore
1286 443 1365 517 Gra*

251 541 473 617 eorumbene
502 548 627 639 recepti
662 545 824 637 tuissent,
859 550 1059 618 transierunt
1084 543 1251 616 brachium
1278 548 1367 619 sandi

252 644 400 734 Georgii,
417 651 451 711 et
466 645 671 716 intraverunt
682 641 873 734 Bitbiniam‚
891 642 1120 739 habebantque
1130 641 1368 714 habundantiam

251 740 458 830 victualium
484 751 518 812 et
539 741 671 813 fuerunt
693 744 726 813 in
751 753 837 814 terra
862 740 1007 815 subiecta
1035 745 1224 836 imperatori
1256 739 1367 814 dnobus

252 837 439 929 mensibusp
466 849 681 933 expectantes
705 839 848 912 barones
874 845 927 936 qai
954 839 1187 936 sequebantur.
1237 838 1368 912 Tandem
1426 857 1427 862 ’

251 937 391 1034 popalus
409 939 570 1033 inpatiens
582 959 673 1010 more
685 939 879 1034 inceperunt
895 938 1055 1010 invadere
1066 948 1204 1026 terram
1218 936 1369 1032 queSoli-
1426 943 1427 946 ’

252 1057 371 1107 manno
392 1039 464 1127 regi
482 1035 684 1108 Turcborum
703 1035 848 1108 subiecta
867 1049 947 1109 erat.
974 1035 1015 1108 Et
1034 1037 1214 1108 Alamanni
1228 1043 1371 1129 oeperunt

251 1141 393 1206 castrum
411 1131 572 1228 quoddam
591 1137 680 1205 iuxta
691 1133 827 1206 Niceam
841 1135 992 1224 Bit-huie„
1011 1134 1371 1206 etinterieeeruutom-

250 1255 311 1304 nes
335 1255 353 1300 a
387 1227 530 1302 maribus
554 1254 659 1326 usque
684 1233 724 1302 ad
749 1235 889 1306 ferninas
915 1243 949 1304 et
971 1243 1113 1305 castrum
1138 1231 1370 1305 destruxerant
1426 1251 1427 1264 ¹

249 1328 342 1418 Quod
361 1328 498 1401 audiens
517 1327 739 1420 Solimannus7
754 1335 807 1428 qui
825 1331 866 1402 de
882 1334 1008 1402 oriente
1019 1341 1159 1402 venerat
1176 1354 1252 1402 cum
1264 1349 1371 1422 magna

251 1430 400 1500 exercitu
418 1425 459 1497 ad
478 1427 723 1499 custodiendam
741 1440 861 1500 terram
874 1451 981 1519 suam,
997 1431 1090 1500 irruit
1107 1431 1140 1498 in
1157 1433 1253 1524 ipsos
1269 1425 1371 1498 'ibeo-
1426 1423 1427 1516 Q

250 1529 375 1598 tontcos
394 1536 427 1596 et
443 1547 560 1598 omnes
577 1522 702 1597 occidit.
739 1528 883 1621 Populus
900 1550 985 1599 vero
1002 1529 1144 1598 minutus
1174 1525 1372 1598 Christianu—
1426 1531 1427 1612 t

249 1647 321 1695 rum
350 1627 452 1694 iratus
476 1621 518 1692 de
546 1623 628 1694 cede
655 1627 837 1715 sociorum7
862 1635 973 1720 spreto
1000 1625 1136 1695 oonsilio
1167 1621 1371 1718 quorundam

250 1723 425 1794 noluerunt
442 1731 621 1816 expectare
639 1719 780 1794 barones
797 1726 851 1816 qui
870 1722 1102 1817 sequebantur,
1121 1721 1184 1794 sed
1201 1744 1277 1796 xxv
1298 1721 1371 1791 milia
1426 1773 1427 1798 2

250 1817 392 1914 peditum
411 1828 444 1888 et
461 1822 658 1912 quingentos
676 1825 803 1916 equites
827 1829 939 1891 contra
963 1819 1191 1891 Solimannum
1217 1822 1371 1891 miserunt.

249 1920 339 2005 Quos
358 1915 568 1989 Solimannus
587 1917 718 2008 devicit„
737 1921 822 2014 cepit
839 1929 872 1990 et
889 1917 1022 2006 occidit*
1048 1920 1089 1988 ita
1116 1917 1205 2014 quud
1230 1940 1294 1989 uon
1318 1918 1369 1987 nisi
1426 1927 1427 1994 i

249 2027 316 2086 tres
334 2023 523 2085 evaserunt.
559 2015 769 2089 Solimannus
788 2041 831 2088 ex
848 2015 911 2087 hoc
927 2020 960 2087 in
978 2013 1165 2110 superbiam
1179 2016 1373 2086 elatuscon-
1426 2019 1427 2064 t

249 2123 297 2184 tra
317 2108 518 2184 Christianos
532 2112 657 2184 fortiter
670 2113 833 2187 rebellare
845 2117 940 2208 oepit
953 2125 985 2184 et
999 2124 1073 2208 post
1085 2112 1268 2184 adventum
1279 2111 1370 2182 baro-

248 2233 325 2281 nram
344 2211 462 2282 maltos
481 2233 684 2304 congressus
703 2235 775 2283 cum
794 2213 985 2283 Christianis
1013 2208 1134 2301 habuit,
1159 2205 1293 2282 multas
1305 2213 1372 2280 aic-

249 2312 348 2380 tcrias
374 2306 517 2379 obtinuit.
554 2307 607 2381 Ad
636 2310 782 2381 ultimum
813 2321 906 2404 capta
930 2309 1053 2381 Niobea
1081 2319 1114 2379 ct
1140 2317 1371 2403 recuperatae

249 2406 453 2494 Christianis,
471 2407 543 2500 ipse
554 2407 735 2501 depressus
747 2408 957 2481 Solimannus
969 2430 1014 2477 ex
1023 2417 1119 2503 pacto
1130 2409 1275 2479 transire
1295 2428 1367 2500 per-

250 2507 336 2576 misit
351 2509 451 2598 ipsos.
487 2503 530 2576 Et
546 2505 676 2576 mndem
696 2529 769 2576 cum
787 2507 895 2577 multis
923 2505 1075 2600 periculis
1101 2515 1135 2576 et
1157 2503 1324 2576 laboribus
1343 2506 1371 2573 in

249 2601 454 2674 Antiochiam
473 2613 729 2697 veneruntque
748 2628 766 2674 a
785 2603 961 2675 Saracenis
988 2601 1160 2674 tenebatur
1184 2600 1250 2674 sub
1267 2599 1371 2673 tributo

248 2711 281 2772 et
297 2701 451 2786 dominim
468 2702 545 2772 iicet
565 2701 654 2772 multi
672 2699 844 2773 Christiani
866 2713 980 2774 essent
994 2697 1056 2791 ibi,
1073 2705 1172 2773 immo
1192 2701 1268 2794 pius
1287 2719 1370 2794 quam

248 2798 415 2870 Saraceni.
466 2797 575 2892 ipsam
599 2809 707 2870 autem
732 2804 896 2872 civitatem
920 2803 952 2870 in
977 2797 1072 2872 brevi
1096 2800 1252 2892 capiunt,
1275 2795 1370 2866 babitu

248 2899 337 2989 prius
356 2899 452 2986 grand
477 2896 579 2991 prelio
607 2907 719 2968 contra
745 2909 878 2990 gentem
902 2901 993 2991 regis
1011 2899 1203 2986 Persarum
1221 2899 1275 2989 qui
1297 2895 1371 2964 misit
1426 2975 1427 2982 χ

248 2993 427 3087 predictum
444 2993 669 3066 Soiirnannum
684 3017 757 3068 cum
775 3017 897 3088 magno
923 2998 1090 3083 exercitu,
1115 3004 1150 3064 ut
1173 2991 1369 3065 Antiochiam

247 3089 419 3164 obsessam
445 3115 463 3161 a
493 3089 684 3165 Christianis
718 3091 881 3164 liberaret.
928 3093 996 3164 Sed
1029 3095 1228 3163 annuariam
1256 3088 1368 3162 accidit.
1426 3115 1427 3176 ς

247 3189 331 3260 Nam
350 3211 422 3260 cum
441 3188 483 3260 de
500 3188 630 3262 Frantia
642 3193 808 3262 exercitus
820 3195 882 3263 iter
894 3193 1086 3285 arripuisset
1104 3190 1279 3262 millesima
1291 3209 1369 3258 nun·

248 3290 397 3378 agesimo
424 3297 520 3359 sexto
537 3311 623 3360 anno
641 3287 802 3360 dominice
820 3291 1048 3362 incarnationis
1067 3309 1183 3360 mense
1195 3289 1284 3373 maii
1300 3285 1368 3354 mii·

246 3387 364 3456 lesimo
382 3389 599 3476 nonagesimo
618 3389 756 3481 septimo
774 3409 891 3459 mense
910 3389 1005 3474 iunii,
1032 3385 1174 3458 devictis
1191 3385 1304 3456 Persis
1320 3391 1368 3451 at·-
1426 3435 1427 3472 p

248 3505 311 3576 que
328 3481 462 3574 fugacia
481 3485 596 3556 civitas
616 3483 787 3555 Antiochia
809 3509 881 3555 cum
908 3483 1058 3556 omnibus
1076 3484 1225 3556 fortilitiis
1254 3485 1319 3552 suis
1340 3483 1366 3548 in
1426 3489 1427 3540 ἑ

249 3603 365 3651 manus
384 3591 416 3651 et
433 3580 607 3652 dominium
621 3581 875 3654 Christianorum
894 3580 1008 3654 tradita
1027 3591 1090 3670 est,
1112 3579 1256 3652 dimissis
1274 3579 1366 3651 salvis
1426 3639 1427 3714 p

248 3678 424 3750 Saracenis
444 3677 631 3750 custodibus
650 3680 862 3752 fortiiitiornm
881 3703 954 3750 oum
972 3678 1086 3768 rebusq
1104 3675 1261 3749 uxoribus
1272 3687 1304 3746 at
1319 3679 1365 3745 iu·
1426 3725 1427 3768 p

247 3774 387 3849 dantibus
409 3779 487 3848 suis.
530 3777 592 3848 Hic
608 3777 666 3849 tuit
689 3778 819 3850 ultimus
844 3801 949 3850 annus
973 3777 1097 3849 Urbani
1122 3774 1259 3848 secundi
1281 3793 1363 3868 pape.

249 3873 308 3944 Curi
326 3875 487 3947 atrocessit
503 3877 534 3945 in
549 3885 666 3968 papatu
685 3871 841 3947 Pascaiis.
880 3875 1054 3972 Postquam
1079 3877 1195 3946 civitas
1219 3877 1252 3943 in
1277 3872 1362 3966 piena
1426 3893 1427 3972 p

241 3971 388 4070 'dominio
408 3971 663 4044 Christianorum
683 3973 752 4060 fuit,
766 3971 947 4067 patriarcba
959 3973 1114 4062 Grecus„¹
1128 3975 1180 4066 qui
1192 3992 1265 4042 cum
1275 3967 1363 4038 muita
1426 4035 1427 4050 p

248 4069 410 4141 dedecore
428 4073 552 4142 eiectus
569 4071 710 4141 fueratn
731 4071 928 4159 Saracenis„
952 4069 1081 4165 quando
1099 4068 1268 4140 Christiani
1285 4065 1360 4136 aivi-
1426 4081 1427 4100 ¹

250 4177 349 4237 tatem
367 4166 571 4258 obsidebant,
588 4189 649 4263 per
666 4168 849 4263 Aymarum
875 4169 1074 4242 Podienscm
1096 4169 1240 4259 legatum
1258 4159 1360 4236 summi
1426 4193 1427 4244 p

302 4285 332 4354 1)
351 4287 523 4358 patriarcham
544 4289 655 4348 (irsoum
674 4291 714 4347 bs.
1426 4247 1427 4327 d
