3012 4820
241 219 315 294 590
632 213 797 280 moturos
817 215 981 279 uncant.

158 403 228 462 raes
243 437 287 448 -
306 393 348 483 (i.
365 391 452 489 272)
477 397 512 466 io
531 397 740 486 poriomento
757 397 892 486 publico
919 403 1118 487 oonprepoto
1140 395 1232 466 onii.
1255 396 1371 468 mensis

241 497 359 582 aprilis
386 513 474 566 oneo
501 496 544 565 ob
567 498 797 567 incorrectione
820 498 945 566 domini
973 496 1206 588 sarcennati.
1231 497 1301 566 ind.
1325 499 1372 565 ci.

241 596 337 682 repni
350 597 453 664 nostri
474 612 562 664 onoc
578 597 662 665 eiiii.
681 597 812 684 imperii
828 613 905 664 ocro
914 597 1048 682 primo.¹

289 691 371 778 Quia
389 691 532 786 predicta
551 695 712 766 sententia
730 692 788 764 init
796 690 1002 768 insufficiens
1016 689 1123 788 quood
1134 692 1240 787 aliqua
1251 702 1288 765 et
1297 713 1373 764 ma·

239 790 329 860 xime
357 793 431 884 quun
460 811 611 882 errores,
641 813 702 886 per
729 789 848 864 dictum
872 789 1037 862 dominum
1054 787 1235 862 Iohannem
1253 811 1372 885 papam

239 884 368 980 publice
386 886 623 980 dogmatizatus
641 892 723 960 etin
741 886 934 984 supradictis
951 887 1053 962 tribus
1076 886 1298 962 decretalibus
1316 889 1372 959 in-
1479 939 1480 942 ,

240 995 361 1075 serios,
379 989 511 1058 minime
529 986 745 1080 exprimebat7
763 987 837 1058 ideo
854 985 1001 1081 prelatus
1012 989 1190 1080 imperator
1207 985 1249 1058 ad
1260 987 1372 1057 meic-
1479 990 1480 1072 J

238 1103 311 1154 rem
328 1082 412 1155 dicte
429 1090 597 1158 sentencie
614 1084 741 1158 roboris
760 1085 943 1157 firmitatem
962 1084 1004 1156 de
1031 1087 1210 1179 peritorum
1234 1084 1373 1157 consilio
1479 1105 1480 1120 ³

240 1183 344 1274 ipsam
371 1185 508 1256 mutavit
529 1187 563 1254 in
586 1182 731 1279 pluribus
756 1193 790 1256 ct
813 1179 934 1254 addidit
963 1203 1096 1256 errores
1127 1188 1318 1258 contentos²
1342 1185 1374 1253 in

240 1275 332 1352 dictis
349 1279 451 1353 tribus
469 1279 687 1354 decretalibus
705 1281 834 1376 plenius
851 1279 1076 1376 exprimendo.
1103 1281 1209 1368 Quam
1226 1284 1278 1353 sic
1294 1303 1375 1352 cor-
1479 1285 1480 1292 ’

239 1381 378 1448 rectam³
397 1389 430 1450 et
447 1389 601 1452 mutatam
624 1380 708 1452 Pisis
726 1389 842 1475 postea
861 1379 901 1451 ad
920 1377 1062 1451 eundem
1079 1399 1214 1469 annuum
1232 1377 1322 1450 diem
1340 1387 1374 1448 et

239 1473 347 1545 locum
365 1475 486 1568 datum,
503 1488 539 1549 ut
556 1480 791 1574 suprascripto,
809 1478 1033 1573 sollempniter
1049 1475 1275 1571 promugavn
1286 1476 1376 1567 [dec.

241 1571 315 1663 12].
356 1573 539 1649 Publicacio
556 1597 641 1649 vero
659 1574 743 1648 dicte
761 1579 931 1648 sentencie
947 1578 996 1650 sic
1020 1584 1141 1646 mutate
1167 1595 1229 1646 suo
1248 1575 1326 1646 loco
1342 1583 1375 1644 et

240 1666 293 1740 dic
315 1671 452 1746 inferius
488 1677 661 1748 inseretur.
712 1673 859 1745 Similem
890 1673 1020 1745 modum
1049 1671 1201 1746 servavit
1224 1673 1376 1766 prefatus

240 1768 389 1844 dominus
415 1769 578 1846 lohannes
602 1794 686 1866 papa
703 1775 737 1843 in
755 1771 904 1844 edicione
922 1773 1165 1844 constitucionis
1182 1770 1237 1840 Ad
1254 1773 1376 1841 condi-

240 1877 353 1960 torem,
371 1891 468 1964 quam
485 1881 656 1965 postquam
674 1869 899 1964 sollempniter
908 1869 1191 1966 promulgaverat
1203 1889 1281 1939 eam
1292 1889 1375 1941 cor-

240 1972 326 2039 rexit
352 1971 444 2038 etin
470 1967 616 2063 pluribus
645 1972 781 2042 mutavit
807 1977 841 2039 et
873 1972 922 2041 sic
946 1978 1126 2040 correctam
1154 1977 1187 2038 et
1215 1977 1372 2040 mutatam

240 2064 281 2135 ad
300 2063 442 2137 eundem
460 2087 593 2158 annum,
611 2065 698 2138 diem
716 2077 748 2138 et
770 2066 878 2138 locum
901 2071 1018 2140 iterum
1048 2065 1265 2160 solempmter
1288 2087 1375 2161 pro-

238 2165 410 2256 rnutgant.

288 2260 418 2334 Deinde
435 2261 780 2359 prelatusirnperaicr,
799 2283 956 2337 asserens
967 2261 1164 2352 cardinalesa
1175 2283 1375 2337 noncsunr-

241 2383 367 2433 morum
384 2360 570 2456 pontificum
588 2361 763 2453 electores7
781 2357 914 2432 heretici
930 2360 1090 2453 lautores,
1106 2361 1249 2434 infames
1261 2369 1296 2432 et
1304 2383 1373 2431 ex-

240 2461 494 2533 oommnnicatos
511 2469 544 2530 et
559 2463 647 2531 omni
672 2461 742 2530 iure
767 2459 937 2532 electionis
961 2463 1108 2554 privatos
1136 2481 1182 2530 ex
1209 2481 1274 2550 eo,
1299 2461 1373 2554 quia

240 2555 324 2628 dicto
341 2556 472 2630 domino
488 2555 636 2648 Iohanni,
654 2555 799 2628 heretico
809 2560 936 2629 notorio
954 2568 987 2628 et
1003 2580 1063 2652 per
1074 2579 1150 2629 eum
1163 2557 1275 2631 heresi
1286 2579 1373 2629 sen-

239 2655 420 2726 tencialiter
437 2655 687 2749 condempnatm
703 2655 875 2726 multifarie
892 2656 1065 2750 multisque
1083 2653 1188 2727 medis
1205 2654 1373 2743 avemus,

239 2763 410 2847 postquam
428 2753 486 2825 iuit
502 2751 631 2848 publice
648 2763 682 2824 et
706 2755 832 2824 notorie
856 2752 898 2823 de
917 2751 1062 2847 pluribus
1081 2750 1255 2826 heresibus
1273 2752 1373 2823 dua-

240 2860 359 2941 matus
375 2850 560 2946 volensque
576 2850 755 2945 providere
771 2851 914 2924 ecclesie
932 2851 975 2922 de
988 2851 1051 2923 alio
1063 2871 1192 2924 summo
1205 2850 1372 2946 pontifico,

240 2969 332 3018 more
349 2951 521 3042 antiquitus
539 2947 717 3022 observate
735 2971 799 3020 una
824 2971 898 3022 cum
916 2950 1005 3022 clero
1026 2959 1060 3021 et
1081 2947 1202 3044 populo
1220 2948 1372 3020 Romano

240 3047 272 3116 in
290 3044 343 3116 die
361 3050 565 3120 ascensionis
583 3046 715 3135 domini
733 3069 797 3140 que
810 3047 929 3118 firitxii.
948 3047 1018 3122 dies
1036 3051 1113 3119 maii
1129 3049 1206 3117 anni
1221 3047 1372 3142 predicti,

240 3142 373 3214 fratrem
390 3144 521 3217 Petrum
540 3144 581 3215 de
592 3143 747 3216 Corbaria
759 3144 881 3216 ordinis
893 3145 1026 3217 batmm
1038 3144 1203 3216 Minorem
1219 3148 1254 3217 iu
1274 3165 1371 3218 sum-

240 3263 329 3312 mum
346 3241 532 3336 pontificem
550 3243 725 3336 elegerunt
744 3254 777 3315 et
794 3265 957 3315 summum
967 3243 1119 3338 cuqulum
1133 3243 1188 3333 [l]
1203 3252 1236 3313 et
1243 3242 1372 3314 Niobe-

240 3337 328 3410 laum
346 3343 490 3433 priunum
508 3351 722 3414 vocaverunt.
755 3340 841 3412 Nam
858 3351 934 3413 ante
950 3339 1143 3412 Nicbolaum
1166 3361 1288 3435 papum
1310 3363 1372 3414 se-

241 3435 382 3508 cundum
410 3443 463 3532 qni
490 3442 613 3533 primus
641 3439 699 3510 l'uit
726 3439 851 3511 electus
879 3461 940 3535 per
966 3437 1151 3512 cardinales
1179 3441 1213 3510 in
1241 3441 1373 3512 civitate

241 3532 384 3608 Senensi
416 3557 502 3608 anno
530 3535 650 3608 domini
681 3536 840 3628 m[l.vtii.]
874 3540 1089 3632 imperatores
1117 3558 1191 3608 eum
1220 3536 1315 3608 clero
1341 3545 1371 3605 et

240 3635 360 3726 poprdo
378 3634 528 3705 Romano
545 3632 616 3706 urbi
635 3643 669 3706 et
684 3633 755 3705 orbi
772 3634 814 3706 de
832 3656 961 3708 smnmo
977 3632 1130 3728 pontifice
1154 3631 1371 3729 providebant

241 3739 274 3800 et
297 3730 458 3803 interdum
483 3754 528 3803 ex
554 3734 663 3804 eurisis
690 3731 939 3805 racionabilibus
967 3729 1255 3826 deponebamus
1283 3737 1371 3826 patet

240 3827 369 3900 cuilibet
386 3827 550 3924 hystorias
569 3838 602 3899 et
619 3833 767 3904 cronicas
784 3830 981 3925 perlegenti.

286 3925 369 4014 Quin
387 3949 407 3998 a
423 3926 587 4000 nonnullis
605 3925 664 3998 luit
680 3925 866 4020 hesicium,
884 3928 1041 4002 hactenus
1059 3927 1167 3999 adbuc
1195 3925 1363 4015 besitatun

239 4022 401 4116 quomodo
427 4028 605 4119 imperator
624 4027 726 4118 potuit
748 4026 837 4098 ferre
868 4029 1071 4099 sentenciam
1094 4025 1313 4121 supradictam
1336 4031 1366 4093 et

241 4123 383 4194 manime
401 4145 474 4194 cum
492 4120 730 4196 iurisdictiones
751 4123 943 4196 clericorum
960 4134 995 4195 et
1017 4124 1215 4198 secularium
1231 4124 1363 4195 luerint'

295 4233 324 4304 l)
344 4235 428 4308 liegg.
449 4235 512 4291 lud.
533 4252 557 4292 u.
576 4233 637 4294 981.
656 4234 688 4308 2)
707 4241 835 4296 ccutmto
850 4237 891 4296 bs.
910 4239 941 4310 d)
956 4243 1093 4296 conectam
1109 4237 1148 4295 bs.
1174 4239 1206 4310 4)
1220 4238 1269 4294 luit
1283 4235 1322 4295 bs.
