2900 4820
304 178 521 238 commortuo
539 179 708 238 multumt
726 177 1068 241 uduwuutttutisltsts.
1176 181 1248 256 295

115 355 378 448 Argentiueusis
405 355 492 449 cepit
517 353 677 449 amplas,
704 353 736 426 id
764 363 816 430 ost
842 351 996 430 suburbia
1022 356 1120 430 novis
1147 357 1249 430 muris
1264 366 1334 426 tam

1 465 2 470 ’
116 452 323 528 circumdari.
356 451 399 525 Et
414 449 600 526 inchoatum
623 453 682 526 luit
698 475 741 524 au
758 452 819 526 der
834 451 1100 527 Steiuslrohsscu
1116 452 1148 525 bi
1173 453 1249 528 dem

115 555 249 626 wisseu
273 560 381 642 turne,
403 551 481 623 licet
504 549 622 622 eodem
646 553 743 624 turris
761 561 793 623 el
811 551 874 622 alia
900 555 997 624 lurris
1016 550 1163 624 ciusdem
1181 575 1249 624 no·

116 653 214 724 minis
238 649 325 744 apud
350 657 497 722 sanctam
516 648 688 721 Aureliam
712 649 820 723 miultis
845 653 939 724 anuis
963 661 1040 722 aute
1063 659 1249 724 constructa

116 749 268 822 fuissent
302 747 410 818 'lertio
428 767 513 820 vero
536 749 634 820 turris
658 745 741 820 dicta
759 744 981 840 Kroueuburg
997 750 1031 818 in
1048 746 1124 818 dem
1140 746 1249 820 Bmch

117 867 221 942 prope
246 844 406 938 capellam
430 847 535 916 eciam
558 846 649 940 prius
674 853 859 916 constructa
884 855 954 916 erat
979 843 1040 918 suh
1057 867 1144 916 anno
1162 843 1247 918 dom.

117 943 340 1034 mamhra,
362 941 496 1037 predicti
515 964 598 1016 vero
622 945 704 1014 muri
722 965 788 1036 per
812 941 873 1016 has
891 951 958 1015 tres
977 951 1084 1014 turres
1101 941 1249 1036 producti

117 1042 250 1114 fueraut
275 1039 439 1136 usquead
462 1039 585 1114 dumam
601 1038 750 1112 Brusche
768 1040 853 1134 apud
880 1037 999 1112 fratrm
1017 1038 1248 1113 Theutouicos.

117 1137 163 1212 Et
184 1137 249 1210 hec
265 1148 317 1211 est
342 1137 499 1211 secuuda¹
521 1137 690 1231 ampliacio
714 1139 854 1210 civitatis
871 1137 1146 1234 Argentiuensis.'
1171 1138 1249 1210 Pri-

118 1240 216 1309 mitus
234 1237 323 1308 enim
340 1235 423 1308 dicta
441 1238 557 1308 civitas
582 1244 743 1328 protracta
769 1235 876 1307 luerat
893 1259 910 1306 a
929 1237 1128 1308 monastario
1145 1237 1250 1310 sancti

117 1333 277 1428 Stephani
293 1355 396 1428 usquo
407 1332 449 1403 ad
459 1332 620 1426 hospitale
631 1335 809 1427 antiquum,
828 1332 952 1406 scilicet
968 1333 1129 1428 capellam
1146 1335 1251 1408 sancti

118 1429 296 1520 Herhardi7
320 1434 363 1503 ita
386 1429 472 1524 quod
496 1430 638 1502 ecclesia
656 1433 761 1503 sancti
777 1428 909 1502 Martini
926 1439 998 1502 erat
1015 1439 1109 1504 extra
1127 1453 1249 1506 muros.

117 1526 267 1619 (Deinde
285 1529 436 1623 ampliato
460 1527 567 1599 luerat
584 1537 617 1600 et
632 1537 795 1623 protracta
813 1527 854 1598 ad
871 1537 1020 1601 sanctum
1037 1529 1170 1602 Petrum
1188 1551 1250 1602 se-

116 1631 256 1700 niorem.
283 1623 373 1698 lilius
391 1625 613 1720 ampliaoiouis
631 1635 759 1721 tempus
778 1635 903 1698 certum
919 1647 986 1698 nou
1002 1628 1147 1700 invenio.
1172 1627 1250 1700 lle·

116 1727 190 1820 pori
207 1735 318 1796 umen
336 1727 369 1796 iu
385 1723 487 1796 literis
504 1726 658 1817 antiquis
684 1723 770 1818 quod
786 1733 935 1819 tompore
952 1721 1064 1796 Karoli
1087 1727 1199 1817 magui
1216 1733 1251 1798 ot

118 1833 195 1896 auto
212 1820 400 1914 Argentina
419 1829 490 1894 erat
507 1820 655 1894 distincta
673 1819 870 1912 nominibus
895 1823 938 1893 ita
963 1820 1049 1916 quod
1066 1844 1131 1894 uma
1151 1821 1249 1895 dioe-

116 1919 213 1992 batur
230 1921 347 1993 civitas
365 1940 467 2008 novo,
491 1919 555 1990 alia
572 1939 655 1990 vero
673 1921 789 1991 civitas
814 1921 956 2012 antiquo,
981 1941 1026 1992 ex
1043 1942 1107 2014 quo
1123 1939 1248 2014 prasu-

117 2022 228 2106 mitum
255 2019 360 2110 ipsam
389 2016 574 2111 ampliatam
600 2015 704 2089 luisse
731 2016 833 2108 longa
860 2025 936 2088 aute
963 2026 1109 2111 tempora
1136 2016 1248 2090 Karoli

118 2117 277 2207 magui.)²
308 2113 394 2186 Nam
411 2113 535 2186 vallum
553 2123 715 2188 sarmrmn
732 2118 797 2186 iam
815 2112 1098 2207 comprehendens
1117 2114 1247 2189 cloacas

117 2214 237 2288 mrdms
256 2215 421 2286 sanciens
438 2221 516 2284 tunc
532 2213 687 2304 temporis
701 2233 760 2306 per
774 2215 882 2285 vicum
893 2209 1121 2306 Sporergasse
1139 2222 1173 2284 et
1188 2233 1250 2308 per

116 2311 240 2400 locum,
254 2308 308 2381 ubi
319 2313 383 2383 iam
394 2319 470 2382 suut
479 2309 720 2399 Predicatores7
737 2313 770 2382 iu
781 2309 905 2381 vallum
916 2307 1035 2380 dictum
1045 2309 1250 2382 Riutsuitar-

118 2407 277 2501 graben³‚
302 2405 388 2503 quod
411 2407 535 2479 vallum
558 2405 714 2478 videlicet
735 2405 1044 2499 Rintsnitergraheu
1070 2416 1104 2478 ot
1124 2407 1250 2478 vallum

119 2517 284 2580 sartorum
310 2505 491 2600 predictum
520 2503 653 2575 luerunt
679 2504 767 2576 vallo
798 2505 962 2576 exteriora
990 2507 1139 2577 civitatis.
1182 2501 1251 2574 Sed

118 2600 429 2695 Rintsuitergrabeu
452 2611 530 2673 tunc
553 2603 708 2694 temporis
732 2624 799 2674 non
822 2601 881 2673 luit
897 2605 931 2672 iu
953 2601 1008 2674 tali
1025 2601 1111 2692 loco,
1135 2611 1170 2673 ut
1185 2604 1251 2675 iam

120 2712 181 2775 est
216 2701 303 2774 Nam
320 2701 426 2772 lorum
444 2721 574 2771 aunone
593 2699 717 2772 scilicet
733 2698 793 2772 der
809 2697 967 2792 Holewig
984 2698 1051 2772 uud
1068 2699 1120 2774 die
1138 2696 1250 2770 Ober-

121 2810 263 2890 strossa
287 2798 351 2870 hoc
376 2807 477 2869 totum
499 2797 559 2868 luit
575 2807 669 2868 extra
693 2818 804 2870 muros
821 2795 1100 2890 Argentiaeuses.
1138 2795 1251 2868 Eciam

120 2895 301 2992 patibulum
324 2907 357 2968 el
380 2895 472 2966 locus
491 2894 638 2990 supplicii
660 2894 909 2969 malefactorum
932 2896 1064 2967 luerunt
1086 2903 1175 2984 tuuc,
1198 2891 1253 2966 uhi

120 2998 186 3066 iam
204 3003 258 3070 est
275 2993 367 3068 collis
385 3003 420 3065 et
436 2992 561 3086 capella
580 2995 682 3064 saucti
700 2990 907 3086 Mychahelis
925 2991 1010 3088 apud
1028 2990 1160 3064 domum
1172 2992 1253 3064 Au-

122 3095 379 3184 guatinensem,
397 3089 449 3162 ubi
468 3094 573 3162 eciam
590 3087 706 3162 beatus
723 3087 948 3182 Arbogastua
973 3088 1160 3184 pontificum
1178 3087 1253 3160 Ar-

123 3193 370 3282 gentiuonsium
387 3190 626 3276 sanctissimus,
645 3185 765 3260 Christi
782 3187 901 3259 volens
920 3190 1013 3281 sequi
1030 3189 1174 3278 vestigia
1193 3182 1253 3256 sibi

124 3288 325 3380 sepulturam
344 3287 456 3379 elegit.
488 3286 549 3374 Qui
566 3287 665 3376 igitur
682 3295 815 3358 sanctus
833 3283 1043 3378 Arbogastus
1061 3283 1146 3378 apud
1164 3285 1253 3377 pati-

123 3381 248 3474 imum,
272 3395 308 3456 ut
324 3388 446 3458 vivens
470 3383 641 3476 disposuit,
666 3383 841 3478 sepelitur3
864 3383 972 3455 mullis
997 3383 1127 3454 clarens
1148 3383 1253 3473 siguis

124 3492 158 3555 et
173 3479 348 3554 virtutibus
366 3480 406 3554 ab
425 3480 543 3554 eodem
567 3479 640 3552 loco
658 3479 846 3575 deportatur
863 3489 896 3552 el
912 3483 946 3552 iu
965 3481 1122 3552 memoria
1140 3489 1254 3552 sancte

126 3579 294 3673 sepulture
313 3590 347 3651 et
363 3579 555 3653 devocionis
571 3578 637 3651 loci
654 3579 780 3673 capella
798 3581 902 3650 sancti
913 3575 1118 3673 Mychahalis
1136 3575 1255 3648 ibidem

126 3675 308 3766 edificatur,
328 3680 363 3748 iu
379 3701 442 3772 qua
459 3687 548 3749 retro
566 3677 669 3760 altare
688 3673 897 3770 sepulchrum
915 3679 985 3750 cius
1004 3675 1172 3748 elevatum
1189 3671 1255 3744 ad-

126 3772 190 3846 lruo
206 3777 360 3846 cernitur.
385 3775 441 3846 Sic
451 3773 628 3871 patibulum
639 3773 680 3844 ad
689 3774 811 3862 locum„
828 3772 882 3845 ubi
892 3777 957 3844 iam
969 3781 1032 3860 est
1050 3771 1254 3843 transfertur.

126 3869 163 3943 lu
191 3875 285 3946 ouius
320 3876 425 3944 eciam
457 3875 561 3946 sancti
588 3870 769 3964 Arbogasti
803 3871 928 3942 honore
955 3867 1166 3962 Dagebertus
1193 3889 1257 3941 rex

128 3967 342 4062 Francorum,
365 3973 457 4042 curius
482 3969 566 4042 lilius
595 3979 742 4040 omorle
767 3971 983 4040 suscitaturo
1007 3976 1121 4038 sancto
1137 3963 1257 4037 Arbo-

183 4117 213 4186 1)
231 4118 313 4176 tercia
332 4119 402 4176 Uret.
437 4119 469 4188 2)
487 4117 541 4175 Das
560 4117 798 4188 eingescldosseue
817 4117 883 4177 tohu
901 4115 944 4174 bei
958 4115 1028 4174 Uret.
1065 4114 1097 4188 3)
1115 4114 1147 4171 A.
1165 4111 1257 4178 uiuu-

133 4187 313 4264 uitergrabeu,
331 4189 401 4252 Urst
420 4188 706 4264 Ruutsclmidergrabe.
