3036 4822
282 241 357 318 340
547 237 716 300 ouuomcn
732 235 928 312 amotus
946 239 1146 300 sinuosius

282 417 375 490 altari
391 414 490 488 beate
505 417 607 491 Anus
623 420 658 490 in
675 413 831 510 gradibus
848 415 993 504 mesia
1017 416 1158 488 locatam
1174 415 1231 489 vel
1247 417 1408 506 situatam,

324 515 428 587 rfecit.
453 515 526 602 Qua
544 515 704 609 completa
715 537 787 588 vox
803 515 943 610 quedam
960 511 1289 587 intonnitadbeatum
1299 511 1410 583 Bem-

305 612 418 685 ardum
444 613 585 706 loquens
607 616 641 684 in
664 613 776 704 lingua
802 635 862 684 sua
885 622 1032 684 materna
1057 634 1133 682 eum
1152 609 1361 704 suscipiendo
1379 619 1410 681 et

281 710 464 784 salutando.
497 712 569 799 Quo
587 709 717 804 quidem
735 731 806 783 vox
822 733 841 781 a
859 707 1141 782 circumstantibus
1158 707 1266 780 audita
1284 718 1345 780 est
1370 706 1409 778 Et

206 853 208 860 ·
280 811 462 882 communis
480 808 575 898 vulgi
599 830 711 880 sermo
734 818 842 897 sonat
866 807 952 901 quod
969 804 1011 878 ab
1027 810 1172 898 imagine
1192 804 1289 878 beate
1305 803 1409 876 illaria

280 908 420 998 virginis
444 909 477 977 in
502 904 621 978 eodem
644 905 738 977 altari
763 909 879 978 situata
903 905 967 976 heo
989 926 1060 978 vox
1086 905 1282 978 evolaverit
1318 899 1410 991 Quod

280 1003 471 1076 miraculum
489 1002 646 1076 conditori
663 1006 836 1074 committo.
861 1001 944 1074 Item
954 1013 1126 1096 postquam
1143 1001 1289 1096 prefatus
1307 1023 1410 1073 sanc-

280 1110 333 1173 tus
349 1099 562 1173 Bemhardus
580 1097 682 1172 abbas
700 1097 888 1172 Conradum
903 1121 1021 1192 regem
1032 1099 1256 1172 Romanorum
1273 1121 1314 1170 ao
1330 1097 1410 1169 alios

281 1201 444 1292 principes
462 1201 495 1269 in
512 1197 685 1269 Franclurt
701 1219 800 1269 cruce
818 1200 1000 1288 signasset
1018 1199 1149 1291 scripsit
1164 1195 1254 1268 clero
1272 1206 1306 1268 et
1322 1197 1411 1268 civi-

278 1293 341 1368 bus
351 1293 563 1390 Spirensibns
581 1293 750 1389 epistolam
765 1317 864 1366 unam
875 1315 935 1367 eos
952 1293 1156 1367 exhortando
1167 1291 1208 1364 ad
1218 1295 1409 1387 passagium

279 1403 312 1464 et
329 1391 516 1480 animando,
534 1403 569 1462 ut
586 1401 620 1462 et
635 1395 697 1487 ipsi
715 1415 846 1462 crucem
858 1403 891 1463 et
904 1414 994 1462 arma
1013 1395 1220 1485 susciperent
1235 1393 1410 1485 pugnaturi

278 1500 391 1567 contra
408 1488 560 1562 infideles
578 1511 638 1585 pro
655 1493 905 1583 recuperatione
923 1499 1012 1560 terre
1029 1498 1154 1562 sancta.
1182 1489 1254 1574 Qua
1273 1486 1411 1582 epistola

277 1590 312 1658 in
329 1598 519 1682 perpetuam
537 1589 586 1658 rei
602 1589 795 1658 memoriam
807 1590 841 1658 in
857 1585 975 1660 tabulis
993 1583 1143 1660 eiusdem
1160 1585 1305 1658 ecclesie
1321 1608 1413 1681 pen·

277 1683 430 1760 dentibus
449 1687 568 1779 scripta
586 1681 737 1772 habetur,
755 1693 790 1754 ut
806 1690 1012 1778 sequuntur.¹

328 1779 516 1854 Guntherus
532 1783 651 1854 xxxm.
665 1780 832 1875 Spirensis
853 1782 1028 1873 [ecclesie]
1049 1785 1225 1877 episcopus
1242 1780 1369 1854 resedit
1380 1784 1411 1852 in

276 1901 318 1955 aa
336 1883 431 1952 anuis
447 1882 525 1952 xiiii.
561 1878 624 1950 llio
640 1875 827 1952 Guntherus
844 1878 904 1950 fuit
927 1901 1041 1952 comes
1059 1879 1101 1950 de
1117 1877 1313 1972 Leiningen.
1351 1878 1413 1950 llic

277 1976 364 2052 dono
381 1976 470 2048 dedit
485 1974 706 2048 Dudenholen
723 1980 924 2049 monasterio
940 1976 1165 2049 Matianum
1188 1976 1271 2049 ltem
1288 1975 1411 2048 Fride-

276 2077 365 2148 ricus
389 2076 514 2170 primus
537 2073 762 2146 Romanorum
785 2096 848 2146 rex
874 2073 960 2146 filius
984 2073 1141 2146 Friderici
1168 2074 1260 2146 duds
1282 2073 1413 2146 Suevie

276 2193 336 2266 pro
360 2170 508 2244 remedio
535 2175 643 2242 anime
670 2192 730 2242 suc
749 2180 783 2240 et
798 2175 944 2244 omnium
967 2183 1217 2246 antecessorum
1239 2194 1363 2264 regum
1380 2179 1412 2242 et

277 2273 524 2366 imperatorum
541 2270 595 2364 qui
613 2267 790 2340 ecclesiam
802 2268 996 2364 Spirensem
1013 2267 1236 2343 fundaverunt
1252 2278 1286 2340 et
1302 2291 1412 2362 rega-

276 2363 361 2441 libus
380 2365 474 2440 donis
493 2365 712 2455 adauxerunt
730 2375 764 2436 et
780 2389 839 2460 pro
850 2365 938 2438 fideli
949 2390 990 2438 ac
1000 2365 1123 2442 devoto
1139 2363 1299 2462 obsequio
1309 2364 1412 2460 Gyn-

275 2463 359 2536 theri
383 2467 529 2558 episcopi
545 2462 714 2557 Spirensis
736 2475 881 2537 cosmum
903 2463 1143 2538 Berwartstain
1169 2464 1312 2540 ecclesie
1327 2463 1413 2558 Spi-

274 2565 367 2634 rensi
393 2558 495 2632 libera
529 2559 704 2632 donatione
733 2561 881 2652 tradidit,
915 2571 951 2632 ut
976 2561 1018 2632 ad
1048 2583 1129 2636 usus
1162 2564 1310 2656 episcopi
1336 2583 1412 2634 cum

274 2655 426 2732 omnihus
454 2661 523 2731 suis
548 2657 748 2752 appendiciis
775 2668 935 2755 perpetuo
963 2657 1144 2750 decernat,
1174 2679 1261 2730 anno
1289 2655 1412 2730 domini

274 2757 404 2831 mclii.
425 2754 539 2845 [1152
556 2765 618 2828 oct
637 2754 731 2844 2on
766 2758 868 2830 Auno
885 2778 969 2828 vero
992 2755 1146 2828 mclxii.
1164 2756 1312 2851 prelatus
1329 2753 1411 2828 Fri·

274 2851 406 2926 dericus
429 2851 653 2925 Mediolanum
677 2851 851 2944 subvertit„
875 2857 1035 2949 triumque
1057 2875 1231 2946 magorum
1257 2876 1410 2947 corpora

273 2948 441 3022 recondita
465 2949 551 3043 apud
575 2959 723 3024 sanctum
746 2949 964 3040 eustorium,
991 2949 1045 3022 uhi
1068 2974 1156 3022 nuuc
1180 2962 1232 3024 est
1253 2948 1410 3024 habitatio

272 3045 530 3138 Predicatomm,
555 3045 643 3117 dedit
661 3046 824 3120 Reinoldo
848 3047 1093 3144 archiepiscopo
1111 3047 1320 3136 Coloniensi3
1345 3069 1410 3144 que

273 3166 411 3240 corpora
437 3140 600 3239 quondam
623 3140 663 3215 ab
682 3143 812 3218 Helena
836 3147 1041 3241 imperatrice
1067 3145 1108 3216 de
1127 3143 1409 3240 Constantinopoli
1504 3139 1505 3158 ³

273 3253 351 3318 sunt
372 3243 541 3333 translata„
566 3241 706 3336 denique
730 3241 952 3315 a'l'heodosio
978 3246 1104 3314 iuniore
1127 3243 1267 3315 Romam
1292 3253 1410 3314 trans-

273 3350 385 3430 vecta,
408 3339 540 3412 demum
565 3349 716 3412 asancto
732 3337 887 3412 Eustorio
909 3341 1058 3412 incurru
1082 3349 1160 3413 sunt
1181 3339 1409 3412 Mediolanum

272 3446 440 3530 apportata
458 3446 493 3508 et
508 3433 640 3508 andem
658 3459 676 3508 a
694 3437 822 3531 prefato
838 3435 1000 3510 Reinoldu
1018 3435 1263 3532 archiepiscopo
1281 3440 1315 3508 in
1335 3435 1409 3508 Co-

272 3532 393 3606 loniam
410 3544 487 3606 sunt
502 3533 603 3626 illata,
624 3531 680 3605 ubi
697 3533 794 3607 modo
812 3537 993 3629 quiescunt.

321 3629 495 3704 Udalricus
516 3634 646 3706 mvii.
665 3630 833 3727 Spirensis
857 3633 1000 3706 ecclesie
1025 3635 1200 3727 episcopus
1223 3629 1350 3704 resedit
1375 3633 1408 3704 iu

270 3749 312 3800 ea
330 3732 425 3802 anuis
441 3731 501 3819 xii,
525 3727 597 3803 aliis
614 3732 646 3800 ii.
682 3727 744 3802 Hic
766 3733 948 3820 consensit,
974 3741 1010 3801 ut
1025 3728 1210 3804 Fridericns
1228 3729 1408 3802 Romano-

325 3891 355 3964 1)
374 3891 446 3964 lolgt
464 3911 518 3950 nun
538 3893 563 3950 in
582 3891 628 3951 W.
648 3893 695 3952 oui
711 3894 767 3952 m’er
785 3893 870 3953 seiten
890 3893 937 3954 der
956 3895 1040 3953 briei:
1060 3895 1192 3970 „Domino
1212 3913 1244 3952 ac
1267 3895 1336 4022 patri
1355 3897 1408 3953 lra-
1503 3923 1504 3966 p

269 3963 378 4024 ursino
396 3963 540 4021 venerabili
564 3965 693 4040 episcopo
713 3967 832 4040 Spirensi
859 3973 885 4023 et
910 3967 1033 4024 universo
1060 3969 1131 4025 clero
1151 3974 1177 4024 et
1195 3985 1231 4040 po
1252 3985 1267 4023 u

269 4035 370 4094 irardus
383 4033 586 4093 Glarevalleusis
599 4037 682 4093 obbas
695 4037 721 4094 in
741 4038 835 4166 spiritu
850 4035 1013 4095 fortitudinis
1031 4039 1194 4096 habundare.
1261 4055 1322 4094 rme
1339 4038 1406 4096 milui

269 4123 296 4162 u.
316 4125 338 4164 s.
357 4124 391 4163 w.
410 4107 452 4164 tis
469 4107 550 4235 1pucd
574 4115 758 4165 avensleve
780 4110 803 4165 is
828 4111 910 4180 deus,
934 4109 978 4182 qui
1005 4117 1047 4165 est
1070 4109 1227 4166 benedictus
1250 4109 1276 4166 in
1304 4109 1404 4166 secula.

269 4179 383 4234 Amen.“
417 4178 449 4246 2)
492 4177 752 4260 τΙι.ν.1158,ἰιιι.1
774 4182 800 4236 in
820 4181 942 4251 llemling
955 4181 1047 4252 ott,
1065 4181 1126 4237 376.
1163 4181 1194 4249 3)
1214 4179 1404 4252 limingis

270 4247 376 4324 1‚1oo.
411 4248 443 4324 d)
462 4248 523 4310 We
541 4249 727 4309 suetonum.

1280 3985 1298 4024 o
1319 3969 1407 4024 Beru-
1503 3971 1504 4001 ³
