2882 4818
227 201 298 279 tao
542 199 718 259 annuens
732 198 777 259 nu
790 195 1054 258 nrnssununvnn.

225 377 328 447 ieotis.
352 371 420 445 Sed
437 376 528 470 ipsos
546 394 710 445 excusare
731 382 853 466 potest,
881 370 967 464 qnod
985 372 1058 464 paei
1075 367 1196 440 dabant
1212 389 1369 464 operam
1438 353 1439 390 ³

227 493 291 566 qne
301 475 363 543 vix
373 474 445 542 sine
453 473 592 565 pecunia
602 468 787 542 defenditur
797 477 931 563 propter
941 468 1045 540 malos
1057 487 1195 562 querum
1204 489 1370 540 numerus
1438 495 1439 528 1

228 591 369 660 magnus
392 579 453 642 est
986 583 989 586 ·

227 904 349 978 nom
382 901 619 976 meremor
644 901 705 974 nn
734 901 995 978 ennannrno
1021 902 1050 975 n
1078 901 1241 976 comen
1277 901 1374 976 snn

619 999 845 1074 ennrnnsr.
871 1001 975 1074 raas.
1438 1047 1439 1052 κ

276 1244 378 1315 Anno
401 1240 522 1313 domini
545 1242 706 1312 moninii.
731 1243 764 1312 in
787 1251 980 1334 pentecoste
1000 1244 1081 1333 [mai
1098 1242 1162 1333 28]
1191 1241 1374 1315 Comedus

229 1339 396 1416 secundus
418 1339 601 1412 Ierusalem
617 1348 650 1409 et
666 1337 776 1410 Sieilie
799 1359 874 1428 rem
897 1337 968 1411 dux
989 1339 1128 1428 Snevie
1156 1341 1376 1412 undecimum
1438 1341 1439 1422 i

229 1441 323 1511 etatis
335 1458 440 1529 agens
452 1458 586 1526 annum,
602 1438 739 1528 primam
750 1435 1019 1507 euriaminUlma
1030 1436 1221 1510 celebravit
1239 1435 1377 1509 Eodem
1438 1423 1439 1506 l

230 1539 327 1606 etiam
353 1556 440 1606 enno
456 1537 490 1604 in
506 1531 656 1604 kalendis
673 1535 804 1624 augusti
823 1532 1002 1605 seeundum
1019 1537 1141 1605 ouriarn
1162 1533 1277 1606 hahuit
1294 1547 1378 1630 aput

230 1632 361 1704 Rotwil.
380 1630 472 1702 Idem
490 1633 586 1700 etiam
606 1651 670 1701 rex
693 1628 810 1700 eodem
834 1651 921 1701 anno
938 1653 971 1702 v.
990 1629 1055 1702 kal.
1074 1641 1135 1704 oet.
1154 1635 1261 1726 primo
1278 1636 1379 1704 venit

231 1729 272 1800 ud
289 1739 438 1802 sanctum
449 1727 591 1817 Gallum,
608 1737 641 1798 et
658 1725 836 1797 honorifice
855 1737 1028 1822 susceptus
1039 1751 1100 1822 per
1115 1739 1184 1803 tres
1196 1729 1270 1802 dies
1283 1733 1379 1802 stetit

229 1825 358 1898 ibidem.
376 1826 449 1914 Quo
459 1834 607 1917 tempore
620 1827 652 1894 in
663 1823 750 1896 feste
760 1828 863 1896 saneti
873 1823 1087 1898 liiohaehelis
1104 1824 1245 1899 domnus
1255 1823 1379 1898 Eber-

231 1922 352 1994 hardus
360 1920 621 1994 constantiensis
636 1925 811 2017 episeopus
821 1921 864 1992 ad
874 1923 1071 2017 peticionem
1081 1921 1190 1995 domni
1201 1921 1378 1996 Bartholdi

232 2017 356 2091 abbatis
373 2022 407 2091 in
424 2017 549 2112 enpella
568 2021 672 2090 saneti
688 2016 842 2090 iohannis
860 2019 925 2091 dun
942 2017 1055 2090 altaria
1074 2023 1296 2093 eonsecravit

230 2115 388 2210 Sequenti
409 2127 507 2188 noete
530 2119 642 2207 magni
666 2113 801 2189 turbirnis
826 2126 962 2188 ventum
985 2120 1090 2210 prima
1112 2117 1198 2190 illius
1217 2117 1297 2188 anni
1317 2119 1379 2188 nix

234 2223 347 2285 secuta
365 2224 425 2286 est.
442 2212 570 2328 Eodem
588 2233 674 2283 anno
691 2235 725 2284 v.
743 2211 808 2282 kei.
827 2215 958 2305 augusti
982 2211 1059 2285 obiit
1076 2236 1188 2288 eomes
1206 2213 1378 2286 Rudoli'ns

107 2401 110 2406 1
234 2309 539 2405 deRaprehtuuler.

74 2765 76 2768 Ι
234 2647 385 2724 noenu
395 2645 1072 2722 memmennneonnnnnnoer
1087 2649 1147 2723 nn
1165 2651 1379 2726 nunonro

234 2747 353 2819 nunu
379 2745 408 2820 e
436 2745 596 2818 eonreu
623 2745 970 2820 wunnnnrmsr
991 2748 1246 2825 rana-ma
1267 2751 1379 2824 1273.

723 2895 886 2906 —

285 2979 386 3049 Anno
401 2980 634 3052 ineamationis
647 2977 767 3052 Christi
783 2979 956 3052 millesimo
974 2979 1200 3053 ducentesimo
1218 3001 1381 3074 sexage-

236 3079 319 3149 simo
336 3079 395 3165 ix„
412 3075 586 3148 indictione
596 3079 662 3147 xiii.
675 3073 848 3149 Cunnadns
865 3099 940 3166 reru
959 3076 1101 3148 Cunnadi
1118 3081 1211 3170 regis
1229 3077 1287 3150 lilii
1297 3077 1382 3150 Fri-

236 3171 336 3246 deriei
346 3175 539 3268 irnperaton's
551 3171 793 3246 etfilieOttonis
805 3174 897 3248 duois
907 3173 1062 3248 Bawarie
1073 3174 1171 3264 finan,
1182 3175 1226 3246 de
1239 3178 1383 3250 unumne

236 3269 391 3344 avunenli
414 3273 464 3344 sui
488 3269 656 3342 Lndewioi
679 3275 805 3344 comitis
826 3272 963 3347 Palatini
979 3270 1077 3362 lieni,
1100 3274 1212 3346 missis
1230 3276 1383 3346 enarm-

237 3388 365 3462 qnaque
391 3389 453 3463 per
474 3366 710 3443 Theuthoniam
727 3364 892 3462 epistolis,
917 3391 986 3443 non
1007 3391 1131 3463 pennos
1149 3391 1211 3464 spe
1228 3375 1383 3444 muneris

236 3463 363 3538 illeotos
376 3463 436 3538 sibi
447 3467 565 3540 aseivit
580 3465 792 3556 inauxilium
806 3475 841 3536 et
852 3469 939 3538 eirea
949 3469 1153 3541 nativitatem
1162 3465 1262 3538 beate
1273 3465 1385 3540 llarie
1412 3529 1417 3540 .

242 3559 354 3652 [1267
377 3572 460 3658 sapt.
484 3561 523 3652 8]
550 3585 625 3636 eum
647 3583 707 3636 aua
735 3561 952 3657 expedicione
979 3567 1182 3657 procinctum
1205 3569 1313 3636 movit
1342 3564 1384 3637 ad

238 3657 382 3732 Bemem
398 3657 647 3750 Lonbardienm
671 3670 705 3732 et
725 3660 791 3734 illio
812 3663 957 3732 iamavit
981 3661 1140 3756 Sequenti
1163 3682 1248 3734 vere
1272 3671 1384 3736 estate
1438 3677 1439 3680 ’

239 3755 305 3829 adit
320 3757 455 3853 Papiam
471 3767 506 3828 et
522 3761 682 3853 exeipitnr
698 3756 855 3849 gloriose.
879 3757 1009 3830 Deinde
1026 3761 1130 3832 missa
1148 3759 1323 3850 legatione
1342 3759 1385 3832 ad

240 3876 358 3950 papum
376 3851 579 3926 Clementem
597 3857 649 3926 iiii.
667 3858 746 3950 petit
762 3857 896 3928 veniam
912 3865 947 3926 et
963 3857 1105 3931 aeclesia
1122 3855 1335 3928 reenneiliari
1352 3867 1386 3928 et

242 3955 362 4025 mereri
378 3949 593 4029 anathematis
610 3956 643 4024 in
653 3951 856 4024 Fride1ioum
866 3973 1075 4027 suurnavum
1092 3956 1244 4047 superius
1256 3952 1383 4026 dietum
1438 4015 1439 4022 ,

242 4058 276 4120 et
282 4046 471 4122 Cunarum
480 4059 607 4144 patrem
614 4071 710 4124 sumn
719 4049 775 4122 lati
785 4047 1033 4130 absolutionem.
1044 4050 1116 4138 Qua
1127 4048 1188 4128 sibi
1199 4049 1385 4143 denegata,

243 4143 321 4227 dum
343 4147 483 4236 gratiam
506 4147 669 4240 inpetrare
688 4163 726 4220 se
743 4145 949 4242 desperaret,
972 4145 1210 4241 congressibus
1228 4157 1263 4222 et
1278 4153 1384 4222 munis
