3012 4820
238 206 308 278 592
630 205 793 266 Nicotaus
812 206 980 264 bthOlllTA.

154 389 224 448 1338
239 385 278 454 tis
296 393 329 454 et
345 404 406 476 per
422 380 577 454 mundum
595 379 723 478 publice
740 381 918 475 divulgatis
937 394 969 459 et
986 405 1030 457 err
1048 379 1201 480 pluribus·
1211 385 1367 480 appella-

238 480 375 552 tionibus
395 491 505 552 coutra
524 479 606 552 dictu
626 491 743 553 statuta
762 491 794 552 et
812 481 1029 574 dogmatizata
1047 483 1226 556 interiectis
1244 493 1281 554 et
1297 485 1367 556 aliis

236 577 381 673 pluribus
397 577 563 672 operibus
576 578 787 668 tractatibus¹
802 580 916 652 litteris
928 591 962 651 ct
977 577 1248 674 responsionibus
1260 604 1368 675 supe-

236 681 304 748 rius
322 680 467 767 insertis7
485 687 573 772 patet
589 677 722 772 liquide,
742 681 848 771 ipsum
877 676 1040 749 dominum
1064 676 1245 750 Iohannem
1264 679 1369 756 fuisse

238 773 443 848 manifestum
462 775 639 848 hereticum
658 787 691 847 et
708 775 833 848 hostem
862 774 1025 870 publicum
1053 775 1128 846 lidei
1150 776 1311 848 catholice
1336 788 1369 848 et

235 876 434 968 paupertatis
451 875 661 966 evangelica
680 877 711 946 in
729 873 845 966 regulo
865 873 999 946 fratrum
1017 873 1181 946 blinorum
1200 879 1369 948 veraciter

235 975 358 1044 inserte
376 980 409 1042 et
426 995 486 1067 par
502 972 613 1066 plures
632 993 778 1044 summos
796 971 964 1068 pontifices
990 970 1157 1044 declarate
1182 982 1216 1042 et
1241 996 1368 1068 appro-

236 1067 322 1159 baua
341 1091 437 1164 quam
456 1073 551 1141 etiam
569 1073 788 1143 serenissimi²
805 1071 959 1165 principis
984 1070 1103 1142 donnini
1131 1067 1292 1142 Ludovioi
1316 1075 1367 1142 iiii.

235 1167 458 1240 Romanorum
475 1171 681 1263 imperatoris
699 1177 731 1240 et
748 1171 833 1240 sacri
851 1163 976 1262 imperii
994 1192 1013 1239 a
1031 1168 1107 1257 deoq
1126 1177 1161 1238 ut
1180 1171 1212 1238 in
1224 1166 1367 1240 decretis
1496 1159 1497 1240 l

234 1264 367 1357 legitur,
385 1270 560 1358 constituti,
577 1277 680 1339 restat
698 1263 939 1361 subsequenter
964 1266 1165 1356 ostendere,
1188 1287 1318 1360 ponere
1336 1277 1368 1336 et

234 1360 288 1434 hic
304 1366 503 1437 interserere
522 1368 754 1437 excusationes
785 1375 816 1436 et
842 1365 1078 1458 responsiones
1104 1387 1204 1435 veras
1222 1375 1256 1434 et
1274 1363 1367 1456 legi-

234 1464 342 1551 timas,
359 1465 390 1532 in
410 1465 576 1558 scripturis
594 1460 712 1534 divinis
731 1473 764 1534 et
785 1461 934 1535 humanis
961 1461 1135 1554 diodotus,
1160 1483 1242 1557 quas
1261 1463 1368 1556 preli-

232 1556 327 1632 batus
354 1559 504 1633 dominus
532 1559 718 1632 Ludovious
741 1561 965 1633 Romanorum
996 1563 1190 1654 imperator,
1219 1557 1260 1628 ad
1293 1559 1367 1632 dicti

233 1657 354 1731 domini
370 1657 523 1731 lobannis
541 1661 620 1732 xxii.
641 1659 800 1730 maliciam
819 1669 852 1729 et
869 1661 1052 1753 nequiciam
1070 1661 1194 1730 cunctis
1213 1655 1366 1728 fidelibus

233 1755 471 1830 ostendendam
490 1767 522 1828 et
550 1779 642 1828 suurn
667 1755 787 1828 lainam
813 1763 845 1828 et
870 1759 1094 1830 innocencium
1118 1754 1368 1844 declarandum,

232 1854 309 1927 lecit
326 1854 367 1926 ad
383 1854 449 1944 itta„
464 1877 527 1950 que
544 1853 725 1927 obiciuntur
743 1857 834 1949 [per]
854 1857 1114 1949 prenominatum
1126 1853 1368 1926 dominumlo·

233 1951 375 2024 lmunem
391 1963 425 2024 et
442 1953 523 2026 alios
542 1963 652 2024 contra
670 1956 787 2048 ipsum.
823 1953 896 2040 Qua
913 1956 1021 2024 omnia
1034 1973 1144 2027 coram
1162 1949 1364 2024 electoribus

234 2054 319 2122 sacri
337 2053 461 2146 imperii
480 2059 512 2122 et
529 2049 781 2146 archiepiscopis
800 2061 832 2122 et
850 2054 1026 2146 episcopis,
1044 2053 1239 2144 prepositis„
1257 2048 1368 2122 abba-

222 2145 331 2240 tibus,
349 2147 522 2244 prioribus7
540 2151 705 2242 magistris
724 2152 859 2221 insacra
871 2151 1004 2242 pagiua„
1024 2145 1210 2220 doctoribus
1221 2151 1255 2219 iu
1267 2159 1368 2220 utro-

235 2239 298 2341 que
315 2251 386 2318 iure
403 2249 528 2342 peritis,
546 2247 725 2338 religiosis,
753 2245 939 2336 monaclrisq
966 2243 1177 2340 presbiteris„
1205 2243 1369 2334 diaconis,

233 2345 374 2436 olenus,
392 2341 644 2434 marchionibus
662 2342 810 2434 ducibus,
828 2343 1038 2438 principibus
1057 2341 1240 2434 comitibus,
1257 2341 1369 2414 baro-

232 2439 340 2533 uibus7
357 2441 585 2530 vicedominis
604 2445 794 2537 capitaneisa
813 2441 964 2531 dominis
978 2439 1204 2536 potestatibus,
1218 2445 1370 2512 rectori-

232 2537 306 2631 bus,
323 2539 500 2631 iudicibusq
524 2538 713 2610 officialibus
738 2550 770 2612 et
798 2538 924 2612 civibus
950 2543 1113 2612 civitatum
1138 2541 1264 2634 imperii
1283 2541 1370 2610 etin

231 2642 322 2712 ostiis
341 2639 555 2710 ecclesiarum
574 2635 853 2709 deanchevort
871 2638 1167 2710 videlicetnmioris
1180 2647 1213 2708 et
1225 2635 1369 2708 fratrum
1495 2669 1496 2728 3

233 2745 346 2808 sancte
363 2734 469 2808 Maria
486 2735 602 2806 domus
621 2733 892 2808 Tbeutonicorum
913 2737 956 2806 vii
975 2733 1089 2806 diebus
1108 2733 1150 2803 de
1169 2753 1284 2806 mense
1297 2758 1371 2806 au·
1495 2747 1496 2802 ἐ

231 2837 319 2926 gusti
337 2856 423 2905 anno
443 2832 562 2904 domini
585 2835 848 2904 mcccxxxuiii.
874 2833 912 2921 (1.
933 2831 1057 2924 1932),
1085 2843 1119 2902 ut
1136 2831 1177 2902 ad
1205 2853 1369 2903 commu-

231 2951 308 3003 nem
332 2933 474 3003 omnium
502 2929 643 3002 lidelium
672 2933 886 3025 pervenirent
908 2933 1078 3020 noticiam,
1102 2939 1178 3002 suut
1200 2931 1306 3024 posita
1334 2941 1371 3002 et
1495 2929 1496 2968 ³

231 3051 377 3126 appensa
395 3039 428 3100 ct
446 3031 552 3098 eciam
568 3031 600 3099 in
619 3027 843 3118 Confluencia
871 3031 1002 3100 civitate
1019 3027 1254 3122 archiepiscopi
1270 3025 1370 3098 tue-

231 3131 384 3200 vcrensis
404 3147 505 3220 super
522 3125 690 3218 Regnum
707 3147 818 3198 coram
836 3129 1049 3199 serenissimo
1067 3129 1212 3219 principe
1230 3122 1370 3198 donnino

229 3223 402 3316 Aduordm
428 3245 510 3316 rege
536 3223 678 3316 Anglie,
707 3235 740 3294 et
762 3223 883 3295 inlinita
913 3222 1115 3295 multitudine
1141 3221 1283 3294 fidelium
1314 3221 1369 3294 die

230 3327 329 3394 tercio
349 3320 544 3416 septembris
569 3321 703 3416 predicti
727 3324 802 3392 anni
827 3322 1007 3396 solenniter
1030 3319 1162 3392 luerunt
1184 3316 1366 3413 publicata,

230 3441 365 3512 quorum
385 3431 478 3490 tenor
488 3423 633 3492 noscitur
643 3441 721 3492 esse
739 3419 828 3491 talis:
847 3422 1029 3490 Ludootcm
1046 3427 1182 3508 quartus
1195 3460 1236 3471 -
1247 3419 1366 3490 Fidem

231 3519 426 3589 cctbottccm
447 3561 488 3569 -
510 3516 549 3607 (l.
570 3515 670 3609 196.)
687 3520 809 3588 Datum
826 3522 860 3588 in
876 3521 976 3607 opido
993 3525 1103 3588 norbo
1114 3516 1364 3588 chrcucleu-

229 3625 302 3688 oort
324 3621 365 3688 oi.
383 3620 437 3688 dte
463 3618 580 3686 mensis
605 3621 736 3706 cuparii
754 3617 812 3685 urb
827 3619 937 3706 sipitto
950 3623 1058 3686 noatm
1076 3618 1257 3686 auctorata
1271 3635 1367 3684 curro

229 3717 355 3786 domiui
378 3717 634 3784 mcccoacuiii.
661 3717 756 3804 repul
771 3717 874 3784 bosni
898 3734 986 3784 curto
1002 3717 1111 3784 cciiii.
1134 3715 1266 3802 imperii
1284 3733 1365 3782 cero

229 3815 424 3884 undecimi

301 3927 549 4023 Subsequenter
566 3938 729 4023 ponuntur
748 3927 872 3999 articuli
890 3936 923 3998 et
939 3924 1167 4000 describuntur
1184 3925 1226 3997 de
1236 3923 1365 4000 iuribus

228 4029 352 4120 imperii
370 4037 403 4096 et
422 4029 619 4122 prelatorum
637 4049 677 4098 ao
692 4028 885 4119 principumq
903 4022 945 4094 ad
956 4047 1037 4118 quos
1049 4027 1190 4118 pertinet
1208 4027 1360 4118 impera-

302 4211 329 4282 l)
356 4211 480 4269 buctibus
506 4213 545 4268 bs.
588 4211 618 4282 2)
648 4207 845 4265 serenissimum
875 4209 915 4264 lus.
961 4211 991 4279 tl)
1023 4208 1105 4280 [legg.
1134 4207 1198 4264 tut.
1229 4225 1252 4263 u.
1285 4205 1362 4266 1921.
1494 4263 1495 4306 q
