2882 4818
281 252 352 336 132
664 251 755 318 nuso
775 260 819 318 ou
837 252 1027 318 ntrrtmoen.

281 445 412 508 sextum
429 434 546 508 librum
563 433 784 508 decretalium.
821 436 906 508 Nota
930 437 1034 506 eciam
1059 433 1145 529 quod
1165 431 1327 507 Albertus
1349 453 1405 504 rex

281 531 322 602 ad
340 537 511 629 imperium
527 539 607 604 non¹
628 533 784 606 ascendit.

330 634 438 704 Annis
456 654 567 704 mccc.
594 631 724 704 blortuo
742 632 881 706 Alberto
899 653 983 724 rege
997 653 1084 703 anno
1095 631 1215 701 domini
1227 635 1402 704 meconii.

279 733 443 826 principes
463 731 626 803 electores
644 735 882 804 convenientes
899 735 932 802 in
950 729 1248 804 unumllainricum
1262 732 1405 801 comitem

279 831 321 900 de
338 827 525 918 Lttcelburg
541 827 738 900 laudabilem
755 829 942 916 dominmn.
969 828 1097 900 sumum
1115 831 1361 918 magnanimum
1378 839 1405 897 et

279 949 436 1000 veracem
453 930 486 996 in
503 949 620 1017 regem
637 927 841 1018 Romanum.
859 927 1003 998 futurum
1020 930 1266 1019 imperatorem.
1289 924 1404 1016 elege-

278 1035 361 1096 runt.
414 1027 476 1111 Qui
502 1046 588 1094 anno
615 1024 760 1094 secundo
783 1028 880 1116 regni
905 1026 955 1096 sui
985 1021 1248 1116 longobardiam
1274 1027 1403 1092 intrans.

278 1127 309 1193 in
336 1125 565 1215 imperatorem
593 1125 760 1212 inungitur
787 1133 821 1192 et
848 1133 1042 1196 coronatur.
1070 1121 1236 1210 magnalia
1261 1121 1347 1192 lacta
1370 1117 1404 1188 ili

278 1241 453 1292 exercens.
479 1221 542 1305 Qui
560 1240 646 1289 anno
662 1223 758 1310 regni
777 1223 827 1291 sui
851 1229 965 1313 quarto
983 1228 1129 1290 mortuus
1147 1227 1208 1288 est.
1241 1218 1297 1288 lle
1322 1221 1404 1288 eitius

278 1328 382 1388 morte
400 1316 790 1410 inequaliternarrantilli
803 1321 855 1410 qui
868 1315 1133 1390 seeumsuerunt.
1159 1313 1403 1408 Dicuntnempe

278 1415 375 1507 aliqui
392 1412 478 1506 quod
495 1424 569 1507 post
592 1418 815 1507 receptionem
840 1417 985 1508 eorporis
1005 1413 1140 1502 Christi7
1169 1411 1256 1506 quod
1281 1416 1353 1504 ipse
1378 1417 1403 1482 in

278 1513 372 1584 lestis
390 1508 625 1603 sollempnibus
644 1533 777 1605 semper
794 1523 993 1604 sumpserat
1012 1532 1177 1582 venenum
1190 1509 1284 1580 calici
1296 1511 1338 1582 dc
1350 1531 1404 1603 qm

277 1619 352 1702 post
369 1619 531 1701 sumptum
556 1618 797 1680 sacramentum
820 1607 932 1680 bibere
951 1605 1090 1678 debebat
1113 1609 1208 1678 luserit
1226 1611 1403 1678 inmissum.

278 1709 351 1800 quia
369 1704 488 1776 codem
504 1705 557 1777 die
568 1705 765 1777 videlicetin
776 1710 1006 1799 assumpoioue
1017 1703 1270 1796 beoteVirginis
1282 1705 1404 1798 quaiido

277 1806 578 1874 communicaverat
596 1814 741 1876 mortuus
760 1814 820 1875 est.
847 1805 913 1876 Alii
932 1805 1040 1874 dicunt
1052 1799 1136 1896 quod
1148 1802 1289 1872 naturali
1308 1814 1403 1872 morte

279 1899 496 1972 vehementer
511 1903 686 1992 ingruente
703 1912 850 1974 mortuus
868 1905 918 1973 sit.
943 1899 1044 1972 lstum
1057 1899 1244 1971 llaimieum
1264 1897 1330 1970 boo
1345 1925 1404 1971 no-

278 2002 364 2069 mine
382 2001 555 2091 septimum
567 1998 722 2070 Clemens
740 2022 823 2092 papa
835 2008 968 2094 quartus
981 1998 1022 2068 tle
1035 2000 1304 2088 transgressione
1318 1999 1403 2068 ium·

277 2099 376 2166 menti
395 2099 427 2165 in
439 2099 576 2188 septimo
588 2096 811 2184 decretalium.
831 2100 1010 2190 quemipse
1023 2094 1133 2184 edidit,
1152 2095 1278 2165 duriter
1288 2118 1403 2189 repre-

276 2192 396 2264 bendit.
431 2193 526 2264 Unde
543 2193 687 2264 creditur
704 2197 731 2265 si
749 2193 874 2264 diucius
893 2195 1031 2265 vixisset
1050 2195 1155 2286 ipsum
1175 2195 1402 2264 exeommuni-

276 2303 396 2364 cesset.
421 2289 552 2361 Deinde
569 2293 738 2384 imperium
758 2294 891 2362 vacavit
908 2290 946 2360 ad
968 2289 1142 2362 biennium.

375 2391 451 2459 Post
464 2391 504 2458 ll.
522 2397 579 2458 etc.
616 2387 745 2459 Mortuo
763 2389 916 2460 llainricc
934 2391 1073 2482 septimo
1090 2391 1309 2482 imperatore.
1337 2409 1401 2459 eum
1429 2405 1431 2483 j

276 2487 376 2558 sedes
394 2489 520 2579 imperii
536 2488 569 2555 in
587 2485 768 2558 secundum
780 2509 901 2557 annum
912 2497 1080 2574 vacasset.
1099 2489 1265 2578 principes
1277 2485 1402 2556 eleeto-
1428 2547 1429 2555 ,

275 2606 331 2656 res
358 2587 390 2654 in
416 2605 515 2654 unum
543 2587 736 2673 congregati
764 2583 846 2654 duos
875 2605 977 2674 reges
1006 2582 1198 2656 discorditer
1217 2583 1400 2674 elegerunt:
1427 2610 1428 2629 ¹

275 2681 453 2752 Fridricum
472 2679 589 2751 ducem
602 2681 737 2752 Austris
755 2679 989 2752 etLudwicum
1008 2678 1292 2752 ducemanarie
1308 2679 1400 2750 filium
1425 2685 1427 2773 s

275 2784 371 2848 amite
390 2800 450 2850 sue
467 2780 523 2847 xii.
541 2777 605 2848 kal.
625 2777 824 2850 novembris.
851 2777 1286 2849 Annodominimceemvi.
1307 2776 1401 2846 Frid-
1423 2799 1425 2862 t

275 2879 362 2946 ricus
380 2879 412 2944 in
429 2873 538 2946 odium
555 2872 702 2946 ludwici
721 2873 1075 2964 civitatemEsslingen
1093 2897 1167 2945 oum
1179 2877 1330 2945 exercitu
1345 2897 1401 2943 ro-

274 2976 367 3065 pioso
385 2981 535 3066 potenter
551 2970 695 3058 obsedit.
725 2995 770 3044 cx
787 2995 828 3042 eo
846 2972 932 3068 quod
949 2971 1140 3042 ludwicum
1160 2994 1220 3065 pro
1237 2993 1323 3062 rege
1341 2971 1401 3041 lm-

274 3068 394 3142 bebant
409 3074 463 3164 qui
480 3073 645 3141 saniorem
664 3067 804 3140 habebat
821 3070 1034 3158 electionem.
1066 3069 1125 3141 sed
1150 3067 1247 3140 niebil
1273 3067 1400 3162 agendo

273 3171 304 3238 in
323 3190 445 3240 vanum
462 3169 611 3238 recessit.
643 3165 851 3240 limenun.
878 3167 1043 3238 Fridricus
1068 3169 1185 3237 iterum
1212 3165 1398 3256 Esslingam

272 3269 437 3336 civitatem
460 3261 605 3352 obsedit.
639 3286 720 3356 quos
744 3263 921 3337 Ludwicus
946 3273 1095 3360 potenter
1119 3263 1305 3334 defendens
1331 3285 1396 3334 cuin

271 3383 354 3446 repe
372 3360 530 3433 Bubemie
553 3363 709 3454 episcopo
733 3361 936 3434 Treverensi
960 3373 993 3432 et
1017 3384 1091 3432 cnm
1115 3362 1186 3432 aliis
1212 3359 1398 3454 proceribus

272 3457 331 3530 sibi
349 3457 590 3530 adherentibus.
623 3459 666 3529 Et
681 3470 759 3529 tuno
776 3458 859 3530 lactu
878 3470 931 3531 est
946 3482 1058 3553 pugna
1077 3469 1152 3529 ante
1169 3457 1352 3549 Esslingen
1371 3461 1396 3526 in

163 3553 166 3558 ’
270 3579 331 3649 quia
352 3579 397 3628 ex
414 3567 550 3650 utraque
567 3567 660 3649 parte
677 3556 768 3627 multi
780 3567 982 3628 corruemnt.
1010 3556 1217 3628 bleccxxii.
1237 3555 1397 3626 Fridricus

270 3657 300 3723 in
320 3657 464 3726 terminis
481 3654 636 3724 Bawaric
653 3656 686 3724 in
704 3653 816 3745 vigilia
836 3657 939 3727 sancti
957 3653 1149 3725 llicbabelis
1176 3656 1208 3724 in
1233 3675 1345 3748 pugno
1370 3655 1396 3719 in

268 3774 330 3844 quo
348 3754 461 3846 plures
479 3750 522 3821 de
539 3754 609 3823 suis
627 3749 818 3822 occiderunt
835 3755 972 3845 eapitur.
991 3761 1183 3844 exutraque
1194 3761 1289 3844 parte
1300 3745 1404 3821 rireml.

268 3859 527 3942 prosternuntur.
555 3847 638 3919 Cum
655 3859 766 3920 autem
777 3847 804 3918 F
805 3849 942 3920 ridrious
961 3859 1135 3943 caperetur
1144 3867 1207 3942 per
1217 3859 1285 3918 tres
1297 3865 1396 3916 uirnos

268 3969 340 4018 eum
359 3945 489 4018 dimidio
513 3950 544 4016 in
563 3948 704 4018 vincudis
729 3944 933 4018 detinebatur
958 3957 991 4017 et
1006 3945 1185 4017 Ludwicus
1210 3945 1301 4018 solus
1326 3962 1398 4014 rum

266 4045 412 4132 gloriose
429 4043 659 4137 triumphasset
677 4065 736 4136 pro
754 4066 837 4132 rege
856 4043 1044 4114 habebatur.
1071 4042 1237 4115 Fridrious
1257 4041 1297 4112 de
1321 4045 1396 4112 vin-

267 4141 340 4210 culo
358 4152 524 4233 postremo
541 4139 697 4210 liberatus
716 4143 832 4212 iterum
851 4145 981 4234 scripsit
998 4164 1036 4214 se
1054 4164 1190 4232 regemn
1208 4140 1268 4210 sed
1287 4139 1396 4232 paucis

303 4260 332 4320 lt
348 4266 411 4314 stati
425 4277 478 4314 uon
494 4261 566 4314 stelit
581 4261 607 4314 in
623 4263 671 4316 der
685 4263 725 4316 bs.
741 4263 828 4318 etiam.
