2982 4824
253 257 326 334 670
433 221 612 316 umorum
630 253 819 317 monumen
837 255 946 318 oasrn
963 257 1206 318 rmaanroaun.

253 455 277 506 a
294 437 377 507 teoto
392 453 527 527 sarpere
543 453 604 508 neo
616 437 791 528 dioneator
807 439 842 506 io
857 443 952 508 trono
968 439 1090 508 sedere.
1113 433 1165 508 m
1179 433 1338 508 mmoltas
1354 437 1387 508 in
1476 451 1477 454 ‘

253 541 328 604 oetu
356 532 510 605 nobilium
534 543 567 606 et
590 537 770 607 eonoitatur
791 532 967 627 indignans
992 535 1102 629 populi
1126 533 1306 607 multitudo.
1343 534 1389 606 At

253 630 307 703 ille
328 634 495 726 sapientes
513 643 619 723 erant,
637 631 922 728 dissimulantque
940 631 1101 724 dieuutun
1119 632 1181 706 sed
1198 631 1287 727 quod
1304 629 1387 703 noa

252 731 285 800 in
303 737 472 824 posterum
491 751 609 824 parere
625 733 765 826 possint,
782 733 815 800 in
833 727 985 802 eordibus
1000 729 1223 802 oonierebont
1241 727 1388 802 Dimissa

253 829 351 919 igitur
377 823 469 900 narba
487 837 625 901 traotant
639 830 725 900 inter
750 849 802 918 se,
823 826 898 922 quid
924 827 1091 920 agendam
1109 831 1150 902 sit
1167 831 1237 914 eis3
1262 825 1388 898 deoer-

252 935 345 1016 nunt,
368 947 435 996 non
452 947 531 998 esse
547 929 677 1015 mnam,
701 927 730 998 si
748 929 810 997 viri
827 924 955 996 nobiles
973 924 1015 996 de
1031 926 1227 998 feminarum
1245 924 1388 997 dominio

253 1020 482 1115 dedignentur.
508 1023 644 1098 Asserit
664 1019 732 1112 nia,
762 1045 826 1118 que
852 1019 1022 1095 dicebatur
1038 1045 1099 1118 per
1122 1025 1309 1119 iaspeotum
1327 1022 1387 1094 oeli

252 1129 349 1215 atque
374 1121 542 1194 stellarum
567 1119 743 1215 previdere
759 1120 881 1212 utura,
906 1130 1029 1194 oertam
1047 1119 1107 1194 sibi
1124 1141 1204 1196 esse
1229 1125 1388 1192 mutato-

221 1239 225 1248 ’
252 1239 328 1290 nem
346 1227 449 1293 status
467 1229 555 1292 terre
572 1218 671 1308 illius,
689 1227 723 1289 et
734 1219 851 1291 melius
870 1239 949 1292 esse
960 1223 1009 1293 eis
1022 1219 1206 1292 voluntarie
1218 1218 1387 1314 deponere

292 1319 352 1387 'noi
376 1326 477 1410 atum,
489 1339 585 1412 mam
597 1316 752 1388 violentia
763 1319 867 1410 premi
879 1319 1008 1389 invitas.
1028 1315 1247 1390 Consentiunt
1258 1337 1385 1388 omnes.

251 1337 320 1486 bbd
343 1339 411 1506 rba,
480 1437 500 1486 e
526 1413 664 1488 naturali
687 1412 859 1508 prudentia
886 1413 1095 1505 domuerat,
1119 1415 1273 1504 considit,
1299 1422 1335 1486 at
1356 1417 1386 1483 in

252 1531 331 1585 suos
358 1510 400 1584 be
462 1533 501 1586 es
527 1513 678 1606 regimen
701 1513 935 1603 transferatur3
962 1524 996 1585 et
1020 1515 1093 1607 quia
1120 1511 1209 1585 nulla
1236 1515 1387 1583 maritum

250 1606 391 1682 babebat
415 1633 479 1682 nee
501 1613 610 1685 virum
629 1621 847 1702 cognoverat,
872 1630 938 1683 uno
964 1633 1131 1683 eonsensu
1155 1609 1387 1698 determinant,

251 1716 287 1778 ut
301 1707 356 1780 illa
374 1729 439 1802 que
462 1708 653 1802 prudentior
668 1717 702 1778 et
719 1709 825 1780 iunior
842 1719 913 1780 erat
928 1705 1042 1798 nubat,
1066 1712 1120 1804 qui
1137 1710 1193 1780 toti
1211 1717 1304 1780 terre
1322 1706 1387 1778 do-

250 1808 392 1877 minetur
413 1816 447 1878 et
470 1809 616 1902 imperet.
649 1803 844 1878 Convooant
865 1828 982 1879 omnes
1006 1809 1170 1902 prinoipes
1196 1805 1237 1876 ad
1264 1815 1388 1877 certam

251 1900 350 1994 diem,
374 1906 467 1998 quasi
484 1907 596 1996 magni
614 1900 734 2000 aliquid
751 1901 793 1974 ad
817 1903 986 1976 utilitatem
1003 1923 1212 1976 communem
1230 1904 1386 1976 volentes

250 2009 400 2072 traomre.
434 2001 568 2075 Voeatis
595 2022 700 2094 ergo,
730 2000 784 2072 illa
810 2023 875 2097 que
905 2001 1095 2097 prudentior
1120 2010 1191 2072 erat
1220 2011 1387 2075 seoretum

250 2098 421 2170 eonsilium
437 2120 587 2172 sororum
604 2098 732 2196 pandit*
750 2101 893 2171 omnium
911 2101 1007 2171 trium
1027 2098 1091 2172 hoo
1107 2121 1186 2172 esse
1203 2098 1388 2186 decretum,

250 2204 286 2267 ut
301 2217 366 2268 una
387 2197 514 2270 illarum
532 2199 639 2269 virum
657 2199 805 2292 aootpna
823 2199 876 2291 qui
893 2195 1062 2291 presideat
1078 2199 1213 2298 ouuods.
1238 2195 1389 2268 Laudant
1476 2241 1477 2252 ι

251 2297 357 2366 ouaod
375 2295 545 2369 eonsilium
561 2292 692 2368 bonum.
714 2295 882 2390 Prinoipes
900 2315 1016 2368 omnes
1030 2297 1249 2386 eonsentiunt,
1269 2304 1305 2366 ut
1320 2294 1387 2382 illa,

250 2412 315 2485 que
338 2392 529 2487 prudentior
554 2403 637 2482 orat„
667 2395 775 2465 virum
799 2393 935 2487 aeoipiat
959 2414 1187 2488 quemonnque
1211 2391 1386 2485 delegerit.

249 2487 361 2561 lurant
387 2493 460 2564 eine
488 2490 741 2564 eontradiotione
765 2489 856 2562 illum
884 2511 923 2562 se
953 2499 1165 2584 suscepturos
1192 2493 1226 2562 in
1254 2488 1388 2580 duoem,

250 2609 348 2682 qrrem
365 2591 436 2683 ipsa
454 2591 639 2684 susoeperit
656 2591 689 2661 in
707 2590 867 2660 marinum.
887 2586 933 2660 At
949 2588 1003 2660 illa
1021 2609 1085 2683 que
1102 2588 1285 2660 murorum
1304 2609 1389 2683 pre-

251 2687 318 2758 seia
333 2683 539 2778 eredebatun
557 2686 709 2758 dioilnon
725 2684 913 2777 eligendum
931 2683 1062 2757 arbitrio
1073 2683 1202 2777 ducem,
1222 2683 1285 2758 sed
1299 2693 1390 2758 sorte
1475 2722 1476 2738 ι

144 2795 160 2804 '⁴
250 2790 285 2853 et
304 2805 421 2856 aursus
439 2782 598 2878 syderum
615 2785 885 2878 perserutalione.
908 2779 1104 2856 Danrr'eisa
1122 2785 1248 2856 eunetis
1267 2793 1388 2855 astan—

250 2877 334 2954 tibus
353 2883 541 2973 aaronitas,
566 2890 601 2952 ut
618 2903 719 2977 super
736 2878 799 2952 boe
815 2879 1001 2976 provideat,
1024 2889 1059 2954 ut
1075 2879 1195 2954 viderit
1212 2879 1386 2976 expedire.

238 2976 380 3073 ¹liooipit
402 2980 463 3052 iata
487 3001 561 3050 oum
586 2981 655 3053 sais
679 2976 846 3053 sororibus
869 2978 987 3051 milites
1012 2977 1143 3074 plures,
1171 2981 1328 3074 imponit,
1353 2985 1389 3049 nt

250 3083 350 3146 totam
374 3083 495 3149 terram
513 3097 575 3150 sue
592 3075 702 3148 ditioni
720 3072 899 3150 subieotam
916 3078 1094 3167 onoueant,
1122 3084 1156 3147 et
1173 3097 1264 3168 eum,
1289 3097 1387 3172 quem
1472 3087 1475 3156 l

251 3183 398 3245 arantem
422 3176 456 3246 iu
480 3195 562 3267 agro
579 3197 653 3246 oum
678 3170 804 3248 duabus
821 3176 933 3246 vaooia
950 3176 1052 3246 variis
1080 3177 1212 3246 omnino
1235 3177 1388 3247 iuvene-

249 3273 314 3342 n'nt
336 3270 377 3342 ad
401 3270 550 3345 dominas
574 3270 745 3344 addu'oant.
778 3270 948 3344 Festinant
972 3271 1090 3344 milites
1114 3272 1274 3366 implere,
1301 3269 1387 3367 quod

250 3370 437 3462 precipitur,
455 3378 489 3441 et
504 3390 564 3463 per
582 3369 782 3443 multosdies
796 3369 931 3442 oirouitu
943 3385 1049 3440 vaouo
1066 3366 1256 3441 laborantes
1274 3367 1387 3441 redire

251 3463 476 3559 disponebant.
493 3465 641 3538 'landem
659 3465 701 3538 ad
711 3465 835 3540 vallem
852 3464 1015 3560 quandam
1032 3464 1196 3538 horridam
1206 3469 1386 3539 venientes

250 3561 365 3635 vident
380 3567 538 3637 rusticum
556 3567 589 3634 in
607 3585 689 3658 agro
707 3573 854 3636 arantem
873 3573 907 3634 et
917 3562 958 3634 ad
971 3567 1078 3657 ipsum
1098 3563 1288 3637 aooelerant
1302 3587 1387 3660 per-
1473 3613 1474 3638 ι

250 3661 386 3751 venire,
414 3663 521 3752 magis
552 3661 761 3735 intendentes
791 3660 833 3732 de
862 3663 918 3734 via
945 3663 1060 3734 instrui
1088 3681 1185 3756 qaam
1213 3658 1257 3732 de
1290 3661 1384 3734 duee.

250 3755 405 3832 Rustious
416 3757 535 3830 videns
553 3779 613 3831 eos
625 3755 666 3830 ad
681 3781 720 3832 se
731 3761 849 3833 venire
862 3761 993 3854 virgam
1011 3760 1133 3831 aiooam
1150 3761 1225 3854 sive
1242 3753 1386 3848 hastam,

250 3875 313 3948 qua
324 3851 391 4024 pro
407 3855 538 3928 stimulo
556 3853 718 3948 uenatu,
736 3855 807 3949 figit
817 3859 850 3929 in
866 3865 988 3928 terram
999 3863 1034 3926 et
1042 3875 1166 3928 vaooas
1183 3863 1219 3926 at
1235 3877 1386 3950 pasoan-

250 3959 302 4024 tur
348 3955 481 4044 'siungit
502 3951 686 4048 obviosque
703 3951 794 4025 vadit
820 3952 861 4025 ad
882 3955 984 4028 viros
1021 3949 1189 4024 Deoenter
1212 3953 1387 4049 alloquitor

250 4057 284 4119 et
300 4051 465 4122 ourialiter
481 4052 616 4145 suseipit
633 4071 703 4125 eos.
730 4049 777 4122 At
792 4051 837 4123 illi
854 4050 1008 4124 videntes
1026 4051 1139 4123 varias
1155 4069 1281 4124 raeces
1299 4071 1385 4122 oau-

249 4165 322 4219 sam
340 4151 392 4220 sui
408 4147 572 4222 adventus
591 4151 752 4243 aperiam,
770 4150 953 4242 importune
970 4145 1123 4234 suadent,
1143 4155 1179 4219 ut
1195 4146 1385 4220 mandabam

250 4242 381 4338 impleat
399 4247 471 4317 sine
494 4267 595 4318 mora.
622 4244 898 4336 Queritindaoiaa
917 4255 1034 4320 elnon
1057 4241 1193 4338 obtinet
1220 4253 1253 4318 et
1276 4245 1384 4320 statim
