3036 4822
231 251 304 323 364
346 244 510 304 Nattttto
521 245 565 302 DE
576 243 683 304 REBUS
693 244 806 302 (iustis
816 244 1059 303 httcmmtscot.
1073 245 1249 306 llOGllll'l'lN.

231 421 375 519 predicta
395 419 494 494 sedes
513 431 583 492 erat
599 421 700 492 valde
725 421 916 516 sollempnis
934 431 968 493 et
983 419 1192 494 honorabilia.
1230 417 1365 494 Ahinde

232 524 354 594 scilicet
372 518 412 591 ab
430 523 517 590 omni
534 523 606 590 iure
624 530 658 590 et
674 521 829 591 violentia
852 518 1088 591 advocatonrm
1111 525 1365 616 circumquaque

231 621 290 690 luit
317 628 470 712 exempta
498 627 532 688 et
560 640 605 689 ex
629 615 692 688 hoc
719 641 738 687 a
761 618 870 689 multis
898 619 1074 711 episcopis„
1102 622 1156 712 qui
1182 619 1365 712 predictum

230 715 449 789 Adelbertum
465 719 498 786 in
516 715 641 808 prefata
660 716 802 787 ecclesia
822 727 1067 804 successerung
1084 715 1237 788 nobiliter
1251 719 1365 811 privi-

230 816 365 906 legiata,
395 822 528 907 propter
555 811 640 907 quod
668 813 802 883 multum
830 815 863 882 in
890 812 1019 884 fortuna
1043 813 1223 886 ethonore
1249 818 1364 886 crevit.

231 912 310 984 Post
327 909 565 984 absolutionum
582 931 666 982 vero
687 909 822 1004 predicti
845 913 956 1005 operis
974 910 1060 982 idern
1078 910 1283 984 Adelbertus
1302 921 1364 986 etc.

150 1185 210 1232 aon·
280 1165 487 1258 Quapropter
513 1162 690 1253 lantgravii
722 1160 906 1254 [Ludovvici
934 1162 976 1234 de
1004 1161 1199 1256 lhuringia]
1229 1163 1364 1258 predicti

146 1268 214 1376 {3¹3}ss
232 1262 350 1332 milites
368 1283 443 1332 cum
460 1260 569 1332 valida
587 1282 685 1330 manu
699 1260 871 1352 Pinguiam
888 1273 921 1332 et
938 1259 1117 1332 adiacentia
1135 1260 1220 1350 locaq
1239 1283 1304 1356 que
1322 1262 1364 1332 de

206 1357 374 1428 ‘dominio
402 1368 496 1428 erant
519 1357 662 1430 ecclesie
682 1355 889 1450 moguntina
914 1359 1023 1430 adorsi
1046 1357 1135 1429 ferro
1158 1357 1364 1452 flammisque

233 1458 341 1527 omnia
370 1454 545 1527 devastant
575 1466 760 1550 terramque
787 1455 988 1546 Ringauwie
1017 1455 1177 1528 hostiliter
1203 1459 1364 1528 intrantes

232 1549 434 1626 Rudesheim
452 1565 485 1624 et
502 1552 707 1647 Gvsenheim
724 1575 797 1624 cum
815 1553 937 1626 villulis
962 1557 1170 1625 circumcirca
1191 1552 1366 1626 furibunda

233 1661 347 1743 strage
364 1651 551 1742 multorum
571 1653 623 1746 qui
636 1648 695 1722 sibi
713 1655 912 1742 restiterant,
930 1650 1072 1724 funditus
1091 1661 1257 1739 evertunt,
1275 1651 1365 1722 nullo

232 1749 291 1820 vel
308 1771 411 1821 sexus
430 1747 486 1820 vel
505 1751 599 1820 etatis
618 1758 673 1819 aut
697 1747 861 1840 dignitatis
879 1747 986 1820 habito
1010 1748 1214 1836 discrimine;
1240 1753 1274 1819 in
1302 1771 1366 1843 qua

233 1857 347 1938 strage
364 1869 428 1916 nec
445 1847 526 1917 locis
544 1843 789 1918 venerabilibus
809 1846 894 1918 ullus
912 1845 1017 1918 honor
1033 1868 1097 1918 nec
1113 1844 1280 1918 hominum
1299 1846 1366 1918 do·

233 1947 320 2016 mino
338 1943 562 2014 famulantium
578 1946 767 2015 reverentia
779 1941 886 2014 habita
897 1944 965 2016 luit.
991 1943 1133 2038 Insuper
1143 1955 1175 2014 et
1186 1945 1367 2016 claustrum

233 2064 357 2113 novum
392 2045 425 2111 in
460 2039 646 2130 Eberbach„
683 2043 774 2113 cuius
812 2042 963 2114 monachi
998 2039 1143 2135 partibus
1178 2041 1368 2114 Alexandri

236 2141 336 2234 [pape
359 2137 420 2229 lll]
446 2138 581 2234 predicti
604 2137 777 2228 faventesa
805 2137 962 2211 Friderici
984 2139 1128 2211 facinora
1154 2149 1188 2210 et
1209 2149 1368 2234 precepta

234 2247 512 2331 contempserant,
531 2235 657 2310 eisdem
674 2259 748 2306 cum
766 2234 882 2308 abbate
901 2237 1081 2331 profligatis
1099 2239 1200 2309 cessit
1217 2239 1368 2308 misera-

232 2331 340 2406 biliter
366 2339 400 2405 in
426 2333 563 2429 predam
589 2335 725 2404 militum
753 2333 985 2428 predictorumn
1014 2337 1067 2428 qui
1094 2337 1218 2406 cunctis
1247 2333 1369 2406 ibidem

234 2432 367 2525 direptis
396 2443 429 2503 et
455 2436 540 2504 inter
567 2441 674 2502 semet
701 2429 816 2504 divisis
844 2431 974 2503 domum
1003 2443 1189 2504 sauctorum
1218 2431 1370 2503 lecerunt

235 2531 426 2624 speluncam
442 2531 615 2602 latronum.
647 2530 719 2616 Quo
738 2551 821 2600 vero
836 2542 873 2601 et
896 2530 1002 2626 qualia
1026 2541 1103 2601 tunc
1120 2531 1152 2600 in
1170 2529 1290 2600 eadem
1308 2533 1369 2602 vi-

236 2629 317 2698 cinia
344 2637 530 2722 perpetrata
558 2627 679 2698 hrennt
706 2624 839 2697 edicere
865 2628 1002 2720 longum
1026 2638 1058 2698 et
1083 2626 1246 2698 tediosam
1271 2627 1368 2700 loret

159 2750 162 2758 ¹
235 2723 302 2794 Sed
321 2723 416 2813 deust
435 2729 487 2819 qui
500 2723 561 2796 sibi
571 2723 802 2795 confidentium
814 2724 913 2798 corda
925 2747 990 2797 non
1009 2734 1217 2818 aspernatur„
1236 2723 1368 2798 modum

235 2820 296 2892 hiis
326 2819 583 2894 tribulationibus
613 2825 731 2916 posuit.
776 2821 906 2917 Elapsis
940 2826 1027 2893 enim
1050 2819 1152 2894 tribus
1185 2819 1367 2894 ebdomatis

235 2916 434 2992 habitatores
452 2919 494 2990 de
510 2920 648 3011 Pinguia
666 2931 699 2990 et
715 2919 906 3012 tttngama„
928 2919 1107 3014 adsumptis
1126 2930 1159 2990 et
1176 2919 1368 2991 coadunatis

237 3018 289 3109 qui
314 3014 374 3088 sibi
399 3016 441 3086 de
465 3029 553 3088 terra
571 3017 706 3089 Palatini
730 3019 763 3088 in
788 3019 944 3089 auxilium
969 3028 1132 3088 venerant
1154 3039 1242 3111 pene
1265 3020 1369 3114 innuss

237 3112 458 3205 merabilibus„
475 3113 611 3210 predicti
628 3115 803 3206 lantgravii
815 3117 933 3188 milites
951 3115 1107 3206 fugarunt
1123 3115 1232 3186 multis
1249 3117 1368 3187 occisis

237 3223 270 3282 et
287 3212 432 3305 plurimis
451 3235 566 3284 eorum
584 3215 765 3306 captivatis·
792 3211 830 3284 ln
841 3237 903 3308 qua
915 3214 994 3305 luga
1012 3235 1112 3284 unum
1131 3212 1216 3306 quod
1235 3217 1369 3304 contigit

236 3307 371 3400 dignum
389 3313 547 3382 memoria
565 3333 632 3381 non
649 3319 777 3404 oportet
793 3314 943 3383 reticere.
977 3311 1071 3382 Unus
1089 3312 1176 3381 enim
1195 3307 1237 3380 de
1255 3313 1369 3382 militi-

237 3403 298 3476 bus
317 3406 466 3478 eiusdem
484 3408 659 3499 lantgravii
678 3417 738 3478 etc.

151 3661 215 3712 ‘nor-
288 3645 347 3718 Cui
362 3646 517 3740 [Alberto
531 3650 620 3740 regi]
640 3659 782 3720 castrum
793 3651 983 3744 Pingucnse
1002 3654 1202 3747 oppugnanti
1220 3665 1370 3748 potenter

152 3745 221 3856 '3¹3¹
238 3749 271 3817 in
298 3746 455 3817 auxilium
485 3756 722 3840 processerunt
750 3749 843 3820 cives
875 3747 1068 3842 ltlaguutini.
1108 3751 1170 3837 Qui
1203 3753 1368 3824 civimtem

213 3844 218 3856 '
239 3854 402 3916 exeuntes
413 3843 523 3915 valida
541 3867 640 3914 manu
658 3867 732 3914 cum
750 3849 879 3917 carocio
898 3869 959 3918 suo
973 3857 1005 3918 et
1021 3851 1218 3939 octingentis
1238 3851 1368 3921 armatis

239 3940 447 4012 adduxerunt
472 3945 547 4033 regi
571 3940 717 4036 predicto
741 3942 908 4017 machinas
935 3943 1017 4016 duas
1041 3945 1083 4016 ad
1109 3943 1367 4018 subvertendum

239 4039 365 4109 murale
382 4037 469 4133 opidi
481 4041 680 4131 Pinguensis
698 4039 847 4133 predicti,
865 4065 946 4136 (pras
965 4065 1050 4114 unus
1069 4031 1212 4137 quidam„
1230 4045 1284 4138 qni
1298 4065 1365 4114 vo·

240 4133 374 4208 cahatur
391 4140 550 4228 magister
566 4137 804 4230 naamanin
829 4139 954 4211 sortiter
977 4140 1169 4236 applicando
1192 4163 1317 4212 murum
1335 4149 1364 4209 et

240 4243 350 4305 turres
374 4243 443 4306 tres
468 4237 710 4330 conquassavit.
754 4235 848 4323 Quod
873 4238 1026 4318 videntes
1050 4237 1203 4333 oppidani
1227 4250 1286 4310 etc
1304 4291 1312 4308 .
1329 4279 1360 4308 ,a
