<?xml version="1.0" encoding="UTF-8"?>
<!DOCTYPE html PUBLIC "-//W3C//DTD XHTML 1.0 Transitional//EN"
    "http://www.w3.org/TR/xhtml1/DTD/xhtml1-transitional.dtd">
<html xmlns="http://www.w3.org/1999/xhtml" xml:lang="en" lang="en">
 <head>
  <title>
</title>
<meta http-equiv="Content-Type" content="text/html;charset=utf-8" />
  <meta name='ocr-system' content='tesseract 3.04.00' />
  <meta name='ocr-capabilities' content='ocr_page ocr_carea ocr_par ocr_line ocrx_word'/>
</head>
<body>
  <div class='ocr_page' id='page_1' title='image "./fontesrerumgerm01hubegoog_0724.png"; bbox 0 0 2982 4824; ppageno 0'>
   <div class='ocr_carea' id='block_1_1' title="bbox 301 242 1250 324">
    <p class='ocr_par' dir='ltr' id='par_1_1' title="bbox 301 242 1250 324">
     <span class='ocr_line' id='line_1_1' title="bbox 301 242 1250 324; baseline 0.007 -21"><span class='ocrx_word' id='word_1_1' title='bbox 301 243 479 304; x_wconf 77' lang='lat' dir='ltr'><strong>bssNOllllAli</strong></span> <span class='ocrx_word' id='word_1_2' title='bbox 497 242 686 304; x_wconf 76' lang='lat' dir='ltr'><strong>ttossdtrtt</strong></span> <span class='ocrx_word' id='word_1_3' title='bbox 705 245 812 304; x_wconf 77' lang='lat' dir='ltr'><strong>GESTA</strong></span> <span class='ocrx_word' id='word_1_4' title='bbox 832 245 1084 306; x_wconf 71' lang='lat' dir='ltr'><strong>turbastotttiit:</strong></span> <span class='ocrx_word' id='word_1_5' title='bbox 1177 249 1250 324; x_wconf 83' lang='grc'><strong>649</strong></span> 
     </span>
    </p>
   </div>
   <div class='ocr_carea' id='block_1_2' title="bbox 122 419 1254 1112">
    <p class='ocr_par' dir='ltr' id='par_1_2' title="bbox 122 419 1254 1112">
     <span class='ocr_line' id='line_1_2' title="bbox 124 419 1253 518; baseline -0.001 -20"><span class='ocrx_word' id='word_1_6' title='bbox 124 426 255 515; x_wconf 70' lang='lat' dir='ltr'><strong>issent*</strong></span> <span class='ocrx_word' id='word_1_7' title='bbox 281 421 365 496; x_wconf 83' lang='lat' dir='ltr'><strong>oltra</strong></span> <span class='ocrx_word' id='word_1_8' title='bbox 393 432 523 495; x_wconf 89' lang='lat' dir='ltr'><strong>eentum</strong></span> <span class='ocrx_word' id='word_1_9' title='bbox 547 433 661 518; x_wconf 69' lang='lat' dir='ltr'><strong>napos</strong></span> <span class='ocrx_word' id='word_1_10' title='bbox 685 424 719 495; x_wconf 93' lang='lat' dir='ltr'><strong>in</strong></span> <span class='ocrx_word' id='word_1_11' title='bbox 742 421 846 518; x_wconf 89' lang='lat' dir='ltr'><strong>prelio</strong></span> <span class='ocrx_word' id='word_1_12' title='bbox 864 419 1061 496; x_wconf 83' lang='lat' dir='ltr'><strong>oooiderrmt.</strong></span> <span class='ocrx_word' id='word_1_13' title='bbox 1099 421 1163 495; x_wconf 92' lang='lat' dir='ltr'><strong>llio</strong></span> <span class='ocrx_word' id='word_1_14' title='bbox 1179 447 1253 497; x_wconf 88' lang='lat' dir='ltr'><strong>oum</strong></span> 
     </span>
     <span class='ocr_line' id='line_1_3' title="bbox 124 519 1254 618; baseline 0 -22"><span class='ocrx_word' id='word_1_15' title='bbox 124 526 187 597; x_wconf 91' lang='lat' dir='ltr'><strong>alia</strong></span> <span class='ocrx_word' id='word_1_16' title='bbox 208 521 347 618; x_wconf 82' lang='lat' dir='ltr'><strong>quadam</strong></span> <span class='ocrx_word' id='word_1_17' title='bbox 365 525 441 593; x_wconf 81' lang='lat' dir='ltr'><strong>viee</strong></span> <span class='ocrx_word' id='word_1_18' title='bbox 458 525 492 592; x_wconf 92' lang='lat' dir='ltr'><strong>in</strong></span> <span class='ocrx_word' id='word_1_19' title='bbox 511 521 667 594; x_wconf 86' lang='lat' dir='ltr'><strong>auxilium</strong></span> <span class='ocrx_word' id='word_1_20' title='bbox 685 520 920 594; x_wconf 86' lang='lat' dir='ltr'><strong>blutinensium</strong></span> <span class='ocrx_word' id='word_1_21' title='bbox 936 519 1151 611; x_wconf 56' lang='lat' dir='ltr'><strong>advenissetq</strong></span> <span class='ocrx_word' id='word_1_22' title='bbox 1169 525 1254 596; x_wconf 89' lang='lat' dir='ltr'><strong>inter</strong></span> 
     </span>
     <span class='ocr_line' id='line_1_4' title="bbox 122 617 1253 696; baseline -0.002 -1"><span class='ocrx_word' id='word_1_23' title='bbox 122 623 260 696; x_wconf 80' lang='lat' dir='ltr'><strong>durium</strong></span> <span class='ocrx_word' id='word_1_24' title='bbox 281 620 488 693; x_wconf 80' lang='lat' dir='ltr'><strong>Snulteuam²</strong></span> <span class='ocrx_word' id='word_1_25' title='bbox 513 628 548 691; x_wconf 90' lang='lat' dir='ltr'><strong>et</strong></span> <span class='ocrx_word' id='word_1_26' title='bbox 570 618 729 691; x_wconf 77' lang='lat' dir='ltr'><strong>Mutinam</strong></span> <span class='ocrx_word' id='word_1_27' title='bbox 750 617 981 692; x_wconf 88' lang='lat' dir='ltr'><strong>Bononiensos</strong></span> <span class='ocrx_word' id='word_1_28' title='bbox 1000 627 1172 693; x_wconf 89' lang='lat' dir='ltr'><strong>vastantes</strong></span> <span class='ocrx_word' id='word_1_29' title='bbox 1196 623 1253 693; x_wconf 94' lang='lat' dir='ltr'><strong>iu-</strong></span> 
     </span>
     <span class='ocr_line' id='line_1_5' title="bbox 123 713 1253 811; baseline 0 -19"><span class='ocrx_word' id='word_1_30' title='bbox 123 723 213 794; x_wconf 88' lang='lat' dir='ltr'><strong>vasit</strong></span> <span class='ocrx_word' id='word_1_31' title='bbox 230 717 343 811; x_wconf 82' lang='lat'>[1249</span> <span class='ocrx_word' id='word_1_32' title='bbox 360 721 423 789; x_wconf 89' lang='lat' dir='ltr'><strong>mai</strong></span> <span class='ocrx_word' id='word_1_33' title='bbox 441 717 517 809; x_wconf 78' lang='grc'><strong>26].</strong></span> <span class='ocrx_word' id='word_1_34' title='bbox 552 715 620 790; x_wconf 86' lang='lat' dir='ltr'><strong>Sed</strong></span> <span class='ocrx_word' id='word_1_35' title='bbox 644 714 758 790; x_wconf 86' lang='lat' dir='ltr'><strong>abeis</strong></span> <span class='ocrx_word' id='word_1_36' title='bbox 783 739 857 790; x_wconf 82' lang='lat' dir='ltr'><strong>orum</strong></span> <span class='ocrx_word' id='word_1_37' title='bbox 882 713 1032 790; x_wconf 91' lang='lat' dir='ltr'><strong>omnibus</strong></span> <span class='ocrx_word' id='word_1_38' title='bbox 1057 714 1253 810; x_wconf 75' lang='lat' dir='ltr'><strong>debellatus,</strong></span> 
     </span>
     <span class='ocr_line' id='line_1_6' title="bbox 123 814 1254 914; baseline 0 -24"><span class='ocrx_word' id='word_1_39' title='bbox 123 818 343 914; x_wconf 73' lang='lat' dir='ltr'><strong>personaliter</strong></span> <span class='ocrx_word' id='word_1_40' title='bbox 358 814 401 888; x_wconf 94' lang='lat' dir='ltr'><strong>ibi</strong></span> <span class='ocrx_word' id='word_1_41' title='bbox 420 827 547 911; x_wconf 64' lang='lat' dir='ltr'><strong>eaptus,</strong></span> <span class='ocrx_word' id='word_1_42' title='bbox 563 814 744 888; x_wconf 78' lang='lat' dir='ltr'><strong>Bononiam</strong></span> <span class='ocrx_word' id='word_1_43' title='bbox 771 815 908 905; x_wconf 61' lang='lat' dir='ltr'><strong>duetus„</strong></span> <span class='ocrx_word' id='word_1_44' title='bbox 931 817 965 886; x_wconf 93' lang='lat' dir='ltr'><strong>iu</strong></span> <span class='ocrx_word' id='word_1_45' title='bbox 989 814 1127 910; x_wconf 89' lang='lat' dir='ltr'><strong>quodam</strong></span> <span class='ocrx_word' id='word_1_46' title='bbox 1156 837 1254 890; x_wconf 89' lang='lat' dir='ltr'><strong>oom-</strong></span> 
     </span>
     <span class='ocr_line' id='line_1_7' title="bbox 123 911 1254 1009; baseline -0.001 -20"><span class='ocrx_word' id='word_1_47' title='bbox 123 919 287 989; x_wconf 87' lang='lat' dir='ltr'><strong>munitatis</strong></span> <span class='ocrx_word' id='word_1_48' title='bbox 304 915 424 1009; x_wconf 87' lang='lat' dir='ltr'><strong>palatio</strong></span> <span class='ocrx_word' id='word_1_49' title='bbox 439 917 473 986; x_wconf 92' lang='lat' dir='ltr'><strong>iu</strong></span> <span class='ocrx_word' id='word_1_50' title='bbox 490 917 582 1009; x_wconf 89' lang='lat' dir='ltr'><strong>eapia</strong></span> <span class='ocrx_word' id='word_1_51' title='bbox 599 913 711 1006; x_wconf 83' lang='lat' dir='ltr'><strong>lignea</strong></span> <span class='ocrx_word' id='word_1_52' title='bbox 728 911 771 985; x_wconf 93' lang='lat' dir='ltr'><strong>ibi</strong></span> <span class='ocrx_word' id='word_1_53' title='bbox 787 913 872 986; x_wconf 85' lang='lat' dir='ltr'><strong>laeta</strong></span> <span class='ocrx_word' id='word_1_54' title='bbox 890 923 943 986; x_wconf 92' lang='lat' dir='ltr'><strong>est</strong></span> <span class='ocrx_word' id='word_1_55' title='bbox 969 916 1094 986; x_wconf 89' lang='lat' dir='ltr'><strong>oaroeri</strong></span> <span class='ocrx_word' id='word_1_56' title='bbox 1123 917 1254 988; x_wconf 84' lang='lat' dir='ltr'><strong>manci-</strong></span> 
     </span>
     <span class='ocr_line' id='line_1_8' title="bbox 124 1009 1254 1112; baseline 0 -26"><span class='ocrx_word' id='word_1_57' title='bbox 124 1023 230 1112; x_wconf 89' lang='lat' dir='ltr'><strong>patus.</strong></span> <span class='ocrx_word' id='word_1_58' title='bbox 281 1012 324 1085; x_wconf 90' lang='lat' dir='ltr'><strong>Et</strong></span> <span class='ocrx_word' id='word_1_59' title='bbox 346 1023 473 1085; x_wconf 78' lang='lat' dir='ltr'><strong>monuo</strong></span> <span class='ocrx_word' id='word_1_60' title='bbox 499 1023 592 1107; x_wconf 88' lang='lat' dir='ltr'><strong>patre</strong></span> <span class='ocrx_word' id='word_1_61' title='bbox 616 1035 657 1084; x_wconf 90' lang='lat' dir='ltr'><strong>ao</strong></span> <span class='ocrx_word' id='word_1_62' title='bbox 679 1011 780 1084; x_wconf 82' lang='lat' dir='ltr'><strong>fratre</strong></span> <span class='ocrx_word' id='word_1_63' title='bbox 804 1009 950 1084; x_wconf 86' lang='lat' dir='ltr'><strong>Corrado</strong></span> <span class='ocrx_word' id='word_1_64' title='bbox 978 1014 1027 1084; x_wconf 89' lang='lat' dir='ltr'><strong>sio</strong></span> <span class='ocrx_word' id='word_1_65' title='bbox 1043 1035 1061 1083; x_wconf 91' lang='lat' dir='ltr'><strong>a</strong></span> <span class='ocrx_word' id='word_1_66' title='bbox 1080 1011 1254 1086; x_wconf 88' lang='lat' dir='ltr'><strong>blaulredo</strong></span> 
     </span>
    </p>
   </div>
   <div class='ocr_carea' id='block_1_3' title="bbox 116 1107 1256 4147">
    <p class='ocr_par' dir='ltr' id='par_1_3' title="bbox 120 1107 1256 2778">
     <span class='ocr_line' id='line_1_9' title="bbox 124 1107 1254 1201; baseline -0.004 -15"><span class='ocrx_word' id='word_1_67' title='bbox 124 1122 179 1186; x_wconf 87' lang='lat' dir='ltr'><strong>est</strong></span> <span class='ocrx_word' id='word_1_68' title='bbox 195 1111 373 1184; x_wconf 89' lang='lat' dir='ltr'><strong>dereliotus</strong></span> <span class='ocrx_word' id='word_1_69' title='bbox 390 1121 424 1182; x_wconf 86' lang='lat' dir='ltr'><strong>et</strong></span> <span class='ocrx_word' id='word_1_70' title='bbox 440 1109 481 1182; x_wconf 93' lang='lat' dir='ltr'><strong>ad</strong></span> <span class='ocrx_word' id='word_1_71' title='bbox 497 1120 621 1183; x_wconf 64' lang='lat' dir='ltr'><strong>tanam</strong></span> <span class='ocrx_word' id='word_1_72' title='bbox 639 1111 804 1183; x_wconf 90' lang='lat' dir='ltr'><strong>miseriam</strong></span> <span class='ocrx_word' id='word_1_73' title='bbox 822 1121 874 1183; x_wconf 88' lang='lat' dir='ltr'><strong>ast</strong></span> <span class='ocrx_word' id='word_1_74' title='bbox 899 1107 1072 1201; x_wconf 63' lang='lat' dir='ltr'><strong>deductus,</strong></span> <span class='ocrx_word' id='word_1_75' title='bbox 1096 1119 1142 1200; x_wconf 69' lang='grc' dir='ltr'><strong>ιιι,</strong></span> <span class='ocrx_word' id='word_1_76' title='bbox 1166 1109 1254 1182; x_wconf 91' lang='lat' dir='ltr'><strong>unde</strong></span> 
     </span>
     <span class='ocr_line' id='line_1_10' title="bbox 123 1205 1254 1299; baseline 0 -16"><span class='ocrx_word' id='word_1_77' title='bbox 123 1216 157 1284; x_wconf 82' lang='lat' dir='ltr'><strong>iri</strong></span> <span class='ocrx_word' id='word_1_78' title='bbox 176 1232 312 1283; x_wconf 87' lang='lat' dir='ltr'><strong>oaroere</strong></span> <span class='ocrx_word' id='word_1_79' title='bbox 327 1212 482 1298; x_wconf 69' lang='lat' dir='ltr'><strong>maeret,</strong></span> <span class='ocrx_word' id='word_1_80' title='bbox 507 1230 573 1282; x_wconf 90' lang='lat' dir='ltr'><strong>uon</strong></span> <span class='ocrx_word' id='word_1_81' title='bbox 590 1205 739 1299; x_wconf 65' lang='lat' dir='ltr'><strong>baberet</strong></span> <span class='ocrx_word' id='word_1_82' title='bbox 764 1211 826 1281; x_wconf 92' lang='lat' dir='ltr'><strong>nisi</strong></span> <span class='ocrx_word' id='word_1_83' title='bbox 851 1211 881 1281; x_wconf 92' lang='lat' dir='ltr'><strong>ei</strong></span> <span class='ocrx_word' id='word_1_84' title='bbox 908 1229 1082 1282; x_wconf 88' lang='lat' dir='ltr'><strong>oommuue</strong></span> <span class='ocrx_word' id='word_1_85' title='bbox 1105 1207 1254 1283; x_wconf 79' lang='lat' dir='ltr'><strong>Bouome</strong></span> 
     </span>
     <span class='ocr_line' id='line_1_11' title="bbox 124 1305 1256 1402; baseline -0.002 -20"><span class='ocrx_word' id='word_1_86' title='bbox 124 1307 338 1382; x_wconf 87' lang='lat' dir='ltr'><strong>subvenisset</strong></span> <span class='ocrx_word' id='word_1_87' title='bbox 367 1318 401 1378; x_wconf 93' lang='lat' dir='ltr'><strong>et</strong></span> <span class='ocrx_word' id='word_1_88' title='bbox 425 1311 455 1378; x_wconf 91' lang='lat' dir='ltr'><strong>ei</strong></span> <span class='ocrx_word' id='word_1_89' title='bbox 478 1307 521 1379; x_wconf 87' lang='lat' dir='ltr'><strong>de</strong></span> <span class='ocrx_word' id='word_1_90' title='bbox 549 1305 716 1401; x_wconf 89' lang='lat' dir='ltr'><strong>stipendiis</strong></span> <span class='ocrx_word' id='word_1_91' title='bbox 749 1305 957 1400; x_wconf 88' lang='lat' dir='ltr'><strong>providisset.</strong></span> <span class='ocrx_word' id='word_1_92' title='bbox 1009 1305 1156 1380; x_wconf 79' lang='lat' dir='ltr'><strong>Tandem</strong></span> <span class='ocrx_word' id='word_1_93' title='bbox 1180 1317 1256 1402; x_wconf 85' lang='lat' dir='ltr'><strong>post</strong></span> 
     </span>
     <span class='ocr_line' id='line_1_12' title="bbox 123 1401 1254 1496; baseline -0.002 -16"><span class='ocrx_word' id='word_1_94' title='bbox 123 1408 280 1480; x_wconf 88' lang='lat' dir='ltr'><strong>diutinam</strong></span> <span class='ocrx_word' id='word_1_95' title='bbox 297 1407 552 1478; x_wconf 69' lang='lat' dir='ltr'><strong>munerationem</strong></span> <span class='ocrx_word' id='word_1_96' title='bbox 568 1408 602 1476; x_wconf 89' lang='lat' dir='ltr'><strong>iu</strong></span> <span class='ocrx_word' id='word_1_97' title='bbox 617 1425 753 1478; x_wconf 86' lang='lat' dir='ltr'><strong>eareere</strong></span> <span class='ocrx_word' id='word_1_98' title='bbox 770 1401 889 1476; x_wconf 90' lang='lat' dir='ltr'><strong>ibidem</strong></span> <span class='ocrx_word' id='word_1_99' title='bbox 907 1416 959 1478; x_wconf 87' lang='lat' dir='ltr'><strong>est</strong></span> <span class='ocrx_word' id='word_1_100' title='bbox 975 1416 1121 1478; x_wconf 88' lang='lat' dir='ltr'><strong>mortuus</strong></span> <span class='ocrx_word' id='word_1_101' title='bbox 1141 1403 1254 1496; x_wconf 79' lang='lat'><strong>[1272</strong></span> 
     </span>
     <span class='ocr_line' id='line_1_13' title="bbox 123 1500 1254 1598; baseline -0.001 -20"><span class='ocrx_word' id='word_1_102' title='bbox 123 1516 215 1578; x_wconf 73' lang='lat' dir='ltr'><strong>maru</strong></span> <span class='ocrx_word' id='word_1_103' title='bbox 233 1504 297 1595; x_wconf 84' lang='grc'><strong>11]</strong></span> <span class='ocrx_word' id='word_1_104' title='bbox 316 1507 467 1598; x_wconf 79' lang='lat' dir='ltr'><strong>penitens</strong></span> <span class='ocrx_word' id='word_1_105' title='bbox 486 1513 521 1576; x_wconf 86' lang='lat' dir='ltr'><strong>et</strong></span> <span class='ocrx_word' id='word_1_106' title='bbox 536 1503 711 1576; x_wconf 88' lang='lat' dir='ltr'><strong>oonlessus</strong></span> <span class='ocrx_word' id='word_1_107' title='bbox 732 1513 765 1575; x_wconf 86' lang='lat' dir='ltr'><strong>ot</strong></span> <span class='ocrx_word' id='word_1_108' title='bbox 788 1500 829 1573; x_wconf 91' lang='lat' dir='ltr'><strong>ab</strong></span> <span class='ocrx_word' id='word_1_109' title='bbox 847 1501 1054 1575; x_wconf 88' lang='lat' dir='ltr'><strong>anathemate</strong></span> <span class='ocrx_word' id='word_1_110' title='bbox 1072 1500 1254 1594; x_wconf 76' lang='lat' dir='ltr'><strong>absolutus,</strong></span> 
     </span>
     <span class='ocr_line' id='line_1_14' title="bbox 125 1598 1255 1694; baseline -0.002 -19"><span class='ocrx_word' id='word_1_111' title='bbox 125 1629 166 1676; x_wconf 85' lang='lat' dir='ltr'><strong>ao</strong></span> <span class='ocrx_word' id='word_1_112' title='bbox 181 1607 215 1674; x_wconf 91' lang='lat' dir='ltr'><strong>iu</strong></span> <span class='ocrx_word' id='word_1_113' title='bbox 232 1603 306 1675; x_wconf 87' lang='lat' dir='ltr'><strong>loeo</strong></span> <span class='ocrx_word' id='word_1_114' title='bbox 323 1603 457 1674; x_wconf 74' lang='lat' dir='ltr'><strong>drauum</strong></span> <span class='ocrx_word' id='word_1_115' title='bbox 474 1601 718 1675; x_wconf 83' lang='lat' dir='ltr'><strong>Predioatorum</strong></span> <span class='ocrx_word' id='word_1_116' title='bbox 736 1599 779 1672; x_wconf 91' lang='lat' dir='ltr'><strong>de</strong></span> <span class='ocrx_word' id='word_1_117' title='bbox 790 1598 937 1672; x_wconf 76' lang='lat' dir='ltr'><strong>Bonoma</strong></span> <span class='ocrx_word' id='word_1_118' title='bbox 955 1601 1176 1694; x_wconf 88' lang='lat' dir='ltr'><strong>estsepultus.</strong></span> <span class='ocrx_word' id='word_1_119' title='bbox 1202 1600 1255 1673; x_wconf 89' lang='lat' dir='ltr'><strong>Do</strong></span> 
     </span>
     <span class='ocr_line' id='line_1_15' title="bbox 121 1697 1256 1795; baseline -0.001 -23"><span class='ocrx_word' id='word_1_120' title='bbox 121 1705 187 1773; x_wconf 88' lang='lat' dir='ltr'><strong>isto</strong></span> <span class='ocrx_word' id='word_1_121' title='bbox 202 1699 323 1772; x_wconf 87' lang='lat' dir='ltr'><strong>llentio</strong></span> <span class='ocrx_word' id='word_1_122' title='bbox 342 1701 417 1773; x_wconf 89' lang='lat' dir='ltr'><strong>talis</strong></span> <span class='ocrx_word' id='word_1_123' title='bbox 434 1699 564 1772; x_wconf 88' lang='lat' dir='ltr'><strong>blerliui</strong></span> <span class='ocrx_word' id='word_1_124' title='bbox 581 1697 750 1794; x_wconf 89' lang='lat' dir='ltr'><strong>prophetia</strong></span> <span class='ocrx_word' id='word_1_125' title='bbox 767 1702 946 1795; x_wconf 87' lang='lat' dir='ltr'><strong>prooessit:</strong></span> <span class='ocrx_word' id='word_1_126' title='bbox 971 1701 1049 1788; x_wconf 82' lang='lat' dir='ltr'><strong>Erit</strong></span> <span class='ocrx_word' id='word_1_127' title='bbox 1060 1698 1256 1782; x_wconf 76' lang='lat' dir='ltr'><strong>solemmlbts</strong></span> 
     </span>
     <span class='ocr_line' id='line_1_16' title="bbox 124 1797 1256 1890; baseline 0 -20"><span class='ocrx_word' id='word_1_128' title='bbox 124 1803 260 1890; x_wconf 79' lang='lat' dir='ltr'><strong>paidom</strong></span> <span class='ocrx_word' id='word_1_129' title='bbox 284 1801 374 1882; x_wconf 67' lang='lat' dir='ltr'><strong>liliata</strong></span> <span class='ocrx_word' id='word_1_130' title='bbox 395 1802 538 1889; x_wconf 73' lang='lat' dir='ltr'><strong>papilio,</strong></span> <span class='ocrx_word' id='word_1_131' title='bbox 565 1801 623 1886; x_wconf 79' lang='lat' dir='ltr'><strong>qai</strong></span> <span class='ocrx_word' id='word_1_132' title='bbox 643 1802 680 1868; x_wconf 83' lang='lat' dir='ltr'><strong>ia</strong></span> <span class='ocrx_word' id='word_1_133' title='bbox 702 1801 910 1868; x_wconf 73' lang='grc' dir='ltr'><strong>σοιιιιιιιιαοια</strong></span> <span class='ocrx_word' id='word_1_134' title='bbox 934 1801 1098 1869; x_wconf 60' lang='lat' dir='ltr'><strong>metator.</strong></span> <span class='ocrx_word' id='word_1_135' title='bbox 1133 1797 1198 1870; x_wconf 87' lang='lat' dir='ltr'><strong>Hie</strong></span> <span class='ocrx_word' id='word_1_136' title='bbox 1214 1800 1256 1870; x_wconf 88' lang='lat' dir='ltr'><strong>ob</strong></span> 
     </span>
     <span class='ocr_line' id='line_1_17' title="bbox 122 1898 1256 1988; baseline 0 -20"><span class='ocrx_word' id='word_1_137' title='bbox 122 1899 310 1988; x_wconf 67' lang='lat' dir='ltr'><strong>apetiam</strong></span> <span class='ocrx_word' id='word_1_138' title='bbox 325 1915 420 1967; x_wconf 77' lang='lat' dir='ltr'><strong>sama</strong></span> <span class='ocrx_word' id='word_1_139' title='bbox 436 1917 460 1966; x_wconf 86' lang='lat' dir='ltr'><strong>a</strong></span> <span class='ocrx_word' id='word_1_140' title='bbox 476 1898 687 1986; x_wconf 76' lang='lat' dir='ltr'><strong>ltemupaolis</strong></span> <span class='ocrx_word' id='word_1_141' title='bbox 703 1900 745 1967; x_wconf 83' lang='lat' dir='ltr'><strong>de</strong></span> <span class='ocrx_word' id='word_1_142' title='bbox 755 1899 906 1968; x_wconf 81' lang='lat' dir='ltr'><strong>Bononia</strong></span> <span class='ocrx_word' id='word_1_143' title='bbox 916 1900 1065 1986; x_wconf 77' lang='lat' dir='ltr'><strong>capietur</strong></span> <span class='ocrx_word' id='word_1_144' title='bbox 1080 1900 1204 1984; x_wconf 72' lang='lat' dir='ltr'><strong>amque</strong></span> <span class='ocrx_word' id='word_1_145' title='bbox 1220 1900 1256 1968; x_wconf 80' lang='lat' dir='ltr'><strong>ia</strong></span> 
     </span>
     <span class='ocr_line' id='line_1_18' title="bbox 123 1991 1255 2087; baseline -0.002 -19"><span class='ocrx_word' id='word_1_146' title='bbox 123 2015 229 2068; x_wconf 83' lang='lat' dir='ltr'><strong>ooaao</strong></span> <span class='ocrx_word' id='word_1_147' title='bbox 244 2015 345 2084; x_wconf 77' lang='lat' dir='ltr'><strong>arque</strong></span> <span class='ocrx_word' id='word_1_148' title='bbox 364 1999 413 2065; x_wconf 84' lang='lat' dir='ltr'><strong>ad</strong></span> <span class='ocrx_word' id='word_1_149' title='bbox 430 1998 577 2066; x_wconf 68' lang='lat' dir='ltr'><strong>mamam</strong></span> <span class='ocrx_word' id='word_1_150' title='bbox 597 1999 662 2065; x_wconf 84' lang='lat' dir='ltr'><strong>aito</strong></span> <span class='ocrx_word' id='word_1_151' title='bbox 678 2014 745 2065; x_wconf 83' lang='lat' dir='ltr'><strong>sae.</strong></span> <span class='ocrx_word' id='word_1_152' title='bbox 795 1995 945 2087; x_wconf 83' lang='lat' dir='ltr'><strong>Pugilem</strong></span> <span class='ocrx_word' id='word_1_153' title='bbox 969 1991 1151 2070; x_wconf 88' lang='lat' dir='ltr'><strong>secuudum</strong></span> <span class='ocrx_word' id='word_1_154' title='bbox 1169 2017 1255 2067; x_wconf 91' lang='lat' dir='ltr'><strong>oon-</strong></span> 
     </span>
     <span class='ocr_line' id='line_1_19' title="bbox 122 2089 1255 2188; baseline -0.003 -21"><span class='ocrx_word' id='word_1_155' title='bbox 122 2092 330 2168; x_wconf 89' lang='lat' dir='ltr'><strong>suetudiuem</strong></span> <span class='ocrx_word' id='word_1_156' title='bbox 351 2096 400 2164; x_wconf 92' lang='lat' dir='ltr'><strong>sui</strong></span> <span class='ocrx_word' id='word_1_157' title='bbox 418 2090 490 2165; x_wconf 82' lang='lat' dir='ltr'><strong>libri</strong></span> <span class='ocrx_word' id='word_1_158' title='bbox 509 2095 740 2188; x_wconf 77' lang='lat' dir='ltr'><strong>imperatorem</strong></span> <span class='ocrx_word' id='word_1_159' title='bbox 758 2093 919 2187; x_wconf 74' lang='lat' dir='ltr'><strong>appellat,</strong></span> <span class='ocrx_word' id='word_1_160' title='bbox 944 2114 985 2165; x_wconf 88' lang='lat' dir='ltr'><strong>oo</strong></span> <span class='ocrx_word' id='word_1_161' title='bbox 1003 2089 1088 2187; x_wconf 88' lang='lat' dir='ltr'><strong>quod</strong></span> <span class='ocrx_word' id='word_1_162' title='bbox 1106 2095 1255 2187; x_wconf 90' lang='lat' dir='ltr'><strong>impera-</strong></span> 
     </span>
     <span class='ocr_line' id='line_1_20' title="bbox 120 2187 1255 2287; baseline -0.002 -23"><span class='ocrx_word' id='word_1_163' title='bbox 120 2203 214 2264; x_wconf 87' lang='lat' dir='ltr'><strong>tores</strong></span> <span class='ocrx_word' id='word_1_164' title='bbox 230 2191 361 2287; x_wconf 83' lang='lat' dir='ltr'><strong>pugiles</strong></span> <span class='ocrx_word' id='word_1_165' title='bbox 385 2191 528 2266; x_wconf 82' lang='lat' dir='ltr'><strong>ecelesia</strong></span> <span class='ocrx_word' id='word_1_166' title='bbox 555 2212 635 2264; x_wconf 92' lang='lat' dir='ltr'><strong>esse</strong></span> <span class='ocrx_word' id='word_1_167' title='bbox 662 2187 793 2260; x_wconf 87' lang='lat' dir='ltr'><strong>debent.</strong></span> <span class='ocrx_word' id='word_1_168' title='bbox 829 2190 924 2281; x_wconf 77' lang='lat' dir='ltr'><strong>Pugil</strong></span> <span class='ocrx_word' id='word_1_169' title='bbox 939 2199 1049 2262; x_wconf 90' lang='lat' dir='ltr'><strong>autem</strong></span> <span class='ocrx_word' id='word_1_170' title='bbox 1072 2192 1106 2260; x_wconf 90' lang='lat' dir='ltr'><strong>in</strong></span> <span class='ocrx_word' id='word_1_171' title='bbox 1133 2201 1255 2262; x_wconf 87' lang='lat' dir='ltr'><strong>eontu-</strong></span> 
     </span>
     <span class='ocr_line' id='line_1_21' title="bbox 121 2286 1254 2362; baseline -0.001 0"><span class='ocrx_word' id='word_1_172' title='bbox 121 2293 228 2362; x_wconf 86' lang='lat' dir='ltr'><strong>maoio</strong></span> <span class='ocrx_word' id='word_1_173' title='bbox 239 2297 385 2362; x_wconf 91' lang='lat' dir='ltr'><strong>mortuus</strong></span> <span class='ocrx_word' id='word_1_174' title='bbox 400 2289 459 2361; x_wconf 88' lang='lat' dir='ltr'><strong>luit</strong></span> <span class='ocrx_word' id='word_1_175' title='bbox 472 2287 668 2362; x_wconf 85' lang='lat' dir='ltr'><strong>Frederious</strong></span> <span class='ocrx_word' id='word_1_176' title='bbox 678 2291 711 2358; x_wconf 89' lang='lat' dir='ltr'><strong>iu</strong></span> <span class='ocrx_word' id='word_1_177' title='bbox 723 2290 1060 2361; x_wconf 80' lang='lat' dir='ltr'><strong>exeommunicatione</strong></span> <span class='ocrx_word' id='word_1_178' title='bbox 1071 2286 1254 2361; x_wconf 78' lang='lat' dir='ltr'><strong>defunctus.</strong></span> 
     </span>
     <span class='ocr_line' id='line_1_22' title="bbox 121 2382 1255 2480; baseline -0.002 -20"><span class='ocrx_word' id='word_1_179' title='bbox 121 2388 334 2460; x_wconf 80' lang='lat' dir='ltr'><strong>Falconellus</strong></span> <span class='ocrx_word' id='word_1_180' title='bbox 350 2386 456 2460; x_wconf 85' lang='lat' dir='ltr'><strong>dietus</strong></span> <span class='ocrx_word' id='word_1_181' title='bbox 473 2398 527 2460; x_wconf 90' lang='lat' dir='ltr'><strong>est</strong></span> <span class='ocrx_word' id='word_1_182' title='bbox 538 2387 690 2476; x_wconf 53' lang='lat' dir='ltr'><strong>llentiusq</strong></span> <span class='ocrx_word' id='word_1_183' title='bbox 708 2389 781 2480; x_wconf 89' lang='lat' dir='ltr'><strong>quia</strong></span> <span class='ocrx_word' id='word_1_184' title='bbox 800 2385 841 2457; x_wconf 92' lang='lat' dir='ltr'><strong>ad</strong></span> <span class='ocrx_word' id='word_1_185' title='bbox 855 2387 963 2457; x_wconf 90' lang='lat' dir='ltr'><strong>omnia</strong></span> <span class='ocrx_word' id='word_1_186' title='bbox 974 2382 1162 2480; x_wconf 69' lang='lat' dir='ltr'><strong>expeditus,</strong></span> <span class='ocrx_word' id='word_1_187' title='bbox 1173 2407 1255 2458; x_wconf 88' lang='lat' dir='ltr'><strong>oar-</strong></span> 
     </span>
     <span class='ocr_line' id='line_1_23' title="bbox 120 2483 1254 2582; baseline -0.004 -24"><span class='ocrx_word' id='word_1_188' title='bbox 120 2509 205 2582; x_wconf 89' lang='lat' dir='ltr'><strong>pore</strong></span> <span class='ocrx_word' id='word_1_189' title='bbox 221 2487 308 2559; x_wconf 90' lang='lat' dir='ltr'><strong>levis</strong></span> <span class='ocrx_word' id='word_1_190' title='bbox 326 2496 405 2558; x_wconf 85' lang='lat' dir='ltr'><strong>erat.</strong></span> <span class='ocrx_word' id='word_1_191' title='bbox 447 2485 678 2558; x_wconf 87' lang='lat' dir='ltr'><strong>Bononiensos</strong></span> <span class='ocrx_word' id='word_1_192' title='bbox 695 2493 823 2572; x_wconf 69' lang='lat' dir='ltr'><strong>numm,</strong></span> <span class='ocrx_word' id='word_1_193' title='bbox 850 2485 927 2556; x_wconf 89' lang='lat' dir='ltr'><strong>lieet</strong></span> <span class='ocrx_word' id='word_1_194' title='bbox 949 2483 1063 2556; x_wconf 90' lang='lat' dir='ltr'><strong>audire</strong></span> <span class='ocrx_word' id='word_1_195' title='bbox 1085 2493 1254 2573; x_wconf 74' lang='lat' dir='ltr'><strong>reousent,</strong></span> 
     </span>
     <span class='ocr_line' id='line_1_24' title="bbox 121 2579 1255 2678; baseline -0.003 -22"><span class='ocrx_word' id='word_1_196' title='bbox 121 2585 320 2677; x_wconf 82' lang='lat' dir='ltr'><strong>llomagnoli</strong></span> <span class='ocrx_word' id='word_1_197' title='bbox 338 2582 498 2674; x_wconf 67' lang='lat' dir='ltr'><strong>dieuntm,</strong></span> <span class='ocrx_word' id='word_1_198' title='bbox 516 2587 589 2678; x_wconf 88' lang='lat' dir='ltr'><strong>quia</strong></span> <span class='ocrx_word' id='word_1_199' title='bbox 607 2581 813 2672; x_wconf 84' lang='lat' dir='ltr'><strong>Romagnela</strong></span> <span class='ocrx_word' id='word_1_200' title='bbox 841 2605 860 2654; x_wconf 91' lang='lat' dir='ltr'><strong>a</strong></span> <span class='ocrx_word' id='word_1_201' title='bbox 885 2580 1078 2654; x_wconf 75' lang='lat' dir='ltr'><strong>lombardia</strong></span> <span class='ocrx_word' id='word_1_202' title='bbox 1102 2579 1255 2654; x_wconf 89' lang='lat' dir='ltr'><strong>dividitur</strong></span> 
     </span>
     <span class='ocr_line' id='line_1_25' title="bbox 121 2680 685 2778; baseline -0.004 -24"><span class='ocrx_word' id='word_1_203' title='bbox 121 2705 185 2778; x_wconf 85' lang='lat' dir='ltr'><strong>per</strong></span> <span class='ocrx_word' id='word_1_204' title='bbox 201 2680 337 2754; x_wconf 87' lang='lat' dir='ltr'><strong>Folliom</strong></span> <span class='ocrx_word' id='word_1_205' title='bbox 354 2682 478 2755; x_wconf 89' lang='lat' dir='ltr'><strong>dumeu</strong></span> <span class='ocrx_word' id='word_1_206' title='bbox 495 2690 529 2752; x_wconf 91' lang='lat' dir='ltr'><strong>et</strong></span> <span class='ocrx_word' id='word_1_207' title='bbox 545 2680 685 2753; x_wconf 85' lang='lat' dir='ltr'><strong>Renum.</strong></span> 
     </span>
    </p>

    <p class='ocr_par' dir='ltr' id='par_1_4' title="bbox 116 2777 1254 4147">
     <span class='ocr_line' id='line_1_26' title="bbox 173 2777 1254 2875; baseline -0.003 -23"><span class='ocrx_word' id='word_1_208' title='bbox 173 2778 338 2852; x_wconf 79' lang='lat' dir='ltr'><strong>Corradus</strong></span> <span class='ocrx_word' id='word_1_209' title='bbox 362 2779 448 2854; x_wconf 91' lang='lat' dir='ltr'><strong>lilius</strong></span> <span class='ocrx_word' id='word_1_210' title='bbox 475 2781 641 2872; x_wconf 83' lang='lat' dir='ltr'><strong>legitimus</strong></span> <span class='ocrx_word' id='word_1_211' title='bbox 668 2777 855 2870; x_wconf 70' lang='lat' dir='ltr'><strong>Frederioi‚</strong></span> <span class='ocrx_word' id='word_1_212' title='bbox 882 2799 979 2875; x_wconf 90' lang='lat' dir='ltr'><strong>quem</strong></span> <span class='ocrx_word' id='word_1_213' title='bbox 1006 2798 1051 2849; x_wconf 81' lang='lat' dir='ltr'><strong>en</strong></span> <span class='ocrx_word' id='word_1_214' title='bbox 1074 2777 1138 2850; x_wconf 89' lang='lat' dir='ltr'><strong>lilia</strong></span> <span class='ocrx_word' id='word_1_215' title='bbox 1162 2779 1254 2870; x_wconf 79' lang='lat' dir='ltr'><strong>regis</strong></span> 
     </span>
     <span class='ocr_line' id='line_1_27' title="bbox 120 2874 1254 2974; baseline -0.003 -24"><span class='ocrx_word' id='word_1_216' title='bbox 120 2877 289 2968; x_wconf 66' lang='lat' dir='ltr'><strong>lobannis,</strong></span> <span class='ocrx_word' id='word_1_217' title='bbox 306 2881 422 2971; x_wconf 76' lang='lat' dir='ltr'><strong>regina</strong></span> <span class='ocrx_word' id='word_1_218' title='bbox 441 2877 541 2974; x_wconf 73' lang='lat' dir='ltr'><strong>Cypri</strong></span> <span class='ocrx_word' id='word_1_219' title='bbox 560 2886 593 2948; x_wconf 92' lang='lat' dir='ltr'><strong>et</strong></span> <span class='ocrx_word' id='word_1_220' title='bbox 608 2876 708 2971; x_wconf 75' lang='lat' dir='ltr'><strong>spis</strong></span> <span class='ocrx_word' id='word_1_221' title='bbox 723 2881 851 2970; x_wconf 76' lang='lat' dir='ltr'><strong>genuit,</strong></span> <span class='ocrx_word' id='word_1_222' title='bbox 868 2882 920 2952; x_wconf 90' lang='lat' dir='ltr'><strong>aui</strong></span> <span class='ocrx_word' id='word_1_223' title='bbox 947 2887 981 2950; x_wconf 90' lang='lat' dir='ltr'><strong>et</strong></span> <span class='ocrx_word' id='word_1_224' title='bbox 996 2898 1138 2969; x_wconf 84' lang='lat' dir='ltr'><strong>regnum</strong></span> <span class='ocrx_word' id='word_1_225' title='bbox 1154 2874 1254 2947; x_wconf 91' lang='lat' dir='ltr'><strong>loro-</strong></span> 
     </span>
     <span class='ocr_line' id='line_1_28' title="bbox 121 2972 1254 3072; baseline -0.003 -23"><span class='ocrx_word' id='word_1_226' title='bbox 121 2977 340 3049; x_wconf 89' lang='lat' dir='ltr'><strong>solimitanum</strong></span> <span class='ocrx_word' id='word_1_227' title='bbox 359 2997 404 3050; x_wconf 85' lang='lat' dir='ltr'><strong>ox</strong></span> <span class='ocrx_word' id='word_1_228' title='bbox 420 2986 568 3049; x_wconf 87' lang='lat' dir='ltr'><strong>materna</strong></span> <span class='ocrx_word' id='word_1_229' title='bbox 586 2979 800 3050; x_wconf 86' lang='lat' dir='ltr'><strong>suooessioue</strong></span> <span class='ocrx_word' id='word_1_230' title='bbox 816 2979 992 3072; x_wconf 69' lang='lat' dir='ltr'><strong>provenit,</strong></span> <span class='ocrx_word' id='word_1_231' title='bbox 1007 2996 1069 3048; x_wconf 82' lang='lat' dir='ltr'><strong>rex</strong></span> <span class='ocrx_word' id='word_1_232' title='bbox 1087 2972 1254 3047; x_wconf 81' lang='lat' dir='ltr'><strong>Corradus</strong></span> 
     </span>
     <span class='ocr_line' id='line_1_29' title="bbox 120 3071 1252 3169; baseline -0.002 -25"><span class='ocrx_word' id='word_1_233' title='bbox 120 3074 224 3166; x_wconf 74' lang='lat' dir='ltr'><strong>digne</strong></span> <span class='ocrx_word' id='word_1_234' title='bbox 242 3085 294 3146; x_wconf 88' lang='lat' dir='ltr'><strong>est</strong></span> <span class='ocrx_word' id='word_1_235' title='bbox 310 3075 501 3169; x_wconf 88' lang='lat' dir='ltr'><strong>appellatus.</strong></span> <span class='ocrx_word' id='word_1_236' title='bbox 552 3072 615 3145; x_wconf 84' lang='lat' dir='ltr'><strong>llio</strong></span> <span class='ocrx_word' id='word_1_237' title='bbox 642 3096 660 3144; x_wconf 91' lang='lat' dir='ltr'><strong>a</strong></span> <span class='ocrx_word' id='word_1_238' title='bbox 690 3084 784 3168; x_wconf 87' lang='lat' dir='ltr'><strong>patre</strong></span> <span class='ocrx_word' id='word_1_239' title='bbox 812 3072 852 3144; x_wconf 88' lang='lat' dir='ltr'><strong>ab</strong></span> <span class='ocrx_word' id='word_1_240' title='bbox 879 3074 1012 3145; x_wconf 78' lang='lat' dir='ltr'><strong>infantia</strong></span> <span class='ocrx_word' id='word_1_241' title='bbox 1040 3095 1100 3146; x_wconf 91' lang='lat' dir='ltr'><strong>sua</strong></span> <span class='ocrx_word' id='word_1_242' title='bbox 1125 3071 1252 3144; x_wconf 84' lang='lat' dir='ltr'><strong>cuidam</strong></span> 
     </span>
     <span class='ocr_line' id='line_1_30' title="bbox 119 3169 1253 3266; baseline -0.004 -22"><span class='ocrx_word' id='word_1_243' title='bbox 119 3172 213 3244; x_wconf 89' lang='lat' dir='ltr'><strong>militi</strong></span> <span class='ocrx_word' id='word_1_244' title='bbox 229 3170 457 3266; x_wconf 72' lang='lat' dir='ltr'><strong>Neapobtauo,</strong></span> <span class='ocrx_word' id='word_1_245' title='bbox 475 3169 724 3264; x_wconf 65' lang='lat' dir='ltr'><strong>generenobilt</strong></span> <span class='ocrx_word' id='word_1_246' title='bbox 744 3169 895 3266; x_wconf 90' lang='lat' dir='ltr'><strong>prudenti</strong></span> <span class='ocrx_word' id='word_1_247' title='bbox 905 3173 1037 3242; x_wconf 90' lang='lat' dir='ltr'><strong>nimium</strong></span> <span class='ocrx_word' id='word_1_248' title='bbox 1050 3179 1084 3240; x_wconf 92' lang='lat' dir='ltr'><strong>et</strong></span> <span class='ocrx_word' id='word_1_249' title='bbox 1092 3169 1253 3263; x_wconf 81' lang='lat' dir='ltr'><strong>loquenti³</strong></span> 
     </span>
     <span class='ocr_line' id='line_1_31' title="bbox 120 3267 1254 3361; baseline -0.003 -19"><span class='ocrx_word' id='word_1_250' title='bbox 120 3293 164 3342; x_wconf 89' lang='lat' dir='ltr'><strong>ao</strong></span> <span class='ocrx_word' id='word_1_251' title='bbox 181 3268 274 3342; x_wconf 89' lang='lat' dir='ltr'><strong>bonis</strong></span> <span class='ocrx_word' id='word_1_252' title='bbox 291 3267 434 3343; x_wconf 85' lang='lat' dir='ltr'><strong>moribus</strong></span> <span class='ocrx_word' id='word_1_253' title='bbox 452 3270 624 3360; x_wconf 63' lang='lat' dir='ltr'><strong>adornato„</strong></span> <span class='ocrx_word' id='word_1_254' title='bbox 641 3279 693 3343; x_wconf 89' lang='lat' dir='ltr'><strong>est</strong></span> <span class='ocrx_word' id='word_1_255' title='bbox 709 3267 1087 3357; x_wconf 61' lang='lat' dir='ltr'><strong>traditusiustruondus„</strong></span> <span class='ocrx_word' id='word_1_256' title='bbox 1113 3275 1150 3336; x_wconf 93' lang='lat' dir='ltr'><strong>ut</strong></span> <span class='ocrx_word' id='word_1_257' title='bbox 1170 3287 1254 3361; x_wconf 88' lang='lat' dir='ltr'><strong>puer</strong></span> 
     </span>
     <span class='ocr_line' id='line_1_32' title="bbox 121 3363 1252 3462; baseline -0.001 -23"><span class='ocrx_word' id='word_1_258' title='bbox 121 3372 196 3440; x_wconf 88' lang='lat' dir='ltr'><strong>eius</strong></span> <span class='ocrx_word' id='word_1_259' title='bbox 214 3367 377 3462; x_wconf 85' lang='lat' dir='ltr'><strong>exemplis</strong></span> <span class='ocrx_word' id='word_1_260' title='bbox 398 3378 431 3439; x_wconf 90' lang='lat' dir='ltr'><strong>et</strong></span> <span class='ocrx_word' id='word_1_261' title='bbox 449 3366 594 3440; x_wconf 89' lang='lat' dir='ltr'><strong>moribus</strong></span> <span class='ocrx_word' id='word_1_262' title='bbox 611 3373 644 3440; x_wconf 94' lang='lat' dir='ltr'><strong>in</strong></span> <span class='ocrx_word' id='word_1_263' title='bbox 660 3366 846 3440; x_wconf 90' lang='lat' dir='ltr'><strong>omnimoda</strong></span> <span class='ocrx_word' id='word_1_264' title='bbox 863 3366 1058 3455; x_wconf 68' lang='lat' dir='ltr'><strong>honestate,</strong></span> <span class='ocrx_word' id='word_1_265' title='bbox 1082 3363 1252 3460; x_wconf 87' lang='lat' dir='ltr'><strong>prudentia</strong></span> 
     </span>
     <span class='ocr_line' id='line_1_33' title="bbox 120 3461 1254 3561; baseline -0.002 -23"><span class='ocrx_word' id='word_1_266' title='bbox 120 3477 156 3538; x_wconf 87' lang='lat' dir='ltr'><strong>et</strong></span> <span class='ocrx_word' id='word_1_267' title='bbox 173 3465 331 3538; x_wconf 88' lang='lat' dir='ltr'><strong>modestia</strong></span> <span class='ocrx_word' id='word_1_268' title='bbox 349 3466 556 3537; x_wconf 86' lang='lat' dir='ltr'><strong>formaretur.</strong></span> <span class='ocrx_word' id='word_1_269' title='bbox 592 3465 661 3537; x_wconf 87' lang='lat' dir='ltr'><strong>Sub</strong></span> <span class='ocrx_word' id='word_1_270' title='bbox 678 3467 734 3537; x_wconf 93' lang='lat' dir='ltr'><strong>tali</strong></span> <span class='ocrx_word' id='word_1_271' title='bbox 751 3469 850 3558; x_wconf 82' lang='lat' dir='ltr'><strong>igitur</strong></span> <span class='ocrx_word' id='word_1_272' title='bbox 872 3464 1070 3561; x_wconf 69' lang='lat' dir='ltr'><strong>pedagogo,</strong></span> <span class='ocrx_word' id='word_1_273' title='bbox 1094 3461 1170 3535; x_wconf 93' lang='lat' dir='ltr'><strong>dum</strong></span> <span class='ocrx_word' id='word_1_274' title='bbox 1195 3461 1254 3536; x_wconf 88' lang='lat' dir='ltr'><strong>luit</strong></span> 
     </span>
     <span class='ocr_line' id='line_1_34' title="bbox 117 3560 1253 3657; baseline -0.003 -22"><span class='ocrx_word' id='word_1_275' title='bbox 117 3563 207 3635; x_wconf 88' lang='lat' dir='ltr'><strong>boue</strong></span> <span class='ocrx_word' id='word_1_276' title='bbox 223 3560 352 3654; x_wconf 66' lang='lat' dir='ltr'><strong>indolis,</strong></span> <span class='ocrx_word' id='word_1_277' title='bbox 370 3586 454 3657; x_wconf 93' lang='lat' dir='ltr'><strong>puer</strong></span> <span class='ocrx_word' id='word_1_278' title='bbox 471 3575 553 3654; x_wconf 70' lang='lat' dir='ltr'><strong>erat,</strong></span> <span class='ocrx_word' id='word_1_279' title='bbox 576 3567 619 3636; x_wconf 89' lang='lat' dir='ltr'><strong>ita</strong></span> <span class='ocrx_word' id='word_1_280' title='bbox 639 3573 675 3635; x_wconf 90' lang='lat' dir='ltr'><strong>ut</strong></span> <span class='ocrx_word' id='word_1_281' title='bbox 699 3561 740 3634; x_wconf 84' lang='lat' dir='ltr'><strong>ab</strong></span> <span class='ocrx_word' id='word_1_282' title='bbox 765 3562 915 3636; x_wconf 79' lang='lat' dir='ltr'><strong>omnbus</strong></span> <span class='ocrx_word' id='word_1_283' title='bbox 941 3571 1125 3645; x_wconf 64' lang='lat' dir='ltr'><strong>amareturq</strong></span> <span class='ocrx_word' id='word_1_284' title='bbox 1151 3564 1193 3633; x_wconf 91' lang='lat' dir='ltr'><strong>ita</strong></span> <span class='ocrx_word' id='word_1_285' title='bbox 1218 3572 1253 3632; x_wconf 91' lang='lat' dir='ltr'><strong>ut</strong></span> 
     </span>
     <span class='ocr_line' id='line_1_35' title="bbox 119 3658 1251 3756; baseline -0.002 -22"><span class='ocrx_word' id='word_1_286' title='bbox 119 3659 339 3734; x_wconf 75' lang='lat' dir='ltr'><strong>cardinalibus</strong></span> <span class='ocrx_word' id='word_1_287' title='bbox 356 3671 450 3733; x_wconf 88' lang='lat' dir='ltr'><strong>esset</strong></span> <span class='ocrx_word' id='word_1_288' title='bbox 466 3661 604 3735; x_wconf 89' lang='lat' dir='ltr'><strong>dileotus</strong></span> <span class='ocrx_word' id='word_1_289' title='bbox 625 3671 658 3733; x_wconf 87' lang='lat' dir='ltr'><strong>et</strong></span> <span class='ocrx_word' id='word_1_290' title='bbox 673 3685 768 3756; x_wconf 88' lang='lat' dir='ltr'><strong>pape.</strong></span> <span class='ocrx_word' id='word_1_291' title='bbox 805 3659 873 3733; x_wconf 89' lang='lat' dir='ltr'><strong>Sed</strong></span> <span class='ocrx_word' id='word_1_292' title='bbox 892 3684 965 3732; x_wconf 89' lang='lat' dir='ltr'><strong>eum</strong></span> <span class='ocrx_word' id='word_1_293' title='bbox 983 3681 1089 3733; x_wconf 84' lang='lat' dir='ltr'><strong>anuos</strong></span> <span class='ocrx_word' id='word_1_294' title='bbox 1105 3658 1251 3754; x_wconf 89' lang='lat' dir='ltr'><strong>pueriles</strong></span> 
     </span>
     <span class='ocr_line' id='line_1_36' title="bbox 120 3759 1252 3851; baseline -0.003 -20"><span class='ocrx_word' id='word_1_295' title='bbox 120 3759 186 3831; x_wconf 87' lang='lat' dir='ltr'><strong>bae</strong></span> <span class='ocrx_word' id='word_1_296' title='bbox 203 3759 290 3830; x_wconf 89' lang='lat' dir='ltr'><strong>lama</strong></span> <span class='ocrx_word' id='word_1_297' title='bbox 307 3762 483 3832; x_wconf 85' lang='lat' dir='ltr'><strong>transisset</strong></span> <span class='ocrx_word' id='word_1_298' title='bbox 499 3770 533 3831; x_wconf 90' lang='lat' dir='ltr'><strong>et</strong></span> <span class='ocrx_word' id='word_1_299' title='bbox 547 3763 613 3832; x_wconf 90' lang='lat' dir='ltr'><strong>iam</strong></span> <span class='ocrx_word' id='word_1_300' title='bbox 624 3759 882 3834; x_wconf 80' lang='lat' dir='ltr'><strong>adolescentiam</strong></span> <span class='ocrx_word' id='word_1_301' title='bbox 899 3761 1075 3851; x_wconf 60' lang='lat' dir='ltr'><strong>attigisset„</strong></span> <span class='ocrx_word' id='word_1_302' title='bbox 1092 3765 1127 3828; x_wconf 91' lang='lat' dir='ltr'><strong>ut</strong></span> <span class='ocrx_word' id='word_1_303' title='bbox 1136 3763 1252 3848; x_wconf 83' lang='lat' dir='ltr'><strong>gratus</strong></span> 
     </span>
     <span class='ocr_line' id='line_1_37' title="bbox 117 3855 1252 3952; baseline -0.004 -24"><span class='ocrx_word' id='word_1_304' title='bbox 117 3855 319 3951; x_wconf 76' lang='lat' dir='ltr'><strong>principibus</strong></span> <span class='ocrx_word' id='word_1_305' title='bbox 346 3857 522 3933; x_wconf 80' lang='lat' dir='ltr'><strong>Alamanie</strong></span> <span class='ocrx_word' id='word_1_306' title='bbox 549 3857 665 3945; x_wconf 71' lang='lat' dir='ltr'><strong>fieret,</strong></span> <span class='ocrx_word' id='word_1_307' title='bbox 689 3881 707 3927; x_wconf 98' lang='lat' dir='ltr'><strong>a</strong></span> <span class='ocrx_word' id='word_1_308' title='bbox 730 3868 823 3952; x_wconf 88' lang='lat' dir='ltr'><strong>patre</strong></span> <span class='ocrx_word' id='word_1_309' title='bbox 845 3859 879 3928; x_wconf 88' lang='lat' dir='ltr'><strong>in</strong></span> <span class='ocrx_word' id='word_1_310' title='bbox 903 3855 1112 3928; x_wconf 81' lang='lat' dir='ltr'><strong>Alamaniam</strong></span> <span class='ocrx_word' id='word_1_311' title='bbox 1129 3855 1252 3926; x_wconf 89' lang='lat' dir='ltr'><strong>missus</strong></span> 
     </span>
     <span class='ocr_line' id='line_1_38' title="bbox 118 3952 1252 4043; baseline -0.004 -18"><span class='ocrx_word' id='word_1_312' title='bbox 118 3965 181 4027; x_wconf 87' lang='lat' dir='ltr'><strong>est.</strong></span> <span class='ocrx_word' id='word_1_313' title='bbox 225 3952 288 4026; x_wconf 94' lang='lat' dir='ltr'><strong>Ubi</strong></span> <span class='ocrx_word' id='word_1_314' title='bbox 306 3955 399 4027; x_wconf 91' lang='lat' dir='ltr'><strong>malis</strong></span> <span class='ocrx_word' id='word_1_315' title='bbox 417 3954 626 4028; x_wconf 85' lang='lat' dir='ltr'><strong>Tbeotouiois</strong></span> <span class='ocrx_word' id='word_1_316' title='bbox 652 3953 713 4027; x_wconf 90' lang='lat' dir='ltr'><strong>sibi</strong></span> <span class='ocrx_word' id='word_1_317' title='bbox 735 3957 865 4043; x_wconf 63' lang='lat' dir='ltr'><strong>iuuets,</strong></span> <span class='ocrx_word' id='word_1_318' title='bbox 881 3953 987 4026; x_wconf 84' lang='lat' dir='ltr'><strong>faetus</strong></span> <span class='ocrx_word' id='word_1_319' title='bbox 1012 3956 1045 4024; x_wconf 90' lang='lat' dir='ltr'><strong>iu</strong></span> <span class='ocrx_word' id='word_1_320' title='bbox 1073 3954 1141 4023; x_wconf 89' lang='lat' dir='ltr'><strong>vita</strong></span> <span class='ocrx_word' id='word_1_321' title='bbox 1165 3971 1252 4022; x_wconf 91' lang='lat' dir='ltr'><strong>oon-</strong></span> 
     </span>
     <span class='ocr_line' id='line_1_39' title="bbox 116 4050 1251 4147; baseline -0.004 -23"><span class='ocrx_word' id='word_1_322' title='bbox 116 4051 251 4142; x_wconf 70' lang='lat' dir='ltr'><strong>formis,</strong></span> <span class='ocrx_word' id='word_1_323' title='bbox 279 4050 426 4124; x_wconf 84' lang='lat' dir='ltr'><strong>ebrietati</strong></span> <span class='ocrx_word' id='word_1_324' title='bbox 456 4051 673 4144; x_wconf 48' lang='lat' dir='ltr'><strong>deservieus2</strong></span> <span class='ocrx_word' id='word_1_325' title='bbox 701 4055 788 4126; x_wconf 91' lang='lat' dir='ltr'><strong>omni</strong></span> <span class='ocrx_word' id='word_1_326' title='bbox 816 4051 975 4147; x_wconf 88' lang='lat' dir='ltr'><strong>voluptati</strong></span> <span class='ocrx_word' id='word_1_327' title='bbox 1001 4060 1035 4122; x_wconf 89' lang='lat' dir='ltr'><strong>et</strong></span> <span class='ocrx_word' id='word_1_328' title='bbox 1059 4051 1193 4122; x_wconf 87' lang='lat' dir='ltr'><strong>vanitati</strong></span> <span class='ocrx_word' id='word_1_329' title='bbox 1212 4070 1251 4122; x_wconf 87' lang='lat' dir='ltr'><strong>se</strong></span> 
     </span>
    </p>
   </div>
   <div class='ocr_carea' id='block_1_4' title="bbox 118 4198 1251 4348">
    <p class='ocr_par' dir='ltr' id='par_1_5' title="bbox 118 4198 1251 4348">
     <span class='ocr_line' id='line_1_40' title="bbox 174 4198 1251 4271; baseline 0.003 -15"><span class='ocrx_word' id='word_1_330' title='bbox 174 4200 204 4271; x_wconf 89' lang='lat' dir='ltr'><strong>l)</strong></span> <span class='ocrx_word' id='word_1_331' title='bbox 221 4200 359 4258; x_wconf 78' lang='lat' dir='ltr'><strong>viatorium</strong></span> <span class='ocrx_word' id='word_1_332' title='bbox 378 4199 446 4260; x_wconf 85' lang='lat' dir='ltr'><strong>oder</strong></span> <span class='ocrx_word' id='word_1_333' title='bbox 464 4201 507 4258; x_wconf 88' lang='lat' dir='ltr'><strong>eiu</strong></span> <span class='ocrx_word' id='word_1_334' title='bbox 526 4201 662 4259; x_wconf 70' lang='lat' dir='ltr'><strong>abnliobas</strong></span> <span class='ocrx_word' id='word_1_335' title='bbox 680 4209 753 4259; x_wconf 74' lang='lat' dir='ltr'><strong>saort</strong></span> <span class='ocrx_word' id='word_1_336' title='bbox 770 4201 836 4259; x_wconf 85' lang='lat' dir='ltr'><strong>labli</strong></span> <span class='ocrx_word' id='word_1_337' title='bbox 853 4201 881 4258; x_wconf 90' lang='lat' dir='ltr'><strong>la</strong></span> <span class='ocrx_word' id='word_1_338' title='bbox 900 4200 949 4257; x_wconf 88' lang='lat' dir='ltr'><strong>der</strong></span> <span class='ocrx_word' id='word_1_339' title='bbox 973 4200 1014 4257; x_wconf 86' lang='lat' dir='ltr'><strong>bs.</strong></span> <span class='ocrx_word' id='word_1_340' title='bbox 1050 4199 1082 4270; x_wconf 75' lang='lat'><strong>2)</strong></span> <span class='ocrx_word' id='word_1_341' title='bbox 1109 4198 1251 4259; x_wconf 84' lang='lat' dir='ltr'><strong>Seoltenna</strong></span> 
     </span>
     <span class='ocr_line' id='line_1_41' title="bbox 118 4271 781 4348; baseline 0 -17"><span class='ocrx_word' id='word_1_342' title='bbox 118 4273 164 4331; x_wconf 87' lang='lat' dir='ltr'><strong>eiu</strong></span> <span class='ocrx_word' id='word_1_343' title='bbox 183 4273 338 4330; x_wconf 84' lang='lat' dir='ltr'><strong>uebeullusa</strong></span> <span class='ocrx_word' id='word_1_344' title='bbox 358 4273 405 4330; x_wconf 84' lang='lat' dir='ltr'><strong>des</strong></span> <span class='ocrx_word' id='word_1_345' title='bbox 425 4273 535 4331; x_wconf 82' lang='lat' dir='ltr'><strong>Panare.</strong></span> <span class='ocrx_word' id='word_1_346' title='bbox 572 4274 603 4344; x_wconf 85' lang='lat'><strong>3)</strong></span> <span class='ocrx_word' id='word_1_347' title='bbox 621 4271 781 4348; x_wconf 77' lang='lat' dir='ltr'><strong>eloquenti?</strong></span> 
     </span>
    </p>
   </div>
   <div class='ocr_carea' id='block_1_5' title="bbox 0 0 1496 4824">
    <p class='ocr_par' dir='ltr' id='par_1_6' title="bbox 0 0 1496 4824">
     <span class='ocr_line' id='line_1_42' title="bbox 0 0 1496 4824; baseline 0 1"><span class='ocrx_word' id='word_1_348' title='bbox 0 0 1496 4824; x_wconf 95' lang='lat' dir='ltr'><strong> </strong></span> 
     </span>
    </p>
   </div>
  </div>
 </body>
</html>
