2918 4824
267 243 343 344 '238
568 264 733 324 nummus
753 259 1096 324 mnwnuouncnnsrs.

185 461 255 518 1346
272 443 420 537 [1322],
449 465 511 539 que
535 443 680 517 formosa
704 442 821 533 valde,
848 464 965 514 omnes
988 439 1162 514 virtutibus
1190 449 1228 512 et
1255 439 1402 514 moribus
1455 463 1456 526 f

267 545 456 618 antecessit.
497 543 676 615 Transiens
700 551 809 612 autem
832 539 973 636 quadam
994 543 1071 613 vice
1098 563 1163 613 rex
1179 549 1215 612 et
1231 539 1402 613 Robertns
1455 533 1456 598 Ϊ

270 641 502 714 Atrebatensis
528 663 628 714 causa
652 641 844 713 venaciunis
872 643 962 712 iuxta
986 649 1142 727 castrum,
1170 641 1203 710 in
1230 661 1299 732 quc
1323 641 1410 732 prior
1455 651 1456 714 ?

271 762 357 811 uxor
373 735 562 810 morabatur
577 740 720 832 captiva.
737 741 839 810 missa
857 737 978 810 familia
995 739 1028 807 in
1046 737 1179 827 silvam„
1200 739 1278 830 ipse
1297 747 1332 808 et
1348 759 1409 808 co-
1455 785 1456 830 ᾗ

270 860 342 911 mes
365 847 441 910 sunt
464 845 608 909 castrum
630 838 784 926 ingressi.
827 835 885 906 llla
910 845 1019 906 autem
1043 837 1194 906 existens
1219 837 1254 905 in
1281 834 1411 906 locione
1455 833 1456 920 ᾗ

271 939 397 1030 capitis,
415 936 563 1028 fugiente
580 933 713 1022 tannia.
731 936 807 1006 viso
824 955 922 1024 rege,
940 955 979 1006 se
996 935 1029 1004 in
1047 931 1180 1004 modum
1198 931 1353 1003 crucifixi
1371 931 1411 1001 ad

271 1033 375 1128 pedes
392 1055 495 1125 reges
512 1033 706 1127 prostravit3
724 1035 827 1102 timuit
844 1034 931 1101 enim
949 1031 1117 1125 exaliqua
1135 1027 1315 1102 delacione
1326 1030 1409 1101 clam

271 1153 389 1224 regem
407 1135 524 1202 iratmn
547 1132 695 1202 venisse.
721 1127 802 1200 Erat
819 1140 928 1200 autem
945 1128 1058 1222 prdcra
1076 1137 1109 1198 et
1126 1125 1279 1199 amabilis
1298 1127 1408 1200 valde.
1455 1143 1456 1224 ᾗ

271 1229 349 1302 Rex
372 1239 481 1301 autern
506 1227 646 1300 elevans
670 1227 788 1321 ipsam.
814 1247 956 1320 egresso
985 1227 1114 1316 amite,
1137 1229 1247 1319 ipsam
1269 1237 1410 1320 repente
1455 1231 1456 1316 ᾗ

272 1347 494 1420 cognoscens
521 1327 672 1398 recessit.
722 1323 776 1397 Ex
800 1347 863 1420 quc
887 1324 941 1395 illa
965 1325 1185 1417 impregnata
1211 1323 1276 1396 soli
1302 1325 1408 1395 comiti

271 1427 450 1515 nunciavit.
468 1444 607 1517 rogans:
631 1426 756 1514 etipse
775 1427 892 1494 uirtute
911 1441 973 1493 ouo
989 1426 1052 1492 otte
1072 1425 1219 1494 mulieris
1241 1431 1275 1492 et
1288 1433 1409 1512 portus
1455 1409 1456 1498 l

271 1525 410 1593 insidias
426 1531 626 1612 precaveret.
676 1523 749 1609 Que
772 1523 904 1616 pariens
929 1520 1123 1610 masculum,
1148 1541 1191 1590 ec
1208 1519 1299 1590 claun
1322 1517 1406 1594 sub-

270 1630 385 1711 tructm
403 1619 547 1692 alienum
564 1618 721 1692 submisit.
763 1618 876 1692 Verus
895 1628 1005 1689 autem
1022 1617 1107 1690 subus
1125 1639 1172 1690 ex
1189 1615 1405 1689 ordinacione
1455 1667 1456 1708 p

271 1721 396 1792 comitis
407 1717 448 1789 ad
460 1721 590 1790 amitam
602 1739 708 1809 suam,
719 1715 898 1812 predictam
909 1719 1061 1808 reginam
1071 1715 1211 1808 Anglie,
1224 1725 1280 1788 est
1292 1726 1406 1788 bans-

271 1821 406 1908 missus,
424 1839 487 1913 que
505 1839 581 1888 eum
600 1818 683 1888 clam
696 1815 834 1887 delicate
847 1817 999 1902 nutrivit3
1015 1817 1182 1908 putativus
1195 1823 1312 1885 autem
1323 1811 1407 1888 filins

271 1911 418 1987 breviter
435 1919 608 2010 expiravit.
651 1912 829 1987 Dicebatur
847 1915 947 2003 enim,
964 1911 1134 2003 barolum,
1151 1922 1310 2007 patruum
1328 1935 1408 2006 pne-

270 2011 429 2084 dictorum
445 2017 540 2085 trium
550 2013 702 2104 liliorum.
720 2034 832 2083 curam
845 2013 937 2106 qnasi
948 2013 1046 2103 regni
1058 2021 1248 2102 gerentem.
1267 2009 1408 2102 adreg-

271 2133 350 2180 num
373 2116 560 2206 aspirasse,
588 2123 621 2184 et
644 2109 686 2182 ob
710 2109 773 2181 huc
801 2107 940 2180 liliorum
962 2130 1082 2200 regum
1105 2117 1247 2180 monem
1271 2113 1407 2204 petisse.

271 2207 401 2280 Mortuo
419 2220 528 2281 autem
546 2208 665 2280 eodem
676 2208 811 2297 Karolo.
830 2216 954 2302 etpost
971 2204 1407 2298 eumnamlorege[1328

272 2304 336 2376 leb.
351 2304 404 2398 11,
423 2331 468 2380 ex
485 2329 591 2380 uxore
609 2330 668 2380 sua
681 2307 723 2377 de
733 2302 957 2396 lutzelnburg
968 2303 1056 2375 nulla
1069 2305 1162 2398 prole
1172 2305 1310 2376 relicta:
1329 2328 1407 2376 ecce
1455 2309 1456 2384 l

272 2401 325 2475 hic
340 2404 520 2501 Philippus,
544 2407 664 2499 antiqui
681 2403 794 2475 Karoli
817 2401 902 2474 lilius
927 2399 987 2474 sibi
1010 2423 1153 2494 regnum
1176 2413 1333 2497 usurpat„
1357 2406 1407 2498 qni

272 2523 388 2576 omnes
405 2525 508 2596 reges
525 2502 665 2574 Francia
683 2525 702 2572 a
720 2513 868 2594 tempore
885 2499 996 2572 llaruli
1008 2497 1124 2592 Magni
1141 2499 1271 2574 diviciis
1290 2511 1327 2572 et
1344 2523 1407 2596 po-
1455 2511 1456 2592 t

271 2604 378 2672 tenuia
397 2604 584 2675 antecessit.
628 2597 758 2672 Mortuo
776 2609 885 2669 antem
902 2595 1056 2668 Eduardo
1074 2597 1188 2690 Angla
1206 2601 1240 2670 in
1260 2601 1408 2694 captivi·

271 2705 356 2788 tare,
385 2702 480 2794 eique
503 2697 657 2784 Eduardo
682 2694 881 2770 succedente
904 2696 1073 2790 preclaro.
1101 2695 1271 2790 filiumque
1295 2695 1406 2768 llaroli
1455 2697 1456 2784 l

271 2796 427 2868 avunculi
444 2800 495 2870 sui
513 2819 628 2868 secum
644 2792 799 2883 habente,
823 2797 975 2888 victoque
1000 2815 1061 2886 per
1077 2816 1155 2864 eum
1177 2815 1264 2886 rege
1282 2793 1406 2866 Scotu-
1455 2791 1456 2878 l

270 2913 356 2983 rum,
373 2892 460 2964 idem
471 2893 604 2986 Anglus
623 2915 696 2966 cum
713 2892 859 2986 predicto
871 2890 1017 2985 Philippo
1034 2891 1125 2962 litem
1141 2913 1202 2986 pro
1219 2913 1331 2984 regno
1348 2894 1404 2963 ri·

270 2988 920 3086 nuteresttngressusnonpretendcns,
939 2989 1170 3062 tamavunculi
1181 2987 1285 3060 lilium
1322 3011 1403 3083 rop-

270 3097 322 3160 ter
345 3095 546 3162 sentenciam
569 3111 667 3185 pape7
693 3109 791 3184 qnam
815 3109 853 3160 se
876 3086 1022 3182 predicto
1045 3085 1158 3158 ultimo
1180 3089 1255 3179 regi
1334 3087 1402 3158 rolo

268 3190 503 3280 proximiorem
520 3186 690 3279 heredem.
708 3207 782 3258 cum
793 3184 932 3257 Francia
951 3207 970 3256 a
988 3183 1077 3255 nullo
1093 3182 1207 3256 baberi
1226 3184 1401 3257 dicaturin
1455 3187 1456 3254 i

269 3283 416 3376 tendum,
434 3289 583 3380 quamvis
603 3296 736 3358 econtra
746 3281 855 3356 nullus
866 3305 926 3378 per
938 3283 1127 3355 femininam
1136 3281 1260 3354 bneam
1272 3285 1308 3355 in
1318 3305 1401 3374 reg-
1455 3299 1456 3382 t

271 3401 350 3452 num
367 3387 574 3456 successisse
593 3379 726 3456 dicatur.

269 3531 321 3604 De
337 3537 506 3624 moue
522 3538 615 3625 opidi
631 3537 712 3606 dicti
727 3535 873 3606 Maiestcr
890 3542 922 3604 et
936 3535 1038 3606 casm
1053 3531 1332 3623 Scburpseuatcta
1345 3553 1403 3625 per

367 3633 533 3706 Atdcrtum
553 3635 668 3705 duem
688 3635 817 3706 tuscie
838 3635 874 3704 itt
894 3633 1105 3724 Brispuupto.
1455 3649 1456 3690 3

318 3761 468 3840 Predicto
486 3789 572 3840 anno
581 3767 674 3842 xlvi.
687 3765 844 3840 Albertus
858 3764 927 3838 dux
937 3765 1074 3839 Austris
1092 3787 1207 3838 emens
1219 3789 1239 3838 a
1250 3763 1397 3840 lobanne
1455 3755 1456 3832 Ῠ

270 3863 312 3936 de
329 3863 476 3938 Stoullen
493 3861 646 3960 oppidum
658 3863 1018 3956 lliinsterBrisgangie
1036 3867 1138 3938 sancti
1149 3863 1317 3960 liutperti
1336 3865 1397 3956 [et]
1455 3871 1456 3878 ’

270 3974 413 4036 castrum
431 3962 711 4059 scharpfensrein.
736 3985 835 4057 quoa
858 3962 944 4034 duce
967 3961 1174 4035 tenebantur¹
1194 3967 1228 4034 in
1252 3963 1397 4052 feudum,

272 4061 379 4132 eidem
395 4060 531 4133 Iohanni
548 4073 582 4134 et
598 4066 692 4134 uxori
716 4083 777 4136 sue
801 4069 944 4134 castrum
960 4059 1085 4133 Werre
1109 4083 1183 4134 curn
1207 4059 1398 4156 quibusdan

271 4157 448 4231 redditibus
465 4181 524 4253 pro
541 4163 610 4233 vite
627 4172 775 4256 tempore
793 4161 986 4252 assignavit.
1013 4155 1141 4234 Verum
1153 4157 1397 4254 Friburgenscs
1455 4171 1456 4206 t

327 4287 356 4355 1)
376 4288 515 4346 tenebatur
533 4289 561 4345 B.
