2882 4818
273 227 346 308 130
571 227 738 313 inmens
757 227 1097 289 nuuwuaauacnnsrs.

635 329 638 373 l

271 401 402 474 baldum
419 405 570 474 comitem
581 403 804 496 Ferretarum
822 415 856 478 et
871 408 1112 500 episcopocum
1124 406 1259 477 civitate
1271 402 1401 476 volente

269 499 387 592 egredi
398 503 563 572 interram
574 505 713 592 comitis„
731 525 843 576 comes
855 506 1072 574 municionem
1082 499 1313 592 Blumenberg
1324 523 1402 593 pro-

270 601 374 692 priam
388 602 423 668 'in
441 598 574 669 lendum
592 603 755 692 recipiens
773 600 814 672 ab
832 603 904 693 ipso
920 598 1248 672 reloraratareidem.
1276 597 1403 670 lllortuo

270 707 378 766 autern
397 693 527 784 Obbane,
548 693 592 786 [l
606 697 700 768 1309
719 709 802 794 sept.
814 699 893 788 26],
917 697 1107 770 Ger-lrardus
1126 697 1168 768 de
1184 695 1402 790 Wippingen,

269 817 314 866 ex
331 805 434 865 matre
452 793 494 864 de
505 793 725 884 Grandisonm
743 817 804 890 per
815 795 1019 868 Clementem
1036 814 1155 890 papam
1173 797 1323 887 quintium
1332 793 1402 864 Bn-

269 892 395 964 siliensi
412 891 556 964 ecclesie
574 903 627 966 est
643 894 820 987 prefectus.

270 1088 317 1158 lle
334 1091 497 1159 eleccione
513 1089 664 1160 Helonict
680 1094 721 1160 de
737 1091 955 1180 Ldtzelnbnrq
970 1094 1116 1162 strennui
1133 1093 1357 1178 inperatoris.

336 1237 454 1309 Occiso
472 1247 581 1309 autem
600 1238 738 1311 Alberto
755 1263 839 1332 rege
857 1239 1031 1314 lleinricas
1050 1261 1162 1312 cemes
1182 1239 1225 1308 de
1243 1237 1404 1309 Litizcln-

267 1333 353 1427 burg
370 1345 547 1406 strennuus
566 1347 599 1407 et
616 1344 706 1408 aecr¹
728 1337 847 1408 eodem
866 1361 952 1410 anno
976 1341 1007 1409 in
1027 1339 1112 1410 lesio
1133 1341 1283 1408 omniunt
1302 1359 1404 1410 sanc-

267 1439 418 1502 torum²a
436 1433 633 1528 principibus
652 1435 857 1507 concorditer
873 1437 906 1506 in
917 1433 1136 1506 Frankenlart
1155 1443 1208 1506 est
1226 1435 1358 1505 electus
1376 1443 1404 1502 at

267 1530 470 1623 Aquisgranl
488 1533 520 1600 in
539 1536 688 1626 seqarenli
708 1532 879 1628 epiphania
899 1531 1018 1605 domini
1039 1530 1151 1622 [1309
1161 1534 1227 1602 ian.
1241 1531 1282 1621 6]
1305 1554 1404 1602 coro-

266 1637 372 1698 natus,
498 1627 698 1702 Ascendens
717 1641 825 1701 autem
843 1631 973 1701 Renum
992 1653 1066 1700 curn
1084 1632 1239 1701 venisset
1255 1630 1402 1724 Spiram

266 1727 359 1797 venit
375 1722 586 1796 Eherlrardus
609 1747 722 1800 comes
747 1725 807 1800 des
824 1725 1042 1820 Wirlenberg
1065 1750 1139 1797 carn
1164 1727 1405 1818 septingentis³

267 1823 360 1916 equis
382 1826 417 1893 in
441 1845 560 1914 magna
586 1823 749 1918 superbia.
792 1825 951 1912 Quicum
976 1821 1018 1894 de
1042 1825 1141 1894 multa
1169 1823 1352 1915 tyrannide
1377 1828 1405 1894 in

266 1911 415 1992 hemines
440 1923 565 2015 imperii
590 1925 765 1994 commissa
789 1943 855 1993 non
879 1921 1106 2011 concordam
1134 1943 1152 1990 a
1176 1943 1262 2011 rege
1287 1921 1405 2013 indig-

266 2027 385 2088 nanter
402 2021 549 2090 recessit.
593 2017 729 2114 Propter
753 2017 838 2114 quod
861 2019 948 2089 idem
967 2041 1079 2091 comes
1104 2027 1220 2112 postea
1238 2017 1284 2088 ad
1304 2041 1404 2089 man-

267 2113 377 2184 datum
394 2119 485 2206 regis
504 2119 536 2185 in
548 2113 650 2186 Ytalia
670 2120 842 2189 existentis
858 2137 918 2211 per
929 2113 1405 2206 C[unradam]⁴deWindes-

265 2209 364 2304 berg‚
382 2211 547 2308 presidem
565 2216 671 2304 regin
688 2225 721 2284 et
738 2217 887 2286 civitates
905 2217 1031 2310 imperii
1049 2217 1081 2284 in
1092 2213 1233 2286 Swevia
1250 2212 1345 2284 adeo
1357 2225 1404 2284 est

267 2307 465 2400 destructas,
489 2309 574 2404 quod
593 2310 652 2384 sibi
670 2313 730 2384 vix
744 2321 811 2384 tres
830 2332 875 2382 cx
891 2309 1041 2383 omnibus
1066 2311 1135 2383 suis
1160 2310 1403 2382 municionibus
1435 2371 1436 2384 ,

265 2417 505 2480 remanserunt.
548 2407 654 2494 Quem
677 2408 719 2479 de
744 2419 852 2480 castro
869 2409 1007 2504 Asperg
1029 2405 1172 2480 obsesso
1197 2429 1274 2478 curn
1302 2411 1403 2479 multo

266 2513 409 2577 tremore
427 2505 609 2598 lugientem
627 2505 737 2580 Hesso
756 2505 900 2578 marchio
918 2505 959 2576 dc
970 2504 1084 2576 Baden
1101 2509 1134 2576 in
1151 2503 1250 2600 opido
1261 2505 1403 2576 Besen-

264 2597 347 2671 ken⁵
364 2607 557 2696 receptavit.
599 2604 661 2690 Qui
684 2627 795 2676 comes
821 2603 1076 2700 depauperatus,
1095 2625 1168 2673 cam
1188 2609 1404 2698 concepisset
1434 2655 1435 2707 ἐ

265 2701 468 2793 imperatoris
487 2703 631 2792 graciam
649 2705 682 2772 in
698 2701 802 2772 Ytalia
821 2704 1021 2794 quesivissm
1046 2711 1173 2771 mortuo
1197 2705 1403 2794 imperatore

264 2799 419 2892 paulatim
436 2803 565 2869 revixit
658 2795 875 2869 Venientibus
894 2807 1004 2868 autern
1021 2801 1148 2870 nunciis
1160 2799 1403 2890 Argentinen·

265 2897 348 2965 sium
367 2892 408 2964 ad
425 2915 542 2984 regern
560 2919 599 2965 ac
616 2894 885 2990 proponentibus,
909 2917 947 2968 se
973 2917 1031 2988 per
1054 2893 1204 2967 dominos
1224 2917 1311 2967 sues
1331 2899 1403 2967 Ar-

264 2993 481 3084 gentinenses
504 3013 563 3084 pro
592 2997 706 3082 gracia
730 2995 820 3084 rogis
844 3003 877 3063 et
900 2991 1147 3086 privilegiorum
1176 2995 1403 3065 innovacioac
1433 2999 1434 3027 ¹

264 3090 490 3178 transmissos,
514 3111 578 3161 nec
595 3091 690 3186 Spire
708 3113 772 3160 nec
788 3091 975 3180 Argentinc
1000 3089 1040 3158 ab
1059 3093 1131 3184 ipso
1149 3087 1303 3159 habuere
1323 3113 1403 3161 res-

263 3208 413 3281 ponsum.
439 3187 674 3260 Ascendentes
693 3199 802 3257 autern
814 3209 935 3259 versus
948 3185 1188 3257 Columbariam
1200 3186 1240 3256 ad
1261 3184 1403 3282 regeml

263 3283 369 3354 edocti
387 3305 406 3352 a
425 3283 564 3376 quodam
580 3289 672 3376 regis
692 3289 884 3374 secretaria
907 3283 1061 3356 dixerant
1077 3285 1167 3374 regi:
1196 3287 1286 3356 cloes
1307 3291 1404 3358 besni
1432 3305 1433 3345 t

262 3383 511 3469 Aroentlnenses
527 3383 587 3452 laec
599 3389 720 3472 pellent.
756 3385 845 3469 Quos
857 3404 920 3454 rex
930 3379 1057 3472 (licensa
1074 3401 1109 3452 se
1126 3391 1201 3452 nante
1218 3401 1289 3452 non
1304 3387 1402 3453 inlel-

263 3479 389 3570 leeisse,
417 3501 553 3567 qnorum
576 3479 715 3564 [censent
735 3483 855 3570 anameel,
883 3499 955 3550 eatan
980 3483 1128 3550 dominos
1146 3481 1403 3568 Arecomicorum
1431 3487 1432 3510 l

262 3581 490 3666 nominassent,
517 3575 741 3649 favorabiliter
768 3575 947 3649 exaudivit.
996 3575 1194 3648 Ascendeas
1223 3587 1344 3649 alutem
1373 3589 1400 3648 ct

262 3669 415 3766 homagia
434 3683 468 3744 ct
485 3671 669 3745 fidelitatem
689 3673 893 3744 dominorum
911 3685 944 3744 et
961 3675 1127 3745 civitatum
1145 3676 1300 3766 capiens,
1329 3698 1401 3748 cam

261 3795 328 3846 non
346 3769 562 3862 habundaret,
580 3775 728 3866 concepit
745 3773 777 3841 in
789 3771 926 3841 Ytaliarn
944 3770 1115 3864 proficisci.
1192 3770 1235 3841 El
1251 3777 1400 3844 veniens

260 3880 377 3962 iterum
393 3869 522 3964 Spiram
540 3866 741 3940 Fridcricum
758 3867 876 3940 ducem
894 3869 1043 3958 Austrie7
1061 3871 1161 3940 occisi
1179 3867 1300 3960 lilium7
1328 3881 1400 3966 post

315 4017 345 4085 l)
364 4034 396 4072 so
412 4018 451 4086 C.,
469 4035 545 4074 sacer
559 4018 597 4086 Β.,
617 4019 695 4074 lortis
709 4019 740 4074 Α,
757 4019 808 4074 und
820 4019 865 4074 W.
896 4018 926 4088 2)
941 4018 988 4074 llic
1007 4017 1076 4074 n'alrl
1096 4016 1213 4090 erlolgte
1233 4017 1311 4074 nicht
1335 4019 1400 4074 13ίὲ

261 4104 322 4144 nov.
338 4087 363 4156 1,
381 4089 499 4144 tondern
516 4105 575 4143 rior.
590 4089 634 4143 27.
670 4089 700 4156 3)
721 4089 841 4144 ducentis
854 4089 886 4144 Α.
900 4089 952 4144 arrad
968 4089 1012 4144 W.
1045 4089 1076 4156 4)
1096 4106 1143 4143 aus
1157 4091 1204 4156 Α.;
1224 4089 1252 4145 Β.
1268 4087 1319 4146 luat
1340 4095 1399 4144 stati

261 4159 309 4212 des
327 4173 486 4213 vernantensi
507 4159 583 4214 einen
608 4159 697 4212 leereu
723 4173 805 4214 raum
841 4163 873 4224 5)
899 4160 1050 4228 Bcslglreim
1077 4159 1198 4215 nordticb
1225 4177 1281 4216 uon
1313 4164 1399 4218 Struit·

261 4233 321 4296 gart
339 4245 379 4282 arn
399 4228 509 4283 eirrllass
529 4231 576 4285 der
594 4229 649 4285 lina
668 4230 695 4285 in
715 4231 766 4286 den
785 4231 895 4288 lleokur.
931 4232 962 4301 6)
981 4249 996 4288 a
1015 4247 1080 4302 rege
1100 4231 1127 4286 B.
