3010 4822
284 233 356 308 554
601 232 1070 292 unumousuuroooruusts.

197 417 268 476 teto
283 419 408 500 aurata,
426 408 601 502 dignitates
618 412 675 484 vel
693 423 899 507 personatus.
926 411 1023 484 Unde
1036 415 1301 485 eonstitutr'onam
1319 411 1418 484 valde

284 508 437 602 penalem
467 520 500 581 et
528 509 668 601 rigidam
695 509 794 582 edidit
815 521 927 582 eontra
948 511 1053 600 oles,
1080 534 1145 604 que
1171 512 1298 604 inoipit:
1324 513 1417 582 Ere·

286 609 430 678 entitas.
471 607 540 679 Sed
560 612 593 679 iu
611 608 676 680 fine
694 611 868 698 gratiosior
885 608 944 679 suit
960 609 1098 680 iaeiliter
1115 629 1216 703 super
1232 609 1418 702 pluralitate

285 703 517 798 dispensando.
568 705 630 778 llio
645 703 836 778 Galeaoium
848 717 926 778 turm
941 706 1107 778 dominum
1124 709 1264 780 oviam
1282 705 1418 777 Medio-

283 803 429 876 lanensis
447 802 489 878 de
507 804 617 878 heresi
635 802 1168 898 oondempnavit[1321ieh.20]
1188 815 1223 875 st
1239 803 1326 878 duos
1338 827 1418 876 car-

283 900 411 973 dinales
427 902 577 994 legatos,
595 923 696 975 unum
712 903 745 973 in
762 900 987 974 lombardiam
1015 912 1050 973 et
1071 903 1169 975 alium
1193 905 1226 972 in
1250 902 1417 975 Tusciam.

283 997 325 1069 ad
342 998 607 1096 persequendum
624 998 743 1072 ibidem
761 1001 904 1074 eoeleste
923 998 1069 1073 rebelles
1092 1003 1179 1074 misit
1195 1021 1272 1072 eum
1296 1022 1418 1091 magno

283 1095 457 1264 phesauro,
488 1101 541 1192 qui
570 1119 724 1192 magnam
753 1098 1035 1192 stipendiariorum
1065 1097 1305 1170 multitudinem
1333 1119 1418 1170 eon-

306 1206 457 1267 uxorum.

198 1295 268 1354 1323
357 1294 458 1366 Anno
475 1315 562 1366 nono
580 1294 715 1390 prediati
732 1315 817 1392 pape
834 1307 868 1367 et
882 1295 1004 1368 domini
1021 1297 1237 1368 mooexniii.
1254 1293 1346 1366 idem
1362 1295 1417 1367 le-

284 1399 382 1481 gatus
399 1389 593 1463 lombardie
616 1391 838 1466 Mediolanum
869 1417 942 1466 oum
966 1391 1178 1465 multidudine
1203 1391 1418 1487 stipendiari-

283 1509 377 1560 orum
397 1487 536 1580 obsedit,
555 1490 615 1564 sad
632 1503 707 1586 post
724 1491 886 1564 modieum
903 1503 1032 1585 tempus
1049 1491 1183 1582 fugatus
1201 1502 1255 1563 est
1271 1489 1361 1564 iude.

284 1706 371 1758 anno
388 1707 476 1758 nono
493 1686 580 1757 idem
596 1706 680 1781 papa
699 1707 824 1780 graves
842 1707 1040 1781 prooeasus,
1069 1689 1250 1758 morentiae
1275 1709 1418 1760 exeom-

283 1787 509 1856 munioationis
527 1787 560 1854 in
577 1805 765 1878 personam,
784 1786 1013 1879 suspensionis
1030 1788 1063 1856 in
1082 1794 1286 1856 conventum
1304 1794 1340 1856 at
1355 1807 1418 1856 ea-

284 1883 431 1974 pitulum,
450 1892 484 1953 et
499 1881 703 1954 hatordietum
720 1885 753 1954 in
770 1883 843 1955 looa
861 1886 1087 1972 munientes,
1110 1883 1189 1954 feeit
1215 1891 1250 1954 et
1265 1883 1418 1976 prornud-

285 1983 378 2072 gavit
395 1989 506 2050 eontra
525 1978 689 2052 dominum
702 1979 916 2053 hudewioum
936 1979 1144 2052 deBawaria
1156 1989 1306 2074 quartum
1321 1980 1418 2052 eleo-

283 2087 350 2149 tum
368 2079 401 2146 in
415 2099 534 2168 regem
550 2078 774 2150 Romanorum
791 2087 825 2149 et
841 2101 880 2151 se
896 2081 1127 2172 imperatorem
1144 2075 1356 2150 sorihentem.
1381 2078 1417 2150 ln

283 2171 399 2269 quihus
417 2177 524 2270 ipsum
540 2178 612 2247 iure
630 2175 716 2270 quod
745 2199 791 2248 ex
814 2177 976 2248 electione
1002 2173 1141 2248 hahebat
1161 2177 1329 2269 privavit,
1354 2175 1417 2248 ah-

285 2274 422 2346 solvens
440 2295 557 2346 omnes
575 2271 635 2346 sibi
654 2273 826 2346 adstrictos
847 2295 866 2345 a
883 2275 1093 2364 iuramentis‚
1118 2277 1217 2346 imruo
1238 2272 1326 2366 quod
1345 2275 1416 2368 plus

283 2381 336 2444 est
353 2374 460 2465 ipsum
477 2370 659 2444 deelaravit
674 2373 836 2445 fautorem
848 2371 1076 2445 heretioomm.
1127 2371 1208 2443 ltam
1225 2369 1314 2443 idem
1334 2394 1417 2467 papa

283 2469 447 2563 quendam
471 2472 665 2561 magistrum
696 2470 739 2541 de
765 2471 897 2565 Ργεὶιιιι1
923 2469 1104 2542 Iohannem
1128 2468 1170 2540 de
1197 2467 1364 2542 Ganduno
1386 2481 1417 2542 et

283 2569 381 2638 alium
399 2565 582 2640 Marsiliuni
605 2567 647 2638 de
669 2567 799 2658 Padus,
829 2571 883 2663 qui
907 2569 1032 2663 aliquos
1055 2565 1156 2640 libros
1180 2567 1360 2662 pestiferos
1387 2576 1416 2638 et

283 2675 395 2737 eontra
416 2663 574 2736 honorem
593 2668 736 2740 eoeleste
753 2677 1019 2760 eomposuemnt
1037 2665 1080 2736 de
1096 2661 1208 2738 heresi
1231 2663 1416 2760 eondemp-

283 2765 386 2852 navit,
405 2785 487 2856 quos
503 2764 669 2858 prediatus
693 2764 892 2837 Ludewious
918 2759 951 2835 in
975 2785 1036 2837 sua
1060 2764 1279 2835 familiaritate
1306 2767 1414 2836 tenuit.
1480 2767 1481 2830 i

283 2859 336 2931 Ile
354 2881 490 2954 quorum
509 2861 645 2936 oonsilio
662 2863 913 2958 appellationem
933 2871 1046 2934 eontra
1059 2880 1240 2956 prooessus
1257 2882 1346 2954 pape
1363 2865 1415 2932 io-

283 2959 453 3052 terposuit,
474 2963 525 3030 eui
544 2961 661 3034 multos
679 2962 833 3034 artioulos
858 2963 1003 3032 inseruit.
1054 2958 1135 3031 ltem
1159 2957 1326 3054 quandam
1342 2961 1414 3052 opi·

284 3059 415 3128 nionem
436 3054 480 3128 de
496 3061 627 3152 proprio
646 3057 765 3132 Christi
784 3067 817 3129 et
834 3057 1070 3153 apostolorum,
1097 3055 1140 3128 do
1165 3077 1228 3151 qua
1253 3059 1413 3129 eontentio

284 3164 355 3226 erat
371 3158 456 3226 inter
472 3155 592 3229 iratres
610 3157 837 3228 Predieatores
855 3165 889 3227 et
904 3155 1064 3244 minores,
1082 3154 1316 3226 determinavit
1333 3173 1413 3226 anno

284 3251 487 3346 pontificatus
512 3257 562 3325 sui
590 3265 710 3326 ootavo
736 3275 796 3348 pro
823 3263 917 3348 parte
950 3253 1086 3326 fratrum
1112 3249 1362 3325 Predioatorurn
1383 3259 1414 3320 nt

284 3353 500 3442 patettnsua
519 3355 842 3446 transitoriamque
870 3354 995 3446 incipit:
1024 3353 1102 3422 Cum
1129 3356 1213 3422 ister
1236 3354 1411 3422 romum.
1479 3373 1480 3438 ᾗ

282 3446 365 3518 ltem
393 3453 656 3522 eonstitutionem
686 3449 806 3522 domini
830 3447 955 3522 Nieolai
980 3471 1066 3544 papo
1090 3451 1173 3520 tertii
1199 3445 1243 3520 de
1265 3445 1412 3520 frutribus

283 3543 464 3618 Minoribus
483 3550 657 3620 revocavit
673 3551 704 3620 in
723 3558 835 3642 parte,
860 3557 893 3618 et
915 3550 1121 3620 renunoiavit
1145 3545 1309 3634 dominio,
1332 3541 1411 3638 quod

283 3644 402 3716 iratres
420 3643 568 3718 Minores
593 3644 743 3718 dioehant
770 3666 848 3718 esse
871 3643 957 3740 apud
985 3645 1100 3718 sedern
1126 3644 1410 3738 apostolieum

284 3751 374 3835 patet
401 3746 434 3813 iu
472 3741 599 3816 duabus
632 3744 701 3816 suis
731 3741 1035 3833 mastituuouitos,
1066 3763 1128 3814 unu
1162 3745 1290 3836 incipit:
1331 3741 1410 3829 Qtt'u

283 3859 530 3931 muouupuem,
556 3841 637 3914 aha:
667 3844 720 3914 Aa
738 3845 946 3912 conditorem.
982 3841 1118 3934 Propter
1141 3837 1227 3934 quod
1252 3837 1409 3933 prediatus
1478 3873 1479 3940 p

283 3937 365 4010 ordo
391 3937 526 4010 fratrum
555 3939 717 4014 Minomm
744 3938 875 4012 laudem
909 3937 1044 4032 predicti
1073 3960 1157 4034 pape
1187 3961 1254 4010 non
1288 3939 1408 4010 sinere

199 4157 269 4215 teat
283 4035 433 4207 OfflMMM
451 4133 571 4209 domini
599 4139 816 4209 mooexxmi.
844 4135 1008 4232 predictus
1032 4134 1231 4208 ludewicus
1255 4154 1318 4206 non
1343 4127 1403 4200 ob-

339 4258 367 4328 i)
386 4275 418 4314 so
439 4259 481 4314 die
500 4259 656 4331 Neuburger
674 4261 715 4316 hs.
736 4262 789 4316 und
809 4260 892 4332 oen,
911 4261 1020 4316 Freher:
1041 4261 1198 4330 magistrum
1215 4255 1334 4314 Perusiis.
