2946 4822
219 181 290 256 152
518 179 683 237 uuvuuus
703 181 1042 239 uuuwuussuuuuusls.

221 351 308 446 quud
331 363 406 448 post
428 355 527 428 mulu
555 365 703 449 tempora
725 353 912 429 Bouiiaeius
942 378 1026 452 papa
1056 359 1122 429 viii.
1148 342 1359 428 decretalem
1464 379 1465 384 ¹

220 453 316 520 Alma
334 449 503 526 condebat„
1464 471 1465 504 ³

221 605 274 673 ΒΘ
294 605 449 772 pffma
467 611 500 674 θ(
519 607 673 694 superbia
695 609 782 676 aedis
803 609 982 696 apostolice
998 627 1040 678 ue
1056 609 1312 680 Predicutomm
1332 615 1366 678 α
1464 571 1465 634 3

354 719 490 772 auorum.

293 841 372 912 Post
389 837 590 912 Fuideu'uum
607 851 717 912 autem
735 845 841 913 erevit
856 843 1006 936 potencia
1024 853 1057 912 et
1080 840 1234 935 superbia
1258 839 1361 911 sedis

222 936 400 1032 apostoliea
421 960 461 1008 uo
477 935 640 1008 Minoi-um
658 949 692 1010 et
707 937 963 1028 Predieaturuiu
987 961 1069 1033 quos
1087 962 1141 1028 eu,
1166 936 1255 1032 quod
1272 936 1362 1006 Fui-

223 1035 366 1107 deu'eum
386 1045 419 1106 et
436 1056 515 1106 suus
539 1032 797 1126 detestabantur,
821 1040 892 1130 ipsa
910 1037 1011 1108 sedes
1035 1059 1094 1130 pre
1111 1038 1239 1108 cunulis
1256 1033 1361 1105 ordi-

220 1131 316 1206 nibus
334 1133 516 1228 puivilegiis
535 1134 695 1204 exaltavit
711 1136 744 1204 iu
761 1145 883 1206 tautum
903 1134 988 1228 quod
1006 1157 1093 1206 uuue
1108 1137 1180 1226 ipsa
1198 1131 1310 1204 sedes
1328 1140 1364 1200 ei

221 1230 330 1302 clerus
348 1232 408 1302 vix
425 1228 638 1302 defensantur
655 1228 695 1302 ab
713 1231 786 1306 illis.
934 1231 971 1302 Iu
993 1230 1107 1302 diebus
1129 1232 1191 1304 illis
1219 1228 1360 1320 [1246]

222 1327 432 1420 H[eiuricus]
452 1325 494 1396 de
512 1325 670 1400 Stahelek
688 1331 862 1422 episeopus
876 1330 1148 1421 Augenunensis„
1165 1351 1268 1422 quem
1286 1329 1361 1396 im-

221 1433 353 1519 peratur
369 1425 482 1496 forsan
494 1428 615 1498 vivens
631 1427 769 1517 leserat„
780 1425 1013 1518 Kronenburg„
1024 1425 1256 1517 ualdenhurg,
1271 1423 1363 1497 Ille-

227 1521 450 1594 wiekersheiu
467 1533 500 1593 ei
517 1521 657 1618 quedam
674 1524 736 1596 aliu
755 1535 862 1598 casua
879 1528 1005 1618 imperii
1022 1523 1201 1598 demolivit.

223 1677 274 1746 De
291 1679 419 1746 ustueu'u
437 1677 606 1746 ethonore
624 1679 749 1747 comilis
766 1679 896 1762 liudulfi
912 1681 952 1747 de
969 1677 1151 1768 Hubsburq.

298 1805 413 1882 Crevit
435 1821 545 1882 autem
565 1808 727 1882 Rudolius
751 1809 793 1881 de
810 1808 989 1902 Habsburg
1011 1813 1134 1884 asuoia
1159 1809 1361 1884 ethonore.

222 1906 284 1993 Qui
302 1929 375 1978 eum
391 1907 481 1978 litem
499 1906 613 1979 durum
631 1903 767 1980 haberet
784 1931 857 1980 eum
875 1906 991 1980 abbate
1009 1911 1113 1980 sauuti
1124 1904 1222 1996 Galli„
1239 1918 1277 1980 et
1293 1907 1361 1978 due

225 2004 300 2075 lites
326 2005 389 2076 alie
412 2002 472 2078 sibi
496 2015 765 2092 succrescerenu
790 2008 881 2078 venii
904 2005 944 2076 ad
969 2005 1100 2078 domum
1126 2003 1274 2095 ahhaus,
1303 2006 1358 2098 qui

224 2121 300 2172 eum
318 2124 417 2195 perse
463 2101 577 2174 ebatur
594 2101 668 2174 odio
686 2102 825 2196 capitali,
842 2103 966 2178 sedens
984 2101 1025 2173 ad
1043 2125 1193 2175 mensam
1204 2102 1361 2174 eiusdem

225 2196 363 2273 edentis,
400 2201 433 2272 A
456 2198 515 2273 bas
533 2222 616 2271 vero
634 2203 781 2290 miratus,
805 2204 912 2295 ipsum
930 2199 1107 2272 honorifice
1126 2211 1159 2272 et
1181 2209 1358 2292 gratanter

224 2301 357 2392 recepit.
388 2299 430 2370 Ει
447 2301 495 2370 siu
511 2299 596 2370 illieu
613 2300 645 2367 iu
663 2307 785 2369 tantum
804 2309 880 2371 suni
897 2299 991 2370 amici
1009 2297 1127 2388 effecti,
1144 2297 1232 2391 quud
1250 2295 1356 2368 abhas

226 2418 300 2468 eum
318 2401 464 2469 exercitu
482 2395 523 2466 ad
540 2393 761 2467 invadendum
775 2396 857 2467 ulios
869 2396 1071 2468 eumeodem
1082 2398 1238 2490 perrexit.
1265 2393 1358 2466 Dixit

227 2495 314 2566 euim
342 2517 470 2566 comes:
522 2493 712 2582 Quicunque
739 2501 803 2563 tres
830 2497 901 2564 lites
926 2495 1054 2584 iubeat,
1081 2497 1165 2564 duaa
1191 2493 1358 2577 reform

230 2591 311 2661 Cum
331 2602 437 2664 autem
457 2590 596 2685 quadam
606 2594 681 2664 viee
692 2593 801 2664 auimo
815 2589 955 2684 quedam
966 2589 1142 2662 invadendi
1152 2593 1186 2661 iu
1196 2589 1359 2664 Eusene-

226 2688 314 2760 heim
333 2692 513 2760 servitores
532 2699 754 2780 eouguegarei
771 2689 937 2782 paulatimq
956 2699 989 2759 et
1005 2686 1068 2760 iliis
1085 2710 1204 2782 panem
1222 2687 1266 2758 de
1283 2688 1358 2760 sili-

230 2789 309 2877 gine
327 2797 360 2857 ei
376 2789 489 2857 viuum
508 2785 717 2858 durissimum
735 2789 944 2874 ministraret,
962 2786 1156 2879 quidamque
1173 2785 1296 2856 milites
1315 2807 1358 2856 ex

227 2883 291 2956 illis
315 2905 435 2978 panem
458 2879 567 2955 album
591 2893 625 2954 et
648 2887 760 2955 viuum
788 2880 908 2954 bouum
932 2905 1034 2977 super
1056 2903 1206 2956 mensam
1229 2885 1358 2955 sumitis

229 2990 380 3052 emerunt
397 2979 457 3054 sibi
475 2984 570 3076 ipsis:
599 3003 711 3053 eomes
728 2981 839 3052 levata
858 3003 974 3052 uuensa
991 2980 1064 3052 illus
1088 2980 1279 3054 licenoiavit
1296 3000 1360 3051 se-

228 3087 332 3170 crete,
356 3078 486 3153 diceus:
514 3099 638 3150 aenou
662 3082 809 3168 indique
834 3082 987 3169 ipsorum.
1029 3078 1096 3149 Illis
1114 3099 1198 3150 vero
1222 3097 1360 3148 eausam

229 3175 451 3272 querentibus,
470 3179 560 3272 ipsos
578 3176 663 3272 quod
680 3197 747 3246 uun
765 3175 1034 3248 conveniebantur
1050 3174 1126 3263 hiis„
1144 3171 1262 3268 quibus
1280 3197 1359 3246 me-

226 3276 327 3347 liores
346 3272 627 3364 euuteuuabauiuu
645 3273 816 3365 arguendo
834 3273 986 3346 confudit.
1110 3269 1230 3344 Habuit
1247 3281 1359 3342 autem

229 3393 342 3444 comes
359 3370 401 3440 de
419 3369 616 3463 Kussaberg
633 3393 783 3444 sororem
806 3373 908 3464 ipsius
926 3371 1068 3443 Rudolu.
1110 3371 1183 3458 Quo
1201 3368 1360 3440 deiuuelu

230 3466 347 3538 eadem
365 3489 460 3540 soror
471 3467 601 3540 domiuo
614 3469 656 3540 de
668 3467 866 3542 eusensuin
878 3467 951 3539 daia
964 3471 1058 3540 estin
1069 3489 1221 3556 uxorem,
1239 3488 1286 3536 ex
1297 3489 1359 3560 qua

229 3566 350 3636 domiui
367 3563 408 3636 de
427 3563 627 3640 Ohseusieiu
647 3576 679 3637 et
696 3566 737 3636 de
748 3563 928 3656 Strasberg
944 3565 1151 3661 postmodum
1168 3561 1334 3658 prodiere.

229 3715 279 3786 De
295 3723 397 3784 morte
413 3717 543 3803 antiqui
559 3717 686 3785 comitis
703 3717 744 3783 de
759 3714 901 3803 uyuurq.

156 3929 159 3936 ,
303 3849 387 3922 Ohiu
410 3859 518 3938 autem
545 3853 694 3944 antiquus
719 3869 831 3918 eomes
857 3846 898 3917 de
922 3845 1074 3940 Kyhurg„
1097 3847 1200 3939 ipsius
1227 3843 1358 3917 Rudulii

229 3949 413 4021 avunculus
443 3947 556 4040 [1264
579 3969 657 4018 uov.
676 3945 761 4037 271,
788 3945 892 4017 solam
915 3945 1082 4039 reliquens
1108 3944 1242 4033 ΓιΙίειιυ,ι
1263 3965 1357 4037 quam

285 4099 314 4166 1)
333 4097 410 4152 Nichu
428 4097 475 4151 der
494 4097 585 4164 iibere,
610 4095 728 4151 sonderu
748 4093 804 4149 sein
832 4093 901 4148 ueiie
927 4093 975 4148 der
999 4092 1111 4161 iungere
1137 4089 1357 4162 grosulanum

229 4186 283 4225 vou
302 4168 414 4238 iuburg,
432 4168 479 4224 dur
499 4165 568 4226 1263
587 4173 654 4243 sept.
674 4165 690 4224 3
709 4163 791 4238 surb,
809 4164 961 4224 hiuterliess
981 4163 1056 4220 disse
1074 4163 1177 4227 welviet
1195 4162 1288 4237 Auu23
1315 4161 1357 4220 dia
