3010 4822
275 224 348 299 560
619 221 793 280 nemarcos
812 221 1067 286 aanooaaausis.

192 407 261 464 134⁷
276 418 353 487 sus,
370 394 457 470 mide
474 392 637 492 predictus
655 419 718 471 rex
738 396 886 490 Ungarie
903 409 937 470 et
949 393 1096 470 bibamus
1114 419 1154 470 se
1171 396 1305 470 insimul
1321 418 1399 470 oon·

273 493 442 585 lederant‚
466 494 552 589 qarod
575 495 737 589 displicuit
762 496 893 569 domino
920 517 1004 590 pape
1023 505 1054 567 et
1072 493 1302 568 cardinalibus.

191 600 262 656 ¹348
325 594 423 664 Anno
441 591 563 664 domini
574 593 801 666 mcccxlviii.
813 615 898 666 uxor
909 593 1022 664 relicta
1034 593 1149 687 prelati
1163 596 1255 685 regis
1268 592 1400 664 Andree

274 693 386 781 occist„
403 692 535 784 fugiens
554 714 571 762 a
590 713 697 782 regno
714 692 837 786 Apulia
853 693 1031 786 potentiam
1048 691 1181 782 fratris,
1205 692 1300 762 venit
1315 692 1402 762 Avi-

274 791 406 860 uionem
424 787 464 859 ad
483 810 610 883 papam.
643 789 705 875 Qui
722 793 827 884 ipsam
845 787 975 860 domino
992 786 1172 860 Ludewioo
1191 785 1290 859 nobdi
1311 793 1402 880 regni

273 887 396 981 Apulia
427 885 661 981 desponsavit,
695 885 937 982 propterquod
964 887 1095 958 infamia
1123 896 1240 958 exorto
1269 887 1402 981 amplius

274 984 454 1078 pullulavit.
502 984 564 1055 llic
590 983 789 1057 ludewicus
815 987 911 1056 intrat
941 983 1094 1079 Apuliam
1118 1005 1193 1056 cum
1221 1005 1346 1073 uxore,
1373 995 1404 1056 et

274 1103 430 1174 magnam
447 1092 573 1177 partem
591 1079 726 1154 obtinuit
743 1094 818 1176 post
835 1085 959 1155 anitum
975 1084 1069 1174 regis
1080 1080 1243 1174 Ungarie,
1261 1103 1308 1153 eu
1323 1104 1404 1176 pro-

275 1183 417 1252 motione
434 1179 570 1274 predicti
582 1201 681 1274 pape,
701 1183 754 1274 qui
773 1179 904 1252 tandem
921 1178 962 1250 ob
980 1179 1065 1251 hanc
1082 1178 1278 1252 discordiam
1297 1177 1404 1251 domi·

274 1299 351 1348 num
370 1275 553 1349 Gnidonom
571 1277 651 1349 tituli
676 1287 789 1377 sancte
814 1277 937 1350 Cecilie
960 1275 1192 1373 presbyterum
1216 1280 1403 1372 episcopum

274 1375 495 1448 Tusculanum
526 1375 724 1448 cardinalem
752 1379 785 1448 in
812 1375 993 1467 Ungariam
1026 1378 1213 1448 transmisit
1265 1375 1405 1446 Damam

190 1487 262 1544 1350
274 1494 361 1544 anno
379 1476 649 1567 quinquagesimo
667 1477 700 1544 in
717 1470 836 1546 iubileo
860 1473 903 1544 de
927 1496 1044 1546 mensa
1068 1473 1144 1546 iulio
1172 1495 1236 1546 rex
1259 1473 1405 1564 ngarie

273 1574 389 1642 iterato
406 1593 546 1662 regnum
565 1574 662 1643 intrat
678 1594 752 1643 cum
770 1595 889 1665 magna
907 1575 1063 1667 potentin
1082 1581 1115 1642 ct
1141 1593 1301 1664 magnam
1323 1594 1405 1666 par-

273 1677 340 1739 tem
357 1672 451 1761 regni
469 1672 624 1742 amissam
640 1681 825 1765 recuperat,
843 1673 983 1764 puniens
1002 1669 1120 1743 multos
1145 1673 1199 1764 qui
1217 1673 1249 1742 in
1268 1671 1405 1742 amissi-

272 1788 337 1837 one
353 1770 448 1860 regni
466 1789 507 1838 eo
531 1766 669 1840 absente
692 1766 870 1861 culpabiles
894 1778 997 1840 erant.
1049 1766 1191 1840 Damum
1215 1790 1300 1864 papa
1324 1771 1408 1840 inter

272 1884 391 1958 regem
408 1875 442 1936 et
457 1863 689 1938 Ludewicum.
703 1875 745 1937 ..¹
775 1866 893 1939 Postea
903 1889 966 1938 rex
976 1865 1126 1958 Ungarie
1136 1868 1254 1956 exivit,
1266 1876 1301 1937 et
1311 1876 1406 1938 ban-
1484 1893 1485 1902 ¹

273 1963 365 2036 siens
381 1963 521 2035 Romam
538 1974 671 2058 propter
687 1963 923 2056 indulgentiam
940 1968 1017 2036 anni
1034 1961 1162 2054 iubilei,
1186 1975 1220 2036 et
1236 1985 1297 2059 per
1314 1965 1406 2037 Tus-

273 2063 356 2132 ciam
373 2071 406 2132 et
422 2058 647 2133 lombardiam
666 2066 758 2136 venit
774 2061 953 2135 Veronam.
995 2060 1042 2133 lbi
1066 2063 1258 2156 relinquens
1276 2065 1407 2158 stipen-

273 2157 392 2232 diarios
411 2181 490 2233 suos
508 2162 694 2254 inpagatos,
705 2158 745 2232 ab
762 2163 811 2234 ais
829 2161 912 2233 clam
928 2164 962 2233 in
978 2161 1160 2252 Ungarium
1171 2172 1405 2234 estreversus.

272 2253 470 2330 Ludewicus
488 2279 571 2330 vero
588 2257 752 2352 predictus
772 2260 832 2330 vix
849 2281 910 2353 per
927 2281 1027 2330 unum
1044 2280 1194 2331 mensem
1214 2269 1265 2330 est
1282 2255 1405 2332 absens

273 2376 435 2447 arogno,
462 2358 535 2449 quia
559 2357 667 2428 statim
690 2378 774 2448 rege
801 2355 981 2429 recedente
1006 2355 1121 2447 rediit,
1147 2367 1182 2428 at
1204 2360 1290 2430 sicut
1316 2359 1406 2451 prius

272 2472 413 2543 regnum
441 2463 577 2525 conatur
598 2452 741 2544 habea-Q
765 2453 850 2547 quod
868 2467 1001 2550 propter
1017 2452 1203 2527 huiusmodi
1224 2453 1406 2528 discordias

272 2551 373 2622 variis
390 2548 647 2623 tribulationibus
672 2562 705 2622 et
727 2555 849 2646 rapinis
874 2563 908 2623 et
934 2550 1067 2624 cedibus
1093 2551 1307 2646 deprimitur,
1332 2574 1407 2624 nam

273 2657 348 2718 ante
366 2645 426 2720 sub
443 2651 606 2741 regimine
624 2647 760 2744 Ruperti
775 2653 868 2742 regis
884 2649 991 2723 luerat
1007 2653 1040 2722 in
1058 2652 1177 2744 quiete.

320 2742 446 2816 Eodem
464 2768 551 2818 anno
568 2745 723 2818 videlicet
739 2745 858 2820 iubdeo
876 2747 918 2819 de
936 2770 1053 2820 mense
1070 2745 1249 2842 septembri
1266 2744 1408 2821 obside-

271 2850 323 2910 tur
339 2844 456 2916 civitas
472 2843 692 2918 Bonomensis
709 2866 785 2916 eum
801 2867 923 2939 magna
948 2847 1091 2941 potentm
1109 2857 1325 2940 pergentem
1343 2845 1409 2916 do-
1485 2935 1486 2940 Ἰ

271 2941 348 3008 mini
372 2961 459 3034 pape
488 2940 622 3036 predicti
634 2995 645 3032 a
670 2952 704 3013 et
726 2945 842 3018 civitas
870 2965 909 3017 se
932 2942 1061 3016 tradidit
1086 2942 1127 3014 ad
1145 2965 1263 3018 manus
1285 2941 1407 3016 domiui
1485 2943 1486 2976 ¹

271 3032 543 3129 blediolonensis5
560 3050 594 3111 et
611 3049 696 3112 totus
714 3043 884 3115 comitatus
902 3045 1053 3132 caristia,
1076 3040 1228 3114 incendio
1252 3052 1288 3112 et
1311 3040 1408 3112 cedi-

270 3130 332 3206 bus
349 3139 499 3226 graviter
515 3135 714 3210 devastatur.
766 3138 808 3210 Et
820 3143 874 3218 sic
888 3141 972 3233 perit
990 3137 1130 3212 studium
1147 3136 1279 3210 ibidem.

319 3232 420 3305 Anno
437 3233 558 3306 domini
578 3237 793 3308 mmcxlvii.
820 3237 1003 3332 pestilentia
1031 3247 1066 3308 at
1089 3259 1178 3310 mors
1202 3237 1409 3310 universalis

270 3328 402 3402 humani
429 3334 565 3424 generis
594 3342 680 3404 taum
707 3335 862 3425 invaluit,
890 3335 994 3428 qualis
1022 3355 1165 3428 unquam
1197 3331 1311 3407 audita
1352 3335 1408 3408 val

154 3471 158 3476 -
270 3430 389 3522 scripta
406 3433 578 3524 reperitur.
622 3427 706 3501 Nam
721 3435 825 3526 primo
843 3434 876 3504 in
906 3431 1049 3527 partibus
1073 3431 1295 3506 murmanus
1321 3435 1410 3506 inter

269 3545 420 3617 paganos
436 3529 567 3620 incepit,
585 3537 700 3600 ettam
718 3532 847 3622 gravia
864 3527 1089 3621 utdicebatur,
1107 3528 1194 3626 quod
1204 3523 1247 3600 ad
1263 3529 1410 3603 ducenta

269 3623 384 3694 millia²
402 3623 481 3696 ville
498 3627 647 3699 civitates
665 3623 790 3722 absque
806 3625 989 3702 hominibus
1006 3636 1226 3700 remanerent.
1260 3627 1409 3700 Demum

269 3724 457 3813 serpentino
475 3718 571 3794 modo
582 3721 792 3814 gradiebatur
808 3747 853 3797 ex
870 3727 930 3800 ista
942 3737 1035 3820 parte
1047 3729 1156 3798 maris.
1182 3723 1268 3797 Nam
1280 3726 1410 3796 Vene-

268 3820 333 3907 tiis,
351 3821 383 3889 in
403 3827 469 3889 tota
487 3817 578 3890 ltalia
603 3829 637 3890 et
660 3820 852 3914 amuleta,
876 3826 1019 3895 mumma
1045 3827 1076 3894 in
1101 3821 1286 3896 civitatibus
1312 3827 1406 3896 tauta

268 3937 360 3986 utare
383 3919 465 4005 sitis,
484 3915 631 3992 homines
649 3920 721 3991 sine
739 3942 876 3992 numero
893 3918 1122 3994 moriebantur.
1160 3919 1202 3992 Et
1218 3921 1405 3992 Aviniono.

323 4089 352 4158 1)
372 4091 494 4148 offenbur
513 4093 578 4147 lehlt
595 4093 653 4148 bier
672 4093 715 4148 dia
733 4095 877 4166 nacbricht,
896 4097 959 4152 dass
985 4097 1032 4154 dar
1056 4095 1135 4170 pabst
1158 4097 1236 4152 einen
1262 4095 1399 4164 vorgleiclr

269 4161 402 4217 nwiscben
423 4164 481 4218 dem
502 4163 601 4231 lrdnige
620 4181 673 4218 von
693 4167 801 4236 ngarn
821 4169 875 4222 und
895 4168 1009 4238 lauda-'ig
1032 4185 1085 4224 von
1112 4169 1209 4223 Tacent
1232 4167 1396 4222 venitote,

268 4233 300 4300 2)
319 4233 410 4288 hieran
428 4234 463 4289 ist
481 4235 506 4289 in
527 4235 637 4290 Frebecs
658 4237 776 4306 ausgabe
796 4238 929 4296 bemcrlrt:
950 4241 1026 4296 deest
1046 4238 1104 4296 sinc
1123 4239 1205 4296 dubio
1225 4253 1357 4312 passuum.
