<?xml version="1.0" encoding="UTF-8"?>
<!DOCTYPE html PUBLIC "-//W3C//DTD XHTML 1.0 Transitional//EN"
    "http://www.w3.org/TR/xhtml1/DTD/xhtml1-transitional.dtd">
<html xmlns="http://www.w3.org/1999/xhtml" xml:lang="en" lang="en">
 <head>
  <title>
</title>
<meta http-equiv="Content-Type" content="text/html;charset=utf-8" />
  <meta name='ocr-system' content='tesseract 3.04.00' />
  <meta name='ocr-capabilities' content='ocr_page ocr_carea ocr_par ocr_line ocrx_word'/>
</head>
<body>
  <div class='ocr_page' id='page_1' title='image "./fontesrerumgerm01hubegoog_0340.png"; bbox 0 0 2900 4820; ppageno 0'>
   <div class='ocr_carea' id='block_1_1' title="bbox 437 215 1261 298">
    <p class='ocr_par' dir='ltr' id='par_1_1' title="bbox 437 215 1261 298">
     <span class='ocr_line' id='line_1_1' title="bbox 437 215 1261 298; baseline 0.013 -24"><span class='ocrx_word' id='word_1_1' title='bbox 437 215 602 276; x_wconf 76' lang='lat' dir='ltr'><strong>blAl&#39;l&#39;lllAS</strong></span> <span class='ocrx_word' id='word_1_2' title='bbox 619 215 960 276; x_wconf 75' lang='lat' dir='ltr'><strong>ncswcttattnosnsts.</strong></span> <span class='ocrx_word' id='word_1_3' title='bbox 1188 220 1261 298; x_wconf 78' lang='grc'><strong>263</strong></span> 
     </span>
    </p>
   </div>
   <div class='ocr_carea' id='block_1_2' title="bbox 134 389 1346 508">
    <p class='ocr_par' dir='ltr' id='par_1_2' title="bbox 134 389 1346 508">
     <span class='ocr_line' id='line_1_2' title="bbox 134 389 1346 508; baseline -0.003 -38"><span class='ocrx_word' id='word_1_4' title='bbox 134 395 281 470; x_wconf 83' lang='lat' dir='ltr'><strong>liciorum</strong></span> <span class='ocrx_word' id='word_1_5' title='bbox 299 413 424 484; x_wconf 80' lang='lat' dir='ltr'><strong>genera</strong></span> <span class='ocrx_word' id='word_1_6' title='bbox 443 393 660 484; x_wconf 83' lang='lat' dir='ltr'><strong>commisisse,</strong></span> <span class='ocrx_word' id='word_1_7' title='bbox 685 391 809 466; x_wconf 86' lang='lat' dir='ltr'><strong>seilicet</strong></span> <span class='ocrx_word' id='word_1_8' title='bbox 825 394 858 464; x_wconf 89' lang='lat' dir='ltr'><strong>in</strong></span> <span class='ocrx_word' id='word_1_9' title='bbox 875 392 1058 508; x_wconf 70' lang='lat' dir='ltr'><strong>Hpspaniu,</strong></span> <span class='ocrx_word' id='word_1_10' title='bbox 1066 389 1184 468; x_wconf 81' lang='lat' dir='ltr'><strong>babitu</strong></span> <span class='ocrx_word' id='word_1_11' title='bbox 1200 415 1262 492; x_wconf 82' lang='lat' dir='ltr'><strong>per</strong></span> <span class='ocrx_word' id='word_1_12' title='bbox 1275 407 1346 466; x_wconf 81' lang='lat' dir='ltr'><strong>rats</strong></span> 
     </span>
    </p>
   </div>
   <div class='ocr_carea' id='block_1_3' title="bbox 127 489 1263 3226">
    <p class='ocr_par' dir='ltr' id='par_1_3' title="bbox 127 489 1263 3226">
     <span class='ocr_line' id='line_1_3' title="bbox 135 489 1260 584; baseline 0.002 -18"><span class='ocrx_word' id='word_1_13' title='bbox 135 515 195 566; x_wconf 90' lang='lat' dir='ltr'><strong>eos</strong></span> <span class='ocrx_word' id='word_1_14' title='bbox 213 489 335 564; x_wconf 86' lang='lat' dir='ltr'><strong>dudum</strong></span> <span class='ocrx_word' id='word_1_15' title='bbox 359 490 506 580; x_wconf 90' lang='lat' dir='ltr'><strong>consilio,</strong></span> <span class='ocrx_word' id='word_1_16' title='bbox 530 489 572 561; x_wconf 92' lang='lat' dir='ltr'><strong>de</strong></span> <span class='ocrx_word' id='word_1_17' title='bbox 590 491 760 564; x_wconf 84' lang='lat' dir='ltr'><strong>venaliciis</strong></span> <span class='ocrx_word' id='word_1_18' title='bbox 785 513 998 584; x_wconf 87' lang='lat' dir='ltr'><strong>eonvemssa,</strong></span> <span class='ocrx_word' id='word_1_19' title='bbox 1021 493 1101 564; x_wconf 89' lang='lat' dir='ltr'><strong>item</strong></span> <span class='ocrx_word' id='word_1_20' title='bbox 1117 490 1159 565; x_wconf 91' lang='lat' dir='ltr'><strong>da</strong></span> <span class='ocrx_word' id='word_1_21' title='bbox 1175 516 1260 568; x_wconf 90' lang='lat' dir='ltr'><strong>neca</strong></span> 
     </span>
     <span class='ocr_line' id='line_1_4' title="bbox 133 587 1260 684; baseline 0 -20"><span class='ocrx_word' id='word_1_22' title='bbox 133 593 309 664; x_wconf 75' lang='lat' dir='ltr'><strong>multorum</strong></span> <span class='ocrx_word' id='word_1_23' title='bbox 332 611 521 684; x_wconf 86' lang='lat' dir='ltr'><strong>puerorum,</strong></span> <span class='ocrx_word' id='word_1_24' title='bbox 545 587 587 659; x_wconf 89' lang='lat' dir='ltr'><strong>de</strong></span> <span class='ocrx_word' id='word_1_25' title='bbox 604 589 695 664; x_wconf 83' lang='lat' dir='ltr'><strong>salsis</strong></span> <span class='ocrx_word' id='word_1_26' title='bbox 720 590 835 662; x_wconf 87' lang='lat' dir='ltr'><strong>litteris</strong></span> <span class='ocrx_word' id='word_1_27' title='bbox 853 598 888 661; x_wconf 89' lang='lat' dir='ltr'><strong>et</strong></span> <span class='ocrx_word' id='word_1_28' title='bbox 903 593 1116 683; x_wconf 86' lang='lat' dir='ltr'><strong>corrupcioue</strong></span> <span class='ocrx_word' id='word_1_29' title='bbox 1137 613 1260 664; x_wconf 86' lang='lat' dir='ltr'><strong>moue-</strong></span> 
     </span>
     <span class='ocr_line' id='line_1_5' title="bbox 133 684 1259 782; baseline 0.002 -20"><span class='ocrx_word' id='word_1_30' title='bbox 133 701 252 777; x_wconf 88' lang='lat' dir='ltr'><strong>tarum,</strong></span> <span class='ocrx_word' id='word_1_31' title='bbox 275 686 368 760; x_wconf 79' lang='lat' dir='ltr'><strong>furtis</strong></span> <span class='ocrx_word' id='word_1_32' title='bbox 387 699 420 761; x_wconf 89' lang='lat' dir='ltr'><strong>et</strong></span> <span class='ocrx_word' id='word_1_33' title='bbox 437 688 510 760; x_wconf 90' lang='lat' dir='ltr'><strong>aliis</strong></span> <span class='ocrx_word' id='word_1_34' title='bbox 526 689 647 777; x_wconf 87' lang='lat' dir='ltr'><strong>multis,</strong></span> <span class='ocrx_word' id='word_1_35' title='bbox 673 710 737 782; x_wconf 86' lang='lat' dir='ltr'><strong>quc</strong></span> <span class='ocrx_word' id='word_1_36' title='bbox 759 684 969 759; x_wconf 90' lang='lat' dir='ltr'><strong>ollendebant</strong></span> <span class='ocrx_word' id='word_1_37' title='bbox 985 689 1131 760; x_wconf 77' lang='lat' dir='ltr'><strong>altissimi</strong></span> <span class='ocrx_word' id='word_1_38' title='bbox 1149 692 1259 764; x_wconf 86' lang='lat' dir='ltr'><strong>maie·</strong></span> 
     </span>
     <span class='ocr_line' id='line_1_6' title="bbox 133 783 1261 880; baseline 0.002 -20"><span class='ocrx_word' id='word_1_39' title='bbox 133 797 262 860; x_wconf 87' lang='lat' dir='ltr'><strong>statem.</strong></span> <span class='ocrx_word' id='word_1_40' title='bbox 289 785 400 880; x_wconf 83' lang='lat' dir='ltr'><strong>Aliqui</strong></span> <span class='ocrx_word' id='word_1_41' title='bbox 424 795 533 856; x_wconf 88' lang='lat' dir='ltr'><strong>autem</strong></span> <span class='ocrx_word' id='word_1_42' title='bbox 550 787 749 877; x_wconf 85' lang='lat' dir='ltr'><strong>Argentine,</strong></span> <span class='ocrx_word' id='word_1_43' title='bbox 773 795 809 858; x_wconf 93' lang='lat' dir='ltr'><strong>ut</strong></span> <span class='ocrx_word' id='word_1_44' title='bbox 831 783 1002 857; x_wconf 89' lang='lat' dir='ltr'><strong>sedaretur</strong></span> <span class='ocrx_word' id='word_1_45' title='bbox 1026 784 1161 878; x_wconf 90' lang='lat' dir='ltr'><strong>clamor,</strong></span> <span class='ocrx_word' id='word_1_46' title='bbox 1185 800 1261 862; x_wconf 90' lang='lat' dir='ltr'><strong>sunt</strong></span> 
     </span>
     <span class='ocr_line' id='line_1_7' title="bbox 132 886 1259 980; baseline 0.004 -24"><span class='ocrx_word' id='word_1_47' title='bbox 132 886 229 980; x_wconf 86' lang='lat' dir='ltr'><strong>positi</strong></span> <span class='ocrx_word' id='word_1_48' title='bbox 253 905 354 977; x_wconf 89' lang='lat' dir='ltr'><strong>super</strong></span> <span class='ocrx_word' id='word_1_49' title='bbox 373 887 453 956; x_wconf 83' lang='lat' dir='ltr'><strong>rotis</strong></span> <span class='ocrx_word' id='word_1_50' title='bbox 477 887 649 978; x_wconf 77' lang='lat' dir='ltr'><strong>statimque</strong></span> <span class='ocrx_word' id='word_1_51' title='bbox 672 886 792 972; x_wconf 87' lang='lat' dir='ltr'><strong>necati,</strong></span> <span class='ocrx_word' id='word_1_52' title='bbox 815 905 858 954; x_wconf 92' lang='lat' dir='ltr'><strong>na</strong></span> <span class='ocrx_word' id='word_1_53' title='bbox 877 905 977 978; x_wconf 91' lang='lat' dir='ltr'><strong>super</strong></span> <span class='ocrx_word' id='word_1_54' title='bbox 993 889 1084 955; x_wconf 90' lang='lat' dir='ltr'><strong>reos¹</strong></span> <span class='ocrx_word' id='word_1_55' title='bbox 1104 887 1259 962; x_wconf 86' lang='lat' dir='ltr'><strong>viventes</strong></span> 
     </span>
     <span class='ocr_line' id='line_1_8' title="bbox 133 981 1259 1082; baseline 0.004 -28"><span class='ocrx_word' id='word_1_56' title='bbox 133 981 209 1082; x_wconf 90' lang='lat' dir='ltr'><strong>quid</strong></span> <span class='ocrx_word' id='word_1_57' title='bbox 227 981 337 1054; x_wconf 78' lang='lat' dir='ltr'><strong>dicere</strong></span> <span class='ocrx_word' id='word_1_58' title='bbox 354 989 499 1075; x_wconf 79' lang='lat' dir='ltr'><strong>possent.</strong></span> <span class='ocrx_word' id='word_1_59' title='bbox 525 981 580 1053; x_wconf 85' lang='lat' dir='ltr'><strong>Ex</strong></span> <span class='ocrx_word' id='word_1_60' title='bbox 604 1003 667 1076; x_wconf 94' lang='lat' dir='ltr'><strong>quo</strong></span> <span class='ocrx_word' id='word_1_61' title='bbox 691 991 802 1052; x_wconf 89' lang='lat' dir='ltr'><strong>contra</strong></span> <span class='ocrx_word' id='word_1_62' title='bbox 824 984 965 1054; x_wconf 89' lang='lat' dir='ltr'><strong>maiores</strong></span> <span class='ocrx_word' id='word_1_63' title='bbox 990 984 1093 1052; x_wconf 89' lang='lat' dir='ltr'><strong>maior</strong></span> <span class='ocrx_word' id='word_1_64' title='bbox 1116 987 1259 1077; x_wconf 89' lang='lat' dir='ltr'><strong>suspicio</strong></span> 
     </span>
     <span class='ocr_line' id='line_1_9' title="bbox 132 1078 1259 1174; baseline 0.001 -21"><span class='ocrx_word' id='word_1_65' title='bbox 132 1090 185 1153; x_wconf 86' lang='lat' dir='ltr'><strong>est</strong></span> <span class='ocrx_word' id='word_1_66' title='bbox 196 1078 340 1152; x_wconf 87' lang='lat' dir='ltr'><strong>suborta.</strong></span> <span class='ocrx_word' id='word_1_67' title='bbox 351 1078 471 1152; x_wconf 90' lang='lat' dir='ltr'><strong>Factus</strong></span> <span class='ocrx_word' id='word_1_68' title='bbox 484 1091 535 1152; x_wconf 90' lang='lat' dir='ltr'><strong>est</strong></span> <span class='ocrx_word' id='word_1_69' title='bbox 546 1090 655 1152; x_wconf 86' lang='lat' dir='ltr'><strong>autern</strong></span> <span class='ocrx_word' id='word_1_70' title='bbox 667 1099 804 1168; x_wconf 84' lang='lat' dir='ltr'><strong>exesus,</strong></span> <span class='ocrx_word' id='word_1_71' title='bbox 815 1088 948 1174; x_wconf 90' lang='lat' dir='ltr'><strong>propter</strong></span> <span class='ocrx_word' id='word_1_72' title='bbox 957 1081 1141 1174; x_wconf 87' lang='lat' dir='ltr'><strong>potenciam</strong></span> <span class='ocrx_word' id='word_1_73' title='bbox 1152 1103 1259 1172; x_wconf 87' lang='lat' dir='ltr'><strong>suam,</strong></span> 
     </span>
     <span class='ocr_line' id='line_1_10' title="bbox 130 1175 1261 1272; baseline 0.004 -22"><span class='ocrx_word' id='word_1_74' title='bbox 130 1179 249 1250; x_wconf 90' lang='lat' dir='ltr'><strong>Petrus</strong></span> <span class='ocrx_word' id='word_1_75' title='bbox 267 1179 427 1269; x_wconf 81' lang='lat' dir='ltr'><strong>magister</strong></span> <span class='ocrx_word' id='word_1_76' title='bbox 442 1176 608 1271; x_wconf 86' lang='lat' dir='ltr'><strong>predictus</strong></span> <span class='ocrx_word' id='word_1_77' title='bbox 627 1177 884 1268; x_wconf 81' lang='lat' dir='ltr'><strong>Argentinensis</strong></span> <span class='ocrx_word' id='word_1_78' title='bbox 902 1185 967 1248; x_wconf 91' lang='lat' dir='ltr'><strong>tam</strong></span> <span class='ocrx_word' id='word_1_79' title='bbox 983 1175 1144 1250; x_wconf 88' lang='lat' dir='ltr'><strong>nobilibus</strong></span> <span class='ocrx_word' id='word_1_80' title='bbox 1163 1201 1261 1272; x_wconf 86' lang='lat' dir='ltr'><strong>quam</strong></span> 
     </span>
     <span class='ocr_line' id='line_1_11' title="bbox 129 1273 1260 1371; baseline 0 -23"><span class='ocrx_word' id='word_1_81' title='bbox 129 1274 269 1370; x_wconf 89' lang='lat' dir='ltr'><strong>plebeis.</strong></span> <span class='ocrx_word' id='word_1_82' title='bbox 295 1275 338 1346; x_wconf 88' lang='lat' dir='ltr'><strong>Et</strong></span> <span class='ocrx_word' id='word_1_83' title='bbox 353 1275 529 1346; x_wconf 83' lang='lat' dir='ltr'><strong>reformata</strong></span> <span class='ocrx_word' id='word_1_84' title='bbox 548 1286 599 1347; x_wconf 91' lang='lat' dir='ltr'><strong>est</strong></span> <span class='ocrx_word' id='word_1_85' title='bbox 622 1274 702 1346; x_wconf 90' lang='lat' dir='ltr'><strong>dura</strong></span> <span class='ocrx_word' id='word_1_86' title='bbox 727 1273 893 1346; x_wconf 88' lang='lat' dir='ltr'><strong>discencio</strong></span> <span class='ocrx_word' id='word_1_87' title='bbox 909 1275 1092 1366; x_wconf 88' lang='lat' dir='ltr'><strong>meliorum,</strong></span> <span class='ocrx_word' id='word_1_88' title='bbox 1117 1280 1260 1371; x_wconf 87' lang='lat' dir='ltr'><strong>cupien-</strong></span> 
     </span>
     <span class='ocr_line' id='line_1_12' title="bbox 130 1369 1261 1468; baseline 0 -22"><span class='ocrx_word' id='word_1_89' title='bbox 130 1379 218 1446; x_wconf 93' lang='lat' dir='ltr'><strong>cium</strong></span> <span class='ocrx_word' id='word_1_90' title='bbox 241 1371 364 1444; x_wconf 89' lang='lat' dir='ltr'><strong>babere</strong></span> <span class='ocrx_word' id='word_1_91' title='bbox 388 1382 525 1466; x_wconf 91' lang='lat' dir='ltr'><strong>quatuor</strong></span> <span class='ocrx_word' id='word_1_92' title='bbox 547 1376 737 1464; x_wconf 64' lang='lat' dir='ltr'><strong>magistros</strong></span> <span class='ocrx_word' id='word_1_93' title='bbox 761 1369 936 1465; x_wconf 91' lang='lat' dir='ltr'><strong>quemlibet</strong></span> <span class='ocrx_word' id='word_1_94' title='bbox 958 1395 1018 1466; x_wconf 89' lang='lat' dir='ltr'><strong>per</strong></span> <span class='ocrx_word' id='word_1_95' title='bbox 1035 1383 1161 1468; x_wconf 87' lang='lat' dir='ltr'><strong>partem</strong></span> <span class='ocrx_word' id='word_1_96' title='bbox 1184 1376 1261 1446; x_wconf 88' lang='lat' dir='ltr'><strong>anui</strong></span> 
     </span>
     <span class='ocr_line' id='line_1_13' title="bbox 131 1467 1261 1568; baseline 0.001 -25"><span class='ocrx_word' id='word_1_97' title='bbox 131 1482 321 1562; x_wconf 83' lang='lat' dir='ltr'><strong>regentem,</strong></span> <span class='ocrx_word' id='word_1_98' title='bbox 333 1473 595 1544; x_wconf 88' lang='lat' dir='ltr'><strong>sicutservutum</strong></span> <span class='ocrx_word' id='word_1_99' title='bbox 607 1467 708 1542; x_wconf 89' lang='lat' dir='ltr'><strong>estub</strong></span> <span class='ocrx_word' id='word_1_100' title='bbox 720 1473 863 1564; x_wconf 88' lang='lat' dir='ltr'><strong>antiquo,</strong></span> <span class='ocrx_word' id='word_1_101' title='bbox 876 1480 987 1564; x_wconf 86' lang='lat' dir='ltr'><strong>preter</strong></span> <span class='ocrx_word' id='word_1_102' title='bbox 1000 1493 1097 1565; x_wconf 90' lang='lat' dir='ltr'><strong>quam</strong></span> <span class='ocrx_word' id='word_1_103' title='bbox 1108 1483 1261 1568; x_wconf 86' lang='lat' dir='ltr'><strong>septem-</strong></span> 
     </span>
     <span class='ocr_line' id='line_1_14' title="bbox 130 1567 1261 1664; baseline 0.004 -24"><span class='ocrx_word' id='word_1_104' title='bbox 130 1569 239 1640; x_wconf 89' lang='lat' dir='ltr'><strong>decim</strong></span> <span class='ocrx_word' id='word_1_105' title='bbox 256 1572 351 1640; x_wconf 86' lang='lat' dir='ltr'><strong>annis</strong></span> <span class='ocrx_word' id='word_1_106' title='bbox 369 1577 443 1661; x_wconf 88' lang='lat' dir='ltr'><strong>post</strong></span> <span class='ocrx_word' id='word_1_107' title='bbox 459 1567 576 1639; x_wconf 88' lang='lat' dir='ltr'><strong>cedem</strong></span> <span class='ocrx_word' id='word_1_108' title='bbox 593 1589 749 1660; x_wconf 82' lang='lat' dir='ltr'><strong>magnam</strong></span> <span class='ocrx_word' id='word_1_109' title='bbox 765 1570 850 1639; x_wconf 90' lang='lat' dir='ltr'><strong>inter</strong></span> <span class='ocrx_word' id='word_1_110' title='bbox 866 1578 977 1661; x_wconf 89' lang='lat' dir='ltr'><strong>partes</strong></span> <span class='ocrx_word' id='word_1_111' title='bbox 994 1568 1126 1660; x_wconf 75' lang='lat' dir='ltr'><strong>lacum,</strong></span> <span class='ocrx_word' id='word_1_112' title='bbox 1144 1568 1261 1664; x_wconf 90' lang='lat' dir='ltr'><strong>quibus</strong></span> 
     </span>
     <span class='ocr_line' id='line_1_15' title="bbox 131 1663 1260 1761; baseline 0.001 -23"><span class='ocrx_word' id='word_1_113' title='bbox 131 1667 198 1738; x_wconf 94' lang='lat' dir='ltr'><strong>duo</strong></span> <span class='ocrx_word' id='word_1_114' title='bbox 215 1669 364 1758; x_wconf 81' lang='lat' dir='ltr'><strong>magistri</strong></span> <span class='ocrx_word' id='word_1_115' title='bbox 381 1677 415 1737; x_wconf 89' lang='lat' dir='ltr'><strong>et</strong></span> <span class='ocrx_word' id='word_1_116' title='bbox 430 1687 516 1740; x_wconf 89' lang='lat' dir='ltr'><strong>unus</strong></span> <span class='ocrx_word' id='word_1_117' title='bbox 534 1669 693 1756; x_wconf 85' lang='lat' dir='ltr'><strong>magister</strong></span> <span class='ocrx_word' id='word_1_118' title='bbox 716 1663 923 1738; x_wconf 90' lang='lat' dir='ltr'><strong>scabinorum</strong></span> <span class='ocrx_word' id='word_1_119' title='bbox 946 1670 1096 1760; x_wconf 85' lang='lat' dir='ltr'><strong>perpetui</strong></span> <span class='ocrx_word' id='word_1_120' title='bbox 1119 1665 1260 1761; x_wconf 59' lang='lat' dir='ltr'><strong>pressae</strong></span> 
     </span>
     <span class='ocr_line' id='line_1_16' title="bbox 128 1761 1261 1838; baseline 0.002 -2"><span class='ocrx_word' id='word_1_121' title='bbox 128 1775 205 1836; x_wconf 90' lang='lat' dir='ltr'><strong>rant</strong></span> <span class='ocrx_word' id='word_1_122' title='bbox 221 1765 353 1836; x_wconf 73' lang='lat' dir='ltr'><strong>anuo.</strong></span> <span class='ocrx_word' id='word_1_123' title='bbox 379 1765 481 1834; x_wconf 91' lang='lat' dir='ltr'><strong>Anno</strong></span> <span class='ocrx_word' id='word_1_124' title='bbox 504 1773 613 1834; x_wconf 86' lang='lat' dir='ltr'><strong>autem</strong></span> <span class='ocrx_word' id='word_1_125' title='bbox 637 1763 758 1834; x_wconf 78' lang='lat' dir='ltr'><strong>donnini</strong></span> <span class='ocrx_word' id='word_1_126' title='bbox 781 1762 975 1836; x_wconf 85' lang='lat' dir='ltr'><strong>mocoxlix.</strong></span> <span class='ocrx_word' id='word_1_127' title='bbox 1000 1761 1160 1836; x_wconf 88' lang='lat' dir='ltr'><strong>dominica</strong></span> <span class='ocrx_word' id='word_1_128' title='bbox 1184 1774 1261 1838; x_wconf 88' lang='lat' dir='ltr'><strong>ante</strong></span> 
     </span>
     <span class='ocr_line' id='line_1_17' title="bbox 129 1857 1261 1954; baseline 0.001 -21"><span class='ocrx_word' id='word_1_129' title='bbox 129 1863 297 1933; x_wconf 87' lang='lat' dir='ltr'><strong>Valentini</strong></span> <span class='ocrx_word' id='word_1_130' title='bbox 318 1859 395 1954; x_wconf 85' lang='lat' dir='ltr'><strong>[leb.</strong></span> <span class='ocrx_word' id='word_1_131' title='bbox 408 1861 447 1951; x_wconf 87' lang='lat'><strong>8]</strong></span> <span class='ocrx_word' id='word_1_132' title='bbox 467 1857 738 1933; x_wconf 85' lang='lat' dir='ltr'><strong>convenientibus</strong></span> <span class='ocrx_word' id='word_1_133' title='bbox 757 1864 912 1954; x_wconf 79' lang='lat' dir='ltr'><strong>episeopo</strong></span> <span class='ocrx_word' id='word_1_134' title='bbox 924 1872 956 1932; x_wconf 90' lang='lat' dir='ltr'><strong>et</strong></span> <span class='ocrx_word' id='word_1_135' title='bbox 966 1859 1104 1934; x_wconf 91' lang='lat' dir='ltr'><strong>dominis</strong></span> <span class='ocrx_word' id='word_1_136' title='bbox 1116 1861 1261 1953; x_wconf 86' lang='lat' dir='ltr'><strong>Argen-</strong></span> 
     </span>
     <span class='ocr_line' id='line_1_18' title="bbox 131 1956 1261 2051; baseline 0.002 -21"><span class='ocrx_word' id='word_1_137' title='bbox 131 1964 199 2031; x_wconf 89' lang='lat' dir='ltr'><strong>tine</strong></span> <span class='ocrx_word' id='word_1_138' title='bbox 217 1961 250 2030; x_wconf 93' lang='lat' dir='ltr'><strong>in</strong></span> <span class='ocrx_word' id='word_1_139' title='bbox 268 1962 409 2050; x_wconf 86' lang='lat' dir='ltr'><strong>negocio</strong></span> <span class='ocrx_word' id='word_1_140' title='bbox 425 1957 613 2047; x_wconf 91' lang='lat' dir='ltr'><strong>ludeorum,</strong></span> <span class='ocrx_word' id='word_1_141' title='bbox 632 1969 665 2031; x_wconf 90' lang='lat' dir='ltr'><strong>et</strong></span> <span class='ocrx_word' id='word_1_142' title='bbox 682 1961 824 2030; x_wconf 86' lang='lat' dir='ltr'><strong>crastino</strong></span> <span class='ocrx_word' id='word_1_143' title='bbox 841 1956 1050 2030; x_wconf 87' lang='lat' dir='ltr'><strong>venientibus</strong></span> <span class='ocrx_word' id='word_1_144' title='bbox 1068 1956 1261 2051; x_wconf 84' lang='lat' dir='ltr'><strong>quibusdam</strong></span> 
     </span>
     <span class='ocr_line' id='line_1_19' title="bbox 127 2053 1260 2150; baseline -0.001 -21"><span class='ocrx_word' id='word_1_145' title='bbox 127 2053 336 2129; x_wconf 88' lang='lat' dir='ltr'><strong>camilioibus</strong></span> <span class='ocrx_word' id='word_1_146' title='bbox 354 2055 396 2126; x_wconf 92' lang='lat' dir='ltr'><strong>ad</strong></span> <span class='ocrx_word' id='word_1_147' title='bbox 413 2055 546 2128; x_wconf 90' lang='lat' dir='ltr'><strong>domum</strong></span> <span class='ocrx_word' id='word_1_148' title='bbox 556 2057 642 2128; x_wconf 88' lang='lat' dir='ltr'><strong>Petri</strong></span> <span class='ocrx_word' id='word_1_149' title='bbox 659 2055 794 2150; x_wconf 78' lang='lat' dir='ltr'><strong>predicti</strong></span> <span class='ocrx_word' id='word_1_150' title='bbox 808 2066 840 2127; x_wconf 89' lang='lat' dir='ltr'><strong>et</strong></span> <span class='ocrx_word' id='word_1_151' title='bbox 852 2053 1036 2150; x_wconf 89' lang='lat' dir='ltr'><strong>petentibus</strong></span> <span class='ocrx_word' id='word_1_152' title='bbox 1054 2055 1174 2150; x_wconf 89' lang='lat' dir='ltr'><strong>aliquid</strong></span> <span class='ocrx_word' id='word_1_153' title='bbox 1190 2054 1260 2128; x_wconf 84' lang='lat' dir='ltr'><strong>dun&#39;</strong></span> 
     </span>
     <span class='ocr_line' id='line_1_20' title="bbox 129 2152 1260 2249; baseline 0.001 -22"><span class='ocrx_word' id='word_1_154' title='bbox 129 2153 330 2227; x_wconf 87' lang='lat' dir='ltr'><strong>mechanicis</strong></span> <span class='ocrx_word' id='word_1_155' title='bbox 348 2153 390 2224; x_wconf 86' lang='lat' dir='ltr'><strong>de</strong></span> <span class='ocrx_word' id='word_1_156' title='bbox 406 2156 544 2249; x_wconf 91' lang='lat' dir='ltr'><strong>pecunia</strong></span> <span class='ocrx_word' id='word_1_157' title='bbox 561 2152 749 2242; x_wconf 88' lang='lat' dir='ltr'><strong>iudeorum,</strong></span> <span class='ocrx_word' id='word_1_158' title='bbox 766 2153 886 2248; x_wconf 89' lang='lat' dir='ltr'><strong>illoque</strong></span> <span class='ocrx_word' id='word_1_159' title='bbox 904 2162 1066 2225; x_wconf 89' lang='lat' dir='ltr'><strong>commoto</strong></span> <span class='ocrx_word' id='word_1_160' title='bbox 1084 2164 1117 2225; x_wconf 90' lang='lat' dir='ltr'><strong>et</strong></span> <span class='ocrx_word' id='word_1_161' title='bbox 1134 2154 1260 2248; x_wconf 91' lang='lat' dir='ltr'><strong>aliquos</strong></span> 
     </span>
     <span class='ocr_line' id='line_1_21' title="bbox 128 2251 1261 2344; baseline 0 -20"><span class='ocrx_word' id='word_1_162' title='bbox 128 2257 162 2326; x_wconf 94' lang='lat' dir='ltr'><strong>in</strong></span> <span class='ocrx_word' id='word_1_163' title='bbox 181 2254 270 2324; x_wconf 89' lang='lat' dir='ltr'><strong>curia</strong></span> <span class='ocrx_word' id='word_1_164' title='bbox 288 2252 432 2322; x_wconf 88' lang='lat' dir='ltr'><strong>retinere</strong></span> <span class='ocrx_word' id='word_1_165' title='bbox 443 2251 590 2339; x_wconf 79' lang='lat' dir='ltr'><strong>volente,</strong></span> <span class='ocrx_word' id='word_1_166' title='bbox 611 2251 655 2322; x_wconf 92' lang='lat' dir='ltr'><strong>illi</strong></span> <span class='ocrx_word' id='word_1_167' title='bbox 673 2261 812 2344; x_wconf 84' lang='lat' dir='ltr'><strong>excepto</strong></span> <span class='ocrx_word' id='word_1_168' title='bbox 829 2253 941 2322; x_wconf 86' lang='lat' dir='ltr'><strong>anovi</strong></span> <span class='ocrx_word' id='word_1_169' title='bbox 959 2261 1035 2322; x_wconf 90' lang='lat' dir='ltr'><strong>sunt</strong></span> <span class='ocrx_word' id='word_1_170' title='bbox 1051 2253 1185 2342; x_wconf 82' lang='lat' dir='ltr'><strong>egressi</strong></span> <span class='ocrx_word' id='word_1_171' title='bbox 1200 2274 1261 2344; x_wconf 89' lang='lat' dir='ltr'><strong>per</strong></span> 
     </span>
     <span class='ocr_line' id='line_1_22' title="bbox 127 2345 1261 2441; baseline -0.002 -19"><span class='ocrx_word' id='word_1_172' title='bbox 127 2353 224 2422; x_wconf 89' lang='lat' dir='ltr'><strong>vicos</strong></span> <span class='ocrx_word' id='word_1_173' title='bbox 243 2350 440 2422; x_wconf 86' lang='lat' dir='ltr'><strong>clamantes:</strong></span> <span class='ocrx_word' id='word_1_174' title='bbox 459 2351 512 2420; x_wconf 84' lang='lat' dir='ltr'><strong>Ad</strong></span> <span class='ocrx_word' id='word_1_175' title='bbox 526 2351 644 2420; x_wconf 84' lang='lat' dir='ltr'><strong>ormo!</strong></span> <span class='ocrx_word' id='word_1_176' title='bbox 661 2349 899 2441; x_wconf 80' lang='lat' dir='ltr'><strong>veneruntque</strong></span> <span class='ocrx_word' id='word_1_177' title='bbox 916 2345 1097 2420; x_wconf 78' lang='lat' dir='ltr'><strong>mechanici</strong></span> <span class='ocrx_word' id='word_1_178' title='bbox 1111 2345 1261 2420; x_wconf 90' lang='lat' dir='ltr'><strong>cumba-</strong></span> 
     </span>
     <span class='ocr_line' id='line_1_23' title="bbox 127 2443 1262 2540; baseline -0.001 -21"><span class='ocrx_word' id='word_1_179' title='bbox 127 2449 232 2519; x_wconf 88' lang='lat' dir='ltr'><strong>neriis</strong></span> <span class='ocrx_word' id='word_1_180' title='bbox 256 2456 333 2518; x_wconf 90' lang='lat' dir='ltr'><strong>ante</strong></span> <span class='ocrx_word' id='word_1_181' title='bbox 357 2447 534 2520; x_wconf 87' lang='lat' dir='ltr'><strong>ecclesiam</strong></span> <span class='ocrx_word' id='word_1_182' title='bbox 558 2450 725 2518; x_wconf 89' lang='lat' dir='ltr'><strong>maiorem.</strong></span> <span class='ocrx_word' id='word_1_183' title='bbox 757 2446 951 2540; x_wconf 85' lang='lat' dir='ltr'><strong>Armatique</strong></span> <span class='ocrx_word' id='word_1_184' title='bbox 974 2453 1051 2520; x_wconf 85' lang='lat' dir='ltr'><strong>sunt</strong></span> <span class='ocrx_word' id='word_1_185' title='bbox 1076 2443 1204 2516; x_wconf 88' lang='lat' dir='ltr'><strong>nobiles</strong></span> <span class='ocrx_word' id='word_1_186' title='bbox 1228 2455 1262 2518; x_wconf 90' lang='lat' dir='ltr'><strong>et</strong></span> 
     </span>
     <span class='ocr_line' id='line_1_24' title="bbox 129 2541 1261 2638; baseline -0.003 -21"><span class='ocrx_word' id='word_1_187' title='bbox 129 2567 247 2617; x_wconf 90' lang='lat' dir='ltr'><strong>eorum</strong></span> <span class='ocrx_word' id='word_1_188' title='bbox 265 2544 421 2616; x_wconf 80' lang='lat' dir='ltr'><strong>fautores</strong></span> <span class='ocrx_word' id='word_1_189' title='bbox 441 2543 589 2638; x_wconf 87' lang='lat' dir='ltr'><strong>Cumque</strong></span> <span class='ocrx_word' id='word_1_190' title='bbox 605 2545 699 2638; x_wconf 91' lang='lat' dir='ltr'><strong>plura</strong></span> <span class='ocrx_word' id='word_1_191' title='bbox 716 2542 851 2615; x_wconf 90' lang='lat' dir='ltr'><strong>baneriu</strong></span> <span class='ocrx_word' id='word_1_192' title='bbox 867 2541 987 2614; x_wconf 83' lang='lat' dir='ltr'><strong>fuerint</strong></span> <span class='ocrx_word' id='word_1_193' title='bbox 998 2565 1071 2615; x_wconf 92' lang='lat' dir='ltr'><strong>cum</strong></span> <span class='ocrx_word' id='word_1_194' title='bbox 1088 2544 1261 2634; x_wconf 82' lang='lat' dir='ltr'><strong>magistro,</strong></span> 
     </span>
     <span class='ocr_line' id='line_1_25' title="bbox 129 2638 1261 2738; baseline -0.001 -24"><span class='ocrx_word' id='word_1_195' title='bbox 129 2647 203 2738; x_wconf 87' lang='lat' dir='ltr'><strong>ipsa</strong></span> <span class='ocrx_word' id='word_1_196' title='bbox 221 2645 353 2714; x_wconf 88' lang='lat' dir='ltr'><strong>territus</strong></span> <span class='ocrx_word' id='word_1_197' title='bbox 371 2664 486 2714; x_wconf 90' lang='lat' dir='ltr'><strong>omnes</strong></span> <span class='ocrx_word' id='word_1_198' title='bbox 505 2641 546 2712; x_wconf 90' lang='lat' dir='ltr'><strong>ad</strong></span> <span class='ocrx_word' id='word_1_199' title='bbox 563 2641 707 2736; x_wconf 90' lang='lat' dir='ltr'><strong>hospicia</strong></span> <span class='ocrx_word' id='word_1_200' title='bbox 726 2639 835 2712; x_wconf 89' lang='lat' dir='ltr'><strong>redire</strong></span> <span class='ocrx_word' id='word_1_201' title='bbox 853 2641 1037 2728; x_wconf 82' lang='lat' dir='ltr'><strong>mandavit3</strong></span> <span class='ocrx_word' id='word_1_202' title='bbox 1055 2638 1261 2712; x_wconf 89' lang='lat' dir='ltr'><strong>manentibus</strong></span> 
     </span>
     <span class='ocr_line' id='line_1_26' title="bbox 129 2735 1261 2832; baseline -0.002 -20"><span class='ocrx_word' id='word_1_203' title='bbox 129 2751 241 2812; x_wconf 80' lang='lat' dir='ltr'><strong>autmn</strong></span> <span class='ocrx_word' id='word_1_204' title='bbox 259 2737 464 2812; x_wconf 88' lang='lat' dir='ltr'><strong>carnificibus</strong></span> <span class='ocrx_word' id='word_1_205' title='bbox 477 2738 705 2811; x_wconf 84' lang='lat' dir='ltr'><strong>attinentibus</strong></span> <span class='ocrx_word' id='word_1_206' title='bbox 717 2761 755 2812; x_wconf 89' lang='lat' dir='ltr'><strong>se</strong></span> <span class='ocrx_word' id='word_1_207' title='bbox 765 2735 904 2828; x_wconf 89' lang='lat' dir='ltr'><strong>banniri,</strong></span> <span class='ocrx_word' id='word_1_208' title='bbox 921 2739 984 2812; x_wconf 85' lang='lat' dir='ltr'><strong>illis</strong></span> <span class='ocrx_word' id='word_1_209' title='bbox 995 2739 1089 2832; x_wconf 90' lang='lat' dir='ltr'><strong>primi</strong></span> <span class='ocrx_word' id='word_1_210' title='bbox 1101 2737 1261 2832; x_wconf 85' lang='lat' dir='ltr'><strong>pellifices</strong></span> 
     </span>
     <span class='ocr_line' id='line_1_27' title="bbox 130 2834 1262 2930; baseline 0 -22"><span class='ocrx_word' id='word_1_211' title='bbox 130 2841 314 2910; x_wconf 78' lang='lat' dir='ltr'><strong>astiterant.</strong></span> <span class='ocrx_word' id='word_1_212' title='bbox 341 2837 458 2910; x_wconf 90' lang='lat' dir='ltr'><strong>Relato</strong></span> <span class='ocrx_word' id='word_1_213' title='bbox 483 2847 592 2909; x_wconf 88' lang='lat' dir='ltr'><strong>autem</strong></span> <span class='ocrx_word' id='word_1_214' title='bbox 609 2837 681 2910; x_wconf 87' lang='lat' dir='ltr'><strong>aliis</strong></span> <span class='ocrx_word' id='word_1_215' title='bbox 705 2834 845 2930; x_wconf 84' lang='lat' dir='ltr'><strong>plebeis,</strong></span> <span class='ocrx_word' id='word_1_216' title='bbox 870 2840 922 2930; x_wconf 92' lang='lat' dir='ltr'><strong>qui</strong></span> <span class='ocrx_word' id='word_1_217' title='bbox 939 2835 1164 2925; x_wconf 87' lang='lat' dir='ltr'><strong>recesserant,</strong></span> <span class='ocrx_word' id='word_1_218' title='bbox 1188 2835 1262 2908; x_wconf 90' lang='lat' dir='ltr'><strong>illos</strong></span> 
     </span>
     <span class='ocr_line' id='line_1_28' title="bbox 130 2931 1263 3025; baseline -0.004 -19"><span class='ocrx_word' id='word_1_219' title='bbox 130 2938 310 3024; x_wconf 89' lang='lat' dir='ltr'><strong>mansisse,</strong></span> <span class='ocrx_word' id='word_1_220' title='bbox 334 2935 419 3006; x_wconf 90' lang='lat' dir='ltr'><strong>illico</strong></span> <span class='ocrx_word' id='word_1_221' title='bbox 439 2945 515 3008; x_wconf 94' lang='lat' dir='ltr'><strong>sunt</strong></span> <span class='ocrx_word' id='word_1_222' title='bbox 535 2937 680 3025; x_wconf 90' lang='lat' dir='ltr'><strong>reversi,</strong></span> <span class='ocrx_word' id='word_1_223' title='bbox 704 2931 909 3008; x_wconf 78' lang='lat' dir='ltr'><strong>caudicibus</strong></span> <span class='ocrx_word' id='word_1_224' title='bbox 927 2936 1132 3006; x_wconf 85' lang='lat' dir='ltr'><strong>assistentes.</strong></span> <span class='ocrx_word' id='word_1_225' title='bbox 1158 2931 1263 3006; x_wconf 87' lang='lat' dir='ltr'><strong>Mau-.-</strong></span> 
     </span>
     <span class='ocr_line' id='line_1_29' title="bbox 130 3027 1262 3126; baseline -0.002 -22"><span class='ocrx_word' id='word_1_226' title='bbox 130 3031 283 3106; x_wconf 90' lang='lat' dir='ltr'><strong>dautibus</strong></span> <span class='ocrx_word' id='word_1_227' title='bbox 308 3041 417 3104; x_wconf 88' lang='lat' dir='ltr'><strong>autern</strong></span> <span class='ocrx_word' id='word_1_228' title='bbox 441 3034 607 3125; x_wconf 84' lang='lat' dir='ltr'><strong>magistris</strong></span> <span class='ocrx_word' id='word_1_229' title='bbox 631 3042 667 3103; x_wconf 89' lang='lat' dir='ltr'><strong>ut</strong></span> <span class='ocrx_word' id='word_1_230' title='bbox 689 3029 827 3123; x_wconf 85' lang='lat' dir='ltr'><strong>abirent,</strong></span> <span class='ocrx_word' id='word_1_231' title='bbox 854 3035 945 3126; x_wconf 90' lang='lat' dir='ltr'><strong>ipsos</strong></span> <span class='ocrx_word' id='word_1_232' title='bbox 973 3053 1047 3102; x_wconf 91' lang='lat' dir='ltr'><strong>cnm</strong></span> <span class='ocrx_word' id='word_1_233' title='bbox 1075 3027 1262 3122; x_wconf 85' lang='lat' dir='ltr'><strong>cuspidibus</strong></span> 
     </span>
     <span class='ocr_line' id='line_1_30' title="bbox 130 3125 1263 3226; baseline -0.004 -24"><span class='ocrx_word' id='word_1_234' title='bbox 130 3135 313 3226; x_wconf 88' lang='lat' dir='ltr'><strong>pecierunt.</strong></span> <span class='ocrx_word' id='word_1_235' title='bbox 345 3128 499 3203; x_wconf 89' lang='lat' dir='ltr'><strong>Abeunto</strong></span> <span class='ocrx_word' id='word_1_236' title='bbox 522 3140 632 3202; x_wconf 89' lang='lat' dir='ltr'><strong>autem</strong></span> <span class='ocrx_word' id='word_1_237' title='bbox 656 3131 752 3202; x_wconf 90' lang='lat' dir='ltr'><strong>Petro</strong></span> <span class='ocrx_word' id='word_1_238' title='bbox 775 3133 809 3201; x_wconf 92' lang='lat' dir='ltr'><strong>in</strong></span> <span class='ocrx_word' id='word_1_239' title='bbox 833 3126 964 3200; x_wconf 88' lang='lat' dir='ltr'><strong>domum</strong></span> <span class='ocrx_word' id='word_1_240' title='bbox 989 3149 1096 3216; x_wconf 88' lang='lat' dir='ltr'><strong>suam,</strong></span> <span class='ocrx_word' id='word_1_241' title='bbox 1119 3125 1172 3198; x_wconf 92' lang='lat' dir='ltr'><strong>alii</strong></span> <span class='ocrx_word' id='word_1_242' title='bbox 1198 3125 1263 3198; x_wconf 94' lang='lat' dir='ltr'><strong>duo</strong></span> 
     </span>
    </p>
   </div>
   <div class='ocr_carea' id='block_1_4' title="bbox 130 3313 1265 4174">
    <p class='ocr_par' dir='ltr' id='par_1_4' title="bbox 130 3313 1265 4174">
     <span class='ocr_line' id='line_1_31' title="bbox 130 3313 1264 3391; baseline -0.002 -17"><span class='ocrx_word' id='word_1_243' title='bbox 130 3318 290 3390; x_wconf 77' lang='lat' dir='ltr'><strong>congregati</strong></span> <span class='ocrx_word' id='word_1_244' title='bbox 306 3335 336 3376; x_wconf 89' lang='lat' dir='ltr'><strong>se</strong></span> <span class='ocrx_word' id='word_1_245' title='bbox 353 3317 428 3391; x_wconf 88' lang='lat' dir='ltr'><strong>ipsos</strong></span> <span class='ocrx_word' id='word_1_246' title='bbox 447 3319 659 3376; x_wconf 86' lang='lat' dir='ltr'><strong>combusserunt.</strong></span> <span class='ocrx_word' id='word_1_247' title='bbox 687 3318 776 3390; x_wconf 80' lang='lat' dir='ltr'><strong>Aliqui</strong></span> <span class='ocrx_word' id='word_1_248' title='bbox 794 3334 841 3390; x_wconf 89' lang='lat' dir='ltr'><strong>per</strong></span> <span class='ocrx_word' id='word_1_249' title='bbox 860 3316 987 3390; x_wconf 87' lang='lat' dir='ltr'><strong>populum</strong></span> <span class='ocrx_word' id='word_1_250' title='bbox 1006 3313 1136 3372; x_wconf 86' lang='lat' dir='ltr'><strong>interlecti</strong></span> <span class='ocrx_word' id='word_1_251' title='bbox 1156 3315 1264 3372; x_wconf 85' lang='lat' dir='ltr'><strong>inerunt</strong></span> 
     </span>
     <span class='ocr_line' id='line_1_32' title="bbox 130 3385 1264 3462; baseline -0.004 -16"><span class='ocrx_word' id='word_1_252' title='bbox 130 3391 244 3446; x_wconf 83' lang='lat' dir='ltr'><strong>sabbato</strong></span> <span class='ocrx_word' id='word_1_253' title='bbox 271 3396 333 3462; x_wconf 87' lang='lat' dir='ltr'><strong>post</strong></span> <span class='ocrx_word' id='word_1_254' title='bbox 359 3389 534 3462; x_wconf 72' lang='lat' dir='ltr'><strong>epyphaniam</strong></span> <span class='ocrx_word' id='word_1_255' title='bbox 560 3387 809 3460; x_wconf 87' lang='lat' dir='ltr'><strong>domini[ian.10]</strong></span> <span class='ocrx_word' id='word_1_256' title='bbox 835 3405 906 3445; x_wconf 90' lang='lat' dir='ltr'><strong>uuno</strong></span> <span class='ocrx_word' id='word_1_257' title='bbox 932 3385 1051 3461; x_wconf 89' lang='lat' dir='ltr'><strong>predicto</strong></span> <span class='ocrx_word' id='word_1_258' title='bbox 1077 3391 1105 3442; x_wconf 89' lang='lat' dir='ltr'><strong>et</strong></span> <span class='ocrx_word' id='word_1_259' title='bbox 1122 3385 1149 3442; x_wconf 88' lang='lat' dir='ltr'><strong>in</strong></span> <span class='ocrx_word' id='word_1_260' title='bbox 1185 3385 1264 3442; x_wconf 85' lang='lat' dir='ltr'><strong>luteis</strong></span> 
     </span>
     <span class='ocr_line' id='line_1_33' title="bbox 130 3406 1265 3532; baseline -0.003 -16"><span class='ocrx_word' id='word_1_261' title='bbox 130 3463 228 3517; x_wconf 75' lang='lat' dir='ltr'><strong>monui</strong></span> <span class='ocrx_word' id='word_1_262' title='bbox 244 3461 390 3518; x_wconf 78' lang='lat' dir='ltr'><strong>iacuerunt,</strong></span> <span class='ocrx_word' id='word_1_263' title='bbox 412 3461 499 3532; x_wconf 85' lang='lat' dir='ltr'><strong>Aliqui</strong></span> <span class='ocrx_word' id='word_1_264' title='bbox 513 3461 595 3518; x_wconf 89' lang='lat' dir='ltr'><strong>eciam</strong></span> <span class='ocrx_word' id='word_1_265' title='bbox 610 3462 763 3530; x_wconf 75' lang='lat' dir='ltr'><strong>effugerunt</strong></span> <span class='ocrx_word' id='word_1_266' title='bbox 781 3461 984 3528; x_wconf 85' lang='lat' dir='ltr'><strong>cremucionaro,</strong></span> <span class='ocrx_word' id='word_1_267' title='bbox 1003 3457 1047 3530; x_wconf 89' lang='lat' dir='ltr'><strong>qui</strong></span> <span class='ocrx_word' id='word_1_268' title='bbox 1059 3406 1265 3516; x_wconf 83' lang='lat' dir='ltr'><strong>reservabantur</strong></span> 
     </span>
     <span class='ocr_line' id='line_1_34' title="bbox 130 3529 1265 3606; baseline -0.004 -18"><span class='ocrx_word' id='word_1_269' title='bbox 130 3540 158 3588; x_wconf 86' lang='lat' dir='ltr'><strong>et</strong></span> <span class='ocrx_word' id='word_1_270' title='bbox 169 3532 379 3606; x_wconf 81' lang='lat' dir='ltr'><strong>baptizabantur.</strong></span> <span class='ocrx_word' id='word_1_271' title='bbox 406 3533 521 3605; x_wconf 85' lang='lat' dir='ltr'><strong>Populus</strong></span> <span class='ocrx_word' id='word_1_272' title='bbox 534 3533 617 3588; x_wconf 88' lang='lat' dir='ltr'><strong>eciam</strong></span> <span class='ocrx_word' id='word_1_273' title='bbox 632 3533 777 3604; x_wconf 81' lang='lat' dir='ltr'><strong>Spirensis,</strong></span> <span class='ocrx_word' id='word_1_274' title='bbox 795 3532 917 3588; x_wconf 88' lang='lat' dir='ltr'><strong>timentes</strong></span> <span class='ocrx_word' id='word_1_275' title='bbox 937 3547 1027 3588; x_wconf 88' lang='lat' dir='ltr'><strong>aerem</strong></span> <span class='ocrx_word' id='word_1_276' title='bbox 1045 3529 1116 3586; x_wconf 81' lang='lat' dir='ltr'><strong>inlici</strong></span> <span class='ocrx_word' id='word_1_277' title='bbox 1129 3547 1162 3586; x_wconf 85' lang='lat' dir='ltr'><strong>ex</strong></span> <span class='ocrx_word' id='word_1_278' title='bbox 1177 3531 1265 3586; x_wconf 85' lang='lat' dir='ltr'><strong>latore</strong></span> 
     </span>
     <span class='ocr_line' id='line_1_35' title="bbox 130 3602 1264 3676; baseline -0.002 -17"><span class='ocrx_word' id='word_1_279' title='bbox 130 3605 289 3660; x_wconf 80' lang='lat' dir='ltr'><strong>cadaverum</strong></span> <span class='ocrx_word' id='word_1_280' title='bbox 309 3604 335 3659; x_wconf 91' lang='lat' dir='ltr'><strong>iu</strong></span> <span class='ocrx_word' id='word_1_281' title='bbox 355 3605 448 3676; x_wconf 84' lang='lat' dir='ltr'><strong>plateis</strong></span> <span class='ocrx_word' id='word_1_282' title='bbox 467 3603 622 3672; x_wconf 81' lang='lat' dir='ltr'><strong>lacensium,</strong></span> <span class='ocrx_word' id='word_1_283' title='bbox 641 3603 723 3660; x_wconf 88' lang='lat' dir='ltr'><strong>eciam</strong></span> <span class='ocrx_word' id='word_1_284' title='bbox 738 3603 761 3658; x_wconf 91' lang='lat' dir='ltr'><strong>si</strong></span> <span class='ocrx_word' id='word_1_285' title='bbox 781 3602 1008 3672; x_wconf 78' lang='lat' dir='ltr'><strong>comburerentur,</strong></span> <span class='ocrx_word' id='word_1_286' title='bbox 1028 3602 1149 3656; x_wconf 86' lang='lat' dir='ltr'><strong>lecerunt</strong></span> <span class='ocrx_word' id='word_1_287' title='bbox 1166 3618 1197 3656; x_wconf 87' lang='lat' dir='ltr'><strong>cu</strong></span> <span class='ocrx_word' id='word_1_288' title='bbox 1217 3617 1264 3657; x_wconf 88' lang='lat' dir='ltr'><strong>ca-</strong></span> 
     </span>
     <span class='ocr_line' id='line_1_36' title="bbox 131 3671 1264 3732; baseline -0.002 -3"><span class='ocrx_word' id='word_1_289' title='bbox 131 3675 228 3730; x_wconf 82' lang='lat' dir='ltr'><strong>daveru</strong></span> <span class='ocrx_word' id='word_1_290' title='bbox 248 3674 359 3730; x_wconf 86' lang='lat' dir='ltr'><strong>invasis</strong></span> <span class='ocrx_word' id='word_1_291' title='bbox 373 3675 462 3731; x_wconf 87' lang='lat' dir='ltr'><strong>vacuis</strong></span> <span class='ocrx_word' id='word_1_292' title='bbox 476 3675 581 3732; x_wconf 77' lang='lat' dir='ltr'><strong>niuosis</strong></span> <span class='ocrx_word' id='word_1_293' title='bbox 600 3674 698 3730; x_wconf 88' lang='lat' dir='ltr'><strong>includi</strong></span> <span class='ocrx_word' id='word_1_294' title='bbox 712 3681 738 3729; x_wconf 88' lang='lat' dir='ltr'><strong>et</strong></span> <span class='ocrx_word' id='word_1_295' title='bbox 751 3675 777 3729; x_wconf 91' lang='lat' dir='ltr'><strong>iu</strong></span> <span class='ocrx_word' id='word_1_296' title='bbox 792 3673 891 3729; x_wconf 83' lang='lat' dir='ltr'><strong>lienum</strong></span> <span class='ocrx_word' id='word_1_297' title='bbox 905 3673 1009 3730; x_wconf 88' lang='lat' dir='ltr'><strong>deduci.</strong></span> <span class='ocrx_word' id='word_1_298' title='bbox 1033 3671 1164 3728; x_wconf 83' lang='lat' dir='ltr'><strong>Consules</strong></span> <span class='ocrx_word' id='word_1_299' title='bbox 1179 3671 1264 3727; x_wconf 84' lang='lat' dir='ltr'><strong>eciam</strong></span> 
     </span>
     <span class='ocr_line' id='line_1_37' title="bbox 131 3742 1263 3818; baseline -0.002 -18"><span class='ocrx_word' id='word_1_300' title='bbox 131 3746 245 3801; x_wconf 82' lang='lat' dir='ltr'><strong>civitatis</strong></span> <span class='ocrx_word' id='word_1_301' title='bbox 266 3745 380 3802; x_wconf 88' lang='lat' dir='ltr'><strong>edictum</strong></span> <span class='ocrx_word' id='word_1_302' title='bbox 401 3748 521 3802; x_wconf 82' lang='lat' dir='ltr'><strong>lecerunt</strong></span> <span class='ocrx_word' id='word_1_303' title='bbox 540 3745 683 3818; x_wconf 87' lang='lat' dir='ltr'><strong>publicum,</strong></span> <span class='ocrx_word' id='word_1_304' title='bbox 702 3763 735 3802; x_wconf 88' lang='lat' dir='ltr'><strong>ne</strong></span> <span class='ocrx_word' id='word_1_305' title='bbox 754 3744 814 3817; x_wconf 90' lang='lat' dir='ltr'><strong>quis</strong></span> <span class='ocrx_word' id='word_1_306' title='bbox 834 3745 867 3799; x_wconf 90' lang='lat' dir='ltr'><strong>de</strong></span> <span class='ocrx_word' id='word_1_307' title='bbox 905 3745 986 3818; x_wconf 92' lang='lat' dir='ltr'><strong>opulo</strong></span> <span class='ocrx_word' id='word_1_308' title='bbox 1006 3743 1103 3799; x_wconf 89' lang='lat' dir='ltr'><strong>domos</strong></span> <span class='ocrx_word' id='word_1_309' title='bbox 1122 3742 1263 3798; x_wconf 85' lang='lat' dir='ltr'><strong>iudeorum</strong></span> 
     </span>
     <span class='ocr_line' id='line_1_38' title="bbox 131 3763 1265 3894; baseline -0.004 -22"><span class='ocrx_word' id='word_1_310' title='bbox 131 3817 334 3887; x_wconf 69' lang='lat' dir='ltr'><strong>ingrederetur,</strong></span> <span class='ocrx_word' id='word_1_311' title='bbox 353 3825 381 3874; x_wconf 86' lang='lat' dir='ltr'><strong>ot</strong></span> <span class='ocrx_word' id='word_1_312' title='bbox 397 3818 472 3874; x_wconf 74' lang='lat' dir='ltr'><strong>deos</strong></span> <span class='ocrx_word' id='word_1_313' title='bbox 491 3818 633 3874; x_wconf 88' lang='lat' dir='ltr'><strong>ludeorum</strong></span> <span class='ocrx_word' id='word_1_314' title='bbox 652 3817 802 3884; x_wconf 86' lang='lat' dir='ltr'><strong>ltrmarunt,</strong></span> <span class='ocrx_word' id='word_1_315' title='bbox 821 3831 854 3870; x_wconf 92' lang='lat' dir='ltr'><strong>ne</strong></span> <span class='ocrx_word' id='word_1_316' title='bbox 873 3763 967 3887; x_wconf 71' lang='lat' dir='ltr'><strong>uliquis</strong></span> <span class='ocrx_word' id='word_1_317' title='bbox 986 3813 1096 3870; x_wconf 82' lang='lat' dir='ltr'><strong>introire</strong></span> <span class='ocrx_word' id='word_1_318' title='bbox 1114 3817 1265 3894; x_wconf 26' lang='lat' dir='ltr'><strong>possetnet</strong></span> 
     </span>
     <span class='ocr_line' id='line_1_39' title="bbox 132 3888 1263 3964; baseline -0.005 -21"><span class='ocrx_word' id='word_1_319' title='bbox 132 3894 217 3944; x_wconf 85' lang='lat' dir='ltr'><strong>tatum</strong></span> <span class='ocrx_word' id='word_1_320' title='bbox 235 3889 389 3946; x_wconf 86' lang='lat' dir='ltr'><strong>thesaurum</strong></span> <span class='ocrx_word' id='word_1_321' title='bbox 408 3906 455 3960; x_wconf 91' lang='lat' dir='ltr'><strong>per</strong></span> <span class='ocrx_word' id='word_1_322' title='bbox 468 3889 566 3945; x_wconf 89' lang='lat' dir='ltr'><strong>ludaos</strong></span> <span class='ocrx_word' id='word_1_323' title='bbox 585 3888 771 3944; x_wconf 84' lang='lat' dir='ltr'><strong>absconditum</strong></span> <span class='ocrx_word' id='word_1_324' title='bbox 786 3891 813 3942; x_wconf 87' lang='lat' dir='ltr'><strong>et</strong></span> <span class='ocrx_word' id='word_1_325' title='bbox 828 3903 919 3942; x_wconf 87' lang='lat' dir='ltr'><strong>securn</strong></span> <span class='ocrx_word' id='word_1_326' title='bbox 938 3890 1134 3942; x_wconf 86' lang='lat' dir='ltr'><strong>concrematum</strong></span> <span class='ocrx_word' id='word_1_327' title='bbox 1153 3899 1263 3964; x_wconf 79' lang='lat' dir='ltr'><strong>queste-</strong></span> 
     </span>
     <span class='ocr_line' id='line_1_40' title="bbox 132 3953 1263 4032; baseline -0.004 -18"><span class='ocrx_word' id='word_1_328' title='bbox 132 3965 193 4016; x_wconf 88' lang='lat' dir='ltr'><strong>ruut</strong></span> <span class='ocrx_word' id='word_1_329' title='bbox 211 3965 238 4014; x_wconf 89' lang='lat' dir='ltr'><strong>et</strong></span> <span class='ocrx_word' id='word_1_330' title='bbox 256 3967 390 4032; x_wconf 87' lang='lat' dir='ltr'><strong>repertum</strong></span> <span class='ocrx_word' id='word_1_331' title='bbox 417 3965 616 4016; x_wconf 85' lang='lat' dir='ltr'><strong>conservaruat.</strong></span> <span class='ocrx_word' id='word_1_332' title='bbox 644 3959 787 4017; x_wconf 83' lang='lat' dir='ltr'><strong>Ferebatur</strong></span> <span class='ocrx_word' id='word_1_333' title='bbox 811 3957 880 4014; x_wconf 88' lang='lat' dir='ltr'><strong>enirn</strong></span> <span class='ocrx_word' id='word_1_334' title='bbox 906 3973 1031 4026; x_wconf 77' lang='lat' dir='ltr'><strong>magnum</strong></span> <span class='ocrx_word' id='word_1_335' title='bbox 1056 3953 1209 4010; x_wconf 85' lang='lat' dir='ltr'><strong>thesaurum</strong></span> <span class='ocrx_word' id='word_1_336' title='bbox 1235 3971 1263 4010; x_wconf 87' lang='grc' dir='ltr'><strong>ιιι</strong></span> 
     </span>
     <span class='ocr_line' id='line_1_41' title="bbox 133 4025 1262 4100; baseline -0.002 -16"><span class='ocrx_word' id='word_1_337' title='bbox 133 4047 198 4086; x_wconf 86' lang='lat' dir='ltr'><strong>auro</strong></span> <span class='ocrx_word' id='word_1_338' title='bbox 218 4037 246 4086; x_wconf 87' lang='lat' dir='ltr'><strong>et</strong></span> <span class='ocrx_word' id='word_1_339' title='bbox 262 4037 378 4099; x_wconf 79' lang='lat' dir='ltr'><strong>argento</strong></span> <span class='ocrx_word' id='word_1_340' title='bbox 398 4047 428 4086; x_wconf 87' lang='lat' dir='ltr'><strong>se</strong></span> <span class='ocrx_word' id='word_1_341' title='bbox 446 4031 589 4086; x_wconf 86' lang='lat' dir='ltr'><strong>iuvenisse.</strong></span> <span class='ocrx_word' id='word_1_342' title='bbox 616 4031 836 4086; x_wconf 82' lang='lat' dir='ltr'><strong>wormacienses</strong></span> <span class='ocrx_word' id='word_1_343' title='bbox 855 4028 941 4084; x_wconf 87' lang='lat' dir='ltr'><strong>eciam</strong></span> <span class='ocrx_word' id='word_1_344' title='bbox 956 4026 1045 4096; x_wconf 85' lang='lat' dir='ltr'><strong>ludet,</strong></span> <span class='ocrx_word' id='word_1_345' title='bbox 1063 4031 1093 4082; x_wconf 89' lang='lat' dir='ltr'><strong>ut</strong></span> <span class='ocrx_word' id='word_1_346' title='bbox 1110 4025 1262 4100; x_wconf 86' lang='lat' dir='ltr'><strong>Spireusas,</strong></span> 
     </span>
     <span class='ocr_line' id='line_1_42' title="bbox 134 4098 1042 4174; baseline -0.003 -16"><span class='ocrx_word' id='word_1_347' title='bbox 134 4099 382 4174; x_wconf 78' lang='lat' dir='ltr'><strong>Oppeubeimecses</strong></span> <span class='ocrx_word' id='word_1_348' title='bbox 401 4109 430 4158; x_wconf 87' lang='lat' dir='ltr'><strong>et</strong></span> <span class='ocrx_word' id='word_1_349' title='bbox 446 4103 667 4173; x_wconf 69' lang='lat' dir='ltr'><strong>moguntinenses</strong></span> <span class='ocrx_word' id='word_1_350' title='bbox 686 4119 717 4161; x_wconf 87' lang='lat' dir='ltr'><strong>se</strong></span> <span class='ocrx_word' id='word_1_351' title='bbox 736 4101 810 4174; x_wconf 87' lang='lat' dir='ltr'><strong>ipsos</strong></span> <span class='ocrx_word' id='word_1_352' title='bbox 830 4098 1042 4160; x_wconf 84' lang='lat' dir='ltr'><strong>combusserunt.</strong></span> 
     </span>
    </p>
   </div>
   <div class='ocr_carea' id='block_1_5' title="bbox 189 4223 493 4300">
    <p class='ocr_par' dir='ltr' id='par_1_5' title="bbox 189 4223 493 4300">
     <span class='ocr_line' id='line_1_43' title="bbox 189 4223 493 4300; baseline 0.013 -20"><span class='ocrx_word' id='word_1_353' title='bbox 189 4223 218 4300; x_wconf 89' lang='lat' dir='ltr'><strong>l)</strong></span> <span class='ocrx_word' id='word_1_354' title='bbox 238 4241 271 4281; x_wconf 93' lang='lat' dir='ltr'><strong>so</strong></span> <span class='ocrx_word' id='word_1_355' title='bbox 291 4225 318 4281; x_wconf 85' lang='grc' dir='ltr'><strong>Β.</strong></span> <span class='ocrx_word' id='word_1_356' title='bbox 337 4225 405 4282; x_wconf 90' lang='lat' dir='ltr'><strong>rotis</strong></span> <span class='ocrx_word' id='word_1_357' title='bbox 424 4225 493 4286; x_wconf 87' lang='lat' dir='ltr'><strong>Urst.</strong></span> 
     </span>
    </p>
   </div>
   <div class='ocr_carea' id='block_1_6' title="bbox 0 0 1455 4820">
    <p class='ocr_par' dir='ltr' id='par_1_6' title="bbox 0 0 1455 4820">
     <span class='ocr_line' id='line_1_44' title="bbox 0 0 1455 4820; baseline 0 0"><span class='ocrx_word' id='word_1_358' title='bbox 0 0 1455 4820; x_wconf 95' lang='lat' dir='ltr'><strong> </strong></span> 
     </span>
    </p>
   </div>
  </div>
 </body>
</html>
