2900 4820
179 253 252 330 236
360 250 578 310 commonno
598 247 1121 318 mmmmumumuaunomsrs.

95 445 165 503 1353
180 451 309 524 quoque
326 451 390 504 rex
406 430 519 503 visitat
534 426 746 502 Bartholdum
767 429 958 524 episcopum
976 427 1259 520 Argentinensem
1276 425 1312 499 in

179 525 388 602 Mollesheim
406 526 669 618 decumbentem,
687 537 721 600 et
738 529 893 618 crastinoq
912 550 992 600 casu
1008 531 1042 598 in
1059 525 1112 596 die
1130 523 1313 597 beatiFlo-

179 629 280 699 rencii
301 627 394 716 [nov.
413 623 453 717 7]
473 628 616 700 veniens
633 623 803 700 Haselabe
821 627 926 720 aperit
942 623 1090 696 tumbam·
1104 626 1208 696 sancti
1228 623 1313 694 blo·

178 727 281 796 rencii
304 729 459 798 trecentis
483 727 578 797 annis
603 745 684 795 auro
708 733 742 795 et
766 733 905 815 argento
928 723 1107 812 reclusam,
1129 731 1163 793 et
1185 723 1314 794 invenit

179 833 275 917 caput
293 832 327 895 et
343 844 462 918 corpus
483 826 566 896 eius.
598 819 641 893 Et
663 819 789 893 iaciens
814 819 857 891 ibi
880 818 1073 893 tabelliones
1095 821 1313 894 instrumenta

177 918 221 991 ibi
238 920 308 992 dari
325 924 419 994 iussit
436 918 478 991 de
494 921 626 998 invenc'
650 941 694 990 ne
712 918 909 1010 huiuamodi,
929 921 1007 1013 quia
1019 971 1022 978 .
1033 920 1181 990 canonici
1206 919 1313 990 sanati

177 1016 303 1090 Thome
320 1019 590 1111 Argentinensis5
608 941 663 1088 dbi
681 1013 830 1112 sepultus
848 1016 919 1106 luit,
936 1025 1090 1090 asserunt
1106 1037 1146 1088 se
1163 1025 1261 1110 caput
1277 1024 1315 1086 et

177 1117 324 1211 corporis
342 1119 501 1188 maiorem
518 1125 646 1212 partem
663 1114 796 1187 habero.
822 1113 865 1186 Et
881 1114 1019 1188 aderant
1034 1112 1077 1185 ibi
1094 1112 1311 1206 moguntinus

177 1222 213 1285 et
227 1213 341 1308 plmes
359 1216 514 1308 episcopi.
544 1213 665 1286 Visitnt
682 1215 787 1285 eciam
804 1235 867 1286 rex
883 1214 1119 1285 monasterium
1135 1214 1169 1283 in
1186 1207 1313 1282 Ande-
1447 1231 1448 1242 ¹

176 1310 272 1402 labe·
289 1309 343 1383 ubi
368 1321 421 1386 est
443 1331 562 1406 eorpus
585 1309 819 1402 heautontim
843 1322 878 1384 et
899 1312 1136 1384 monasterium
1157 1313 1191 1380 in
1206 1307 1312 1382 Ecst-

177 1405 277 1499 heimp
304 1407 372 1480 ubiv
387 1419 439 1483 est
465 1429 585 1504 corpus
613 1407 702 1480 beati
725 1407 861 1488 Urbani,
875 1420 954 1488 tuno
980 1418 1014 1479 et
1040 1417 1116 1480 ante
1143 1429 1313 1503 nunquam

177 1515 335 1600 apertum.
369 1507 412 1580 Et
427 1507 470 1578 de
487 1506 549 1581 biis
572 1505 724 1580 omnibus
742 1517 775 1588 el
797 1507 869 1582 aliis
895 1506 1003 1580 mrdtis
1020 1503 1063 1577 ibi
1080 1515 1116 1576 et
1131 1503 1206 1577 eldri
1223 1505 1312 1577 reli-

177 1605 260 1699 quiis
278 1613 389 1700 partes
408 1607 545 1701 accepit„
564 1603 874 1677 animoBobemiam
891 1603 1091 1678 traducendi.
1117 1602 1160 1676 Et
1176 1603 1312 1700 deponit

175 1723 240 1776 rex
255 1701 435 1796 Hugonem
453 1704 495 1775 de
512 1701 716 1795 Hohenberg
732 1703 908 1797 presidem.

225 1797 471 1875 Reversus-est
487 1811 599 1872 autem
609 1801 842 1893 Argentinam
854 1824 921 1896 per
931 1801 1188 1893 Hagenowiam,
1205 1799 1311 1874 Wis-

176 1896 326 1991 senburg
348 1909 382 1971 et
397 1897 568 1972 Landowa
592 1903 686 1973 venit
709 1899 851 1995 Spiram,
874 1897 929 1971 obi
952 1899 992 1970 ad
1017 1921 1094 1972 eum
1118 1902 1210 1972 venit
1233 1923 1310 1974 cum

175 1999 333 2068 caucione
351 1996 448 2069 lluno
465 1996 507 2068 de
524 1997 756 2088 Valkenstoim
774 2001 923 2071 minister
939 1997 1084 2069 Heinrici
1101 1996 1143 2069 de
1155 1997 1311 2070 Vimen-

175 2091 272 2186 berg,
298 2094 534 2191 archiepiscopi
555 2093 821 2188 Mogunmensis
845 2094 993 2190 depositi.
1026 2093 1216 2188 Ouidium,
1240 2095 1311 2167 do—

175 2195 298 2264 minum
316 2215 412 2266 sunm
430 2203 542 2266 contra
554 2215 673 2288 papam
684 2214 852 2285 aoregem
864 2194 1073 2266 abdominum
1084 2191 1126 2264 de
1137 2191 1310 2268 Nassowe

175 2299 209 2361 et
220 2311 299 2364 suos
316 2301 547 2389 manutenens,
565 2294 739 2364 intantum
757 2291 932 2386 prevaluit
950 2289 1036 2386 quod
1052 2289 1199 2384 pluribus
1209 2294 1308 2364 annis

174 2391 282 2460 omnia
300 2385 386 2460 bona
409 2392 600 2484 quorumvis
625 2389 818 2462 clericorum
842 2392 981 2462 civitatis
999 2399 1033 2460 et
1052 2389 1208 2482 dyocesis
1226 2387 1327 2461 Mc·-

174 2488 381 2577 guntinensis
394 2485 597 2558 beneficialis
610 2496 643 2557 et
653 2487 900 2559 matrimonialia
911 2485 1052 2558 Gerlaco
1065 2489 1202 2581 proviso
1215 2486 1308 2560 sedis

173 2582 420 2675 adherencium,
438 2588 510 2657 sine
527 2585 584 2656 lite
601 2587 739 2680 recepit,
762 2584 949 2679 multisqueq
967 2587 1021 2678 qui
1038 2582 1199 2657 mandatis
1218 2607 1308 2680 apo-

173 2680 296 2755 stolicis
314 2691 502 2776 paruerant,
521 2682 701 2772 modalis,
718 2692 754 2754 et
763 2680 1022 2778 exsequentibus
1039 2679 1201 2776 aliquibus
1219 2681 1308 2756 sub-

171 2781 306 2868 mersis,
324 2779 498 2880 multisque
516 2781 653 2852 exulare
671 2782 811 2868 coacta·
829 2779 941 2853 literas
960 2800 1089 2876 quoqrm
1106 2780 1305 2873 apostoliens

172 2878 344 2967 graciosas
362 2877 419 2948 vel
437 2876 519 2950 alias
536 2888 687 2972 repertas
707 2875 793 2972 apud
811 2875 972 2972 qrroslibet
993 2875 1138 2949 taniam
1171 2876 1308 2951 Novum

172 2970 361 3044 theloneum
384 2977 418 3045 in
436 2971 640 3070 Opponbeim
667 2977 812 3064 instituit,
837 2984 871 3047 et
894 2985 979 3046 emta
1005 2976 1094 3046 curia
1122 2975 1308 3048 monachali

172 3091 273 3164 super
291 3069 438 3164 diogeno
456 3071 498 3143 ad
514 3093 614 3144 unum
640 3069 765 3144 miliare
783 3096 802 3144 a
819 3071 997 3165 Moguncia
1015 3070 1136 3143 ibidem
1159 3083 1305 3145 casuum

172 3171 363 3241 construxit
395 3169 579 3244 Servantes
603 3169 755 3242 mandata
773 3171 950 3264 apostolica
976 3168 1120 3264 undique
1135 3192 1196 3266 per
1213 3170 1306 3264 dyo-

171 3269 274 3338 cesim
285 3275 449 3361 tamquam
467 3272 767 3342 excommunicatos
779 3269 874 3340 vitari
886 3269 1005 3359 coegit
1032 3265 1307 3363 Favoremqoasi

171 3366 316 3434 omnium
333 3361 474 3438 babebat
494 3385 554 3460 pro
574 3387 634 3456 eo,
659 3362 745 3462 quod
769 3364 899 3438 domino
921 3386 982 3437 suo
1000 3375 1033 3436 at
1048 3385 1108 3459 pro
1125 3387 1167 3437 eo
1184 3370 1306 3456 eciam

215 3458 259 3531 od
281 3455 460 3556 Ludewico
509 3467 622 3558 rincipi
649 3461 778 3534 adhesit
804 3463 966 3558 deposito„
993 3471 1083 3534 tante
1110 3465 1302 3536 constanoie

71 3629 73 3634 .
182 3555 360 3632 idalilatem
382 3487 533 3634 ostendit.
569 3559 612 3634 Et
632 3569 801 3656 reputatus
820 3571 873 3634 est
894 3562 1072 3632 animosior
1089 3559 1304 3632 Alamanno-

170 3675 253 3726 rum.
289 3655 386 3730 Plura
413 3659 555 3732 ecclesie
573 3657 837 3752 Moguntinensis
863 3658 949 3730 bona
974 3655 1118 3750 obligata
1142 3657 1304 3744 redemit3

171 3752 234 3824 boc
264 3775 351 3826 anno
376 3754 441 3827 liii.
468 3767 605 3850 quatuor
635 3757 723 3829 milia
754 3758 900 3850 mansue
926 3758 995 3828 vini
1020 3764 1055 3825 et
1085 3754 1303 3849 quadraginta

171 3851 257 3922 milia
283 3853 420 3924 maltara
446 3852 531 3925 bladi
562 3855 705 3946 collegit
754 3853 944 3948 Servitoras
967 3849 1082 3942 ¹bolmit
1105 3852 1303 3948 prodentis-

171 3952 272 4022 simos
298 3959 332 4020 et
357 3961 564 4043 constantes,
596 3952 712 4048 quibus
738 3956 846 4023 omnia
878 3951 1028 4042 regenda
1054 3953 1232 4042 commisit,
1271 3961 1306 4023 et

170 4047 244 4140 ipse
260 4047 498 4122 venacionibus
516 4061 550 4121 et
567 4047 813 4123 iocunditatibus
838 4048 1025 4124 assistebat.
1061 4047 1121 4120 Gui
1145 4071 1220 4121 oum
1237 4071 1302 4122 rex

171 4143 268 4238 Spire
291 4145 384 4240 plura
408 4151 584 4222 commissa
608 4157 721 4221 contra
744 4150 916 4242 imperium
939 4145 1127 4237 obiecisset,
1151 4149 1237 4241 ipsaq
1262 4167 1304 4220 se

172 4262 274 4336 super
291 4241 352 4314 biis
369 4265 436 4315 non
453 4244 669 4340 deliberasse
686 4246 872 4343 respondit3
890 4255 923 4318 et
940 4255 1226 4342 quantumcunque
1239 4245 1303 4322 sibi
