2904 4822
350 223 859 283 nnmatcusonomssmnovnn.
1124 225 1174 300 65

48 397 237 492 plorantes7
256 397 429 470 seculares
445 407 569 468 tenmm
588 396 736 468 iecerunt
754 417 791 467 se
808 417 869 489 per
885 391 1074 490 episcopum
1082 395 1176 468 Con-
1192 403 1264 460 toto

48 499 272 583 sartensem,
289 498 342 565 cui
359 516 443 589 papa
460 497 679 583 commiserat,
706 516 725 563 n
743 496 919 566 sentenciis
937 490 1075 566 absolvi.
1098 493 1177 566 lita

48 595 123 666 insto
129 593 302 664 Valentini
313 602 483 664 servatum
491 602 543 664 est
553 590 758 663 interdictum
764 587 804 660 ab
812 589 961 664 omnibus
968 602 1176 687 preterquam

47 687 343 762 aPredicotoribus
359 692 556 778 intrinsecis,
581 692 634 782 qui
652 697 746 758 eraut
762 698 885 759 mnium
903 699 1040 784 quatuor
1057 712 1177 762 sacer-

46 788 133 860 dotes
150 787 315 882 prophani
332 798 366 858 et
382 809 443 858 suo
459 788 558 880 priori
575 784 813 873 inobedientes,
840 806 904 858 neo
921 809 994 858 oum
1012 800 1178 860 conventu
1244 789 1246 794 ’

47 896 223 975 morantes,
242 888 296 979 qui
313 895 390 956 tunc
400 886 554 978 temporis
565 880 796 978 apudSchotos
807 880 1079 976 degebenglieet
1093 907 1178 980 pro-

46 983 225 1077 phanantes
244 986 402 1054 essentin
413 979 816 1069 claustroPredicatorum,
833 984 1072 1077 inquonovem
1084 987 1178 1055 annis

46 1080 335 1175 prophanavenmt
345 1079 421 1150 dum
434 1078 496 1150 hoo
510 1081 636 1172 scripsi.
713 1077 805 1148 'lune
821 1082 977 1175 temporis
1001 1083 1098 1151 etiam
1115 1103 1178 1153 rex

48 1179 190 1270 Ungerie
217 1181 372 1250 iustitiam
395 1176 471 1247 feeit
492 1180 525 1247 in
550 1175 669 1269 Apulia
693 1173 735 1244 de
763 1173 824 1247 hiis
848 1181 902 1271 qui
924 1175 1058 1248 batrem
1082 1199 1177 1250 suum

47 1276 212 1347 lndream
229 1296 348 1366 regem
359 1274 501 1367 Appulie
518 1273 769 1344 suiiooaverant
786 1271 830 1344 Et
845 1295 985 1346 uxorem
1001 1274 1109 1348 fratris
1128 1277 1178 1348 sui

45 1395 101 1466 que
118 1370 293 1467 culpabilis
311 1369 477 1442 dieebotuu
486 1370 616 1462 fugavit
632 1368 674 1439 de
691 1369 934 1464 regnoApulie.
953 1372 1026 1459 Que
1036 1375 1177 1446 verriens

45 1472 200 1541 rivinioni
217 1469 261 1540 ad
277 1490 396 1562 papam
404 1467 608 1539 Clementem
625 1488 699 1538 oum
716 1470 831 1538 marito
849 1490 922 1558 suo,
940 1493 1014 1541 cum
1031 1493 1094 1565 quo
1104 1480 1179 1565 post

44 1565 262 1659 obitnmregis
270 1576 491 1654 conumerat,
502 1575 536 1636 et
545 1562 664 1635 ibidem
674 1562 869 1637 morabatur.
888 1566 948 1637 cni
959 1572 1056 1638 etiam
1067 1567 1178 1639 domi-

45 1687 99 1736 nus
117 1687 206 1760 papa
223 1685 336 1737 rosam
363 1661 492 1734 tradidit
508 1661 669 1734 dominica
685 1660 804 1734 Letare
828 1666 904 1734 anni
920 1664 1068 1758 predicti,
1092 1663 1178 1760 quod

45 1766 110 1853 regi
121 1761 276 1854 Ungarie
293 1759 436 1832 creditu
452 1757 667 1854 displicuisse.
684 1759 757 1846 Quo
773 1764 921 1854 tempore
939 1765 1043 1833 eciam
1060 1760 1176 1834 ibidem

46 1863 183 1932 maxima
191 1859 253 1930 fuit
262 1859 454 1946 monatius,
465 1859 590 1930 otim
597 1857 684 1928 milia
691 1854 857 1928 hominurn
867 1857 950 1930 inira
961 1869 1030 1931 tres
1041 1881 1175 1933 menses

44 1957 199 2028 numen.
216 1953 342 2028 obiisse
358 1955 552 2026 reserantur.
576 1954 650 2026 Fuit
667 1957 765 2025 etiam
782 1963 868 2025 tanta
893 1960 980 2029 neris
998 1959 1176 2051 temperies

45 2054 124 2148 quod
133 2075 246 2149 usque
257 2063 371 2148 quarto
381 2051 453 2126 idus
465 2053 575 2146 aprilis
585 2052 674 2122 nuilla
685 2054 743 2122 nix
760 2050 886 2138 cecidit
905 2053 966 2125 sed
982 2051 1055 2126 idus
1066 2055 1176 2149 aprilis

44 2155 131 2223 venit
146 2154 208 2223 nix
225 2173 291 2246 que
309 2153 422 2221 vinum
440 2159 472 2220 et
488 2172 592 2222 nuces
608 2149 692 2220 lesit.
710 2146 753 2219 itt
769 2157 846 2220 tuno
861 2150 894 2219 in
911 2153 991 2221 nive
1007 2173 1081 2222 eum
1098 2150 1177 2245 pbi-

45 2248 158 2320 iomela
177 2248 316 2320 cuculus
334 2249 461 2336 cecinit,
484 2246 726 2341 prefigurantes
750 2244 988 2338 quodammodo
1010 2269 1176 2341 persecu-

42 2349 158 2417 tionem
169 2367 271 2439 quam
288 2345 397 2416 clerus
407 2342 597 2438 paciebatur
604 2342 863 2414 Constentiensis
875 2367 894 2413 a
906 2341 1032 2417 citibus
1043 2355 1176 2440 propter

43 2443 200 2514 interdicti
209 2439 490 2530 observationem,
501 2449 535 2512 et
545 2443 689 2534 episcopi
700 2444 927 2529 constantiam
938 2444 991 2535 qui
1001 2444 1091 2535 ipsos
1103 2445 1176 2516 sine

42 2543 223 2611 iuramento
253 2562 273 2609 a
301 2540 471 2610 sententiis
499 2538 657 2609 interdicti
683 2533 861 2609 absolvere
886 2537 1072 2630 recusabat
1101 2561 1175 2612 oum

43 2633 462 2806 poltestatsaalpsppvendpppb
473 2635 673 2803 certpeiorma
686 2631 979 2806 pisedeaposiaplpca
989 2636 1048 2708 sibi
1058 2637 1176 2710 finisset

61 2755 113 2804 eo
197 2789 206 2803 .
344 2756 363 2803 r
431 2753 545 2804 mnau
580 2755 613 2802 m
666 2753 687 2802 o
726 2753 819 2802 cives
837 2753 899 2802 eon
965 2755 975 2802 1
999 2755 1176 2806 sumnon-

43 2757 199 2924 oepelbnt
215 2851 262 2901 ex
272 2743 378 2901 cbllsa
389 2829 533 2922 predicte
543 2755 705 2902 uonllllulit
716 2849 754 2899 se
763 2755 997 2922 ἱιιΟΙίηξῐιοκνΙ,ι
1012 2841 1045 2902 et
1058 2829 1177 2902 ibidem

42 2926 431 3020 morabaturadtempus.
449 2924 511 2997 Ubi
521 2925 654 2998 ordines
665 2922 1013 3019 celebrabatinvim'lia
1020 2927 1176 3022 paschali.

43 3023 109 3094 Sed
121 3029 201 3096 xiiii.
213 3024 279 3095 kal.
291 3027 378 3113 maiiff
397 3033 541 3117 queemt
558 3021 629 3096 dies
640 3020 856 3118 parascaphe
873 3025 1045 3096 maiornix
1062 3019 1183 3095 cecidit

43 3143 138 3213 quam
160 3132 228 3192 tota
253 3119 362 3190 bieme
385 3119 570 3210 cecidisset,
594 3131 628 3191 et
644 3121 716 3192 iere
743 3141 859 3192 omnes
877 3121 1000 3192 fructus
1025 3119 1177 3192 arbomm

43 3222 254 3313 oonsnmpsit.
272 3215 341 3288 Sed
358 3227 471 3310 postea
488 3227 577 3288 tanta
592 3221 771 3312 temperies
789 3220 994 3312 supervenit,
1012 3216 1096 3313 quod
1109 3218 1177 3290 ali-

43 3315 180 3407 qualiter
194 3316 321 3386 fructus
339 3325 373 3384 et
389 3323 525 3406 segetes
541 3318 717 3408 reparavit.

46 3463 214 3552 &amodo
234 3469 332 3536 liberi
343 3469 431 3554 repis
446 3468 563 3537 Kuroli
579 3473 612 3536 et
627 3469 720 3536 duco
736 3469 864 3538 nosne
880 3471 1016 3540 invicem
1032 3473 1178 3559 despon-

143 3573 265 3650 santur,
277 3563 1179 3654 quomodoiiirirenberpcnsesmarcittonemdeBroadeo*

145 3660 224 3752 dorp
241 3665 496 3750 introeundae
523 3663 565 3731 de
581 3663 783 3732 absolutione
805 3659 948 3746 [rutrum
964 3665 1126 3734 Minorem
1143 3669 1179 3734 io

149 3761 352 3846 Contionum
363 3761 523 3845 qomodo
533 3763 820 3848 conquierepertos
830 3769 879 3829 est
887 3765 921 3828 in
931 3765 1076 3848 quodem
1082 3780 1179 3830 cruce

147 3851 636 3944 tamnomintocnotunttnot,
653 3859 762 3927 eiiiiic
769 3877 833 3944 per
844 3855 998 3941 fraudem
1006 3861 1178 3927 mulierum

146 3956 352 4042 quorundum
363 3955 496 4041 positus.

92 4087 197 4157 Anno
206 4086 350 4178 predicto
360 4083 650 4160 xloctcvomense
661 4089 738 4172 iunii
747 4087 958 4160 rexllarolus
970 4110 1009 4158 ac
1019 4083 1177 4158 Albertus

47 4179 116 4252 dux
140 4181 272 4254 Austrie
289 4181 411 4254 liberos
429 4203 508 4254 suos
526 4185 621 4256 simul
639 4183 888 4278 desponsarunt.
910 4183 996 4256 Nam
1012 4182 1177 4279 predictus

98 4288 238 4330 summ
248 4290 358 4332 rossus
371 4293 392 4331 4.
946 4284 963 4334 5
