2902 4820
250 185 433 250 manante
452 187 644 252 duceamini
664 190 772 251 aesna
791 185 1032 251 menbranae.
1131 186 1198 268 621

70 363 233 459 pontilicis
251 363 294 436 de
312 367 448 440 oonsilio
465 368 692 462 episcoporum
712 377 744 438 et
761 367 967 458 elericorum,
988 369 1041 462 qui
1053 371 1084 438 iu
1097 390 1203 440 exer-

68 467 132 534 citu
151 474 260 552 erunt,
278 475 311 536 et
328 487 492 538 consensu
511 463 669 538 baronum
688 489 761 538 curu
780 467 880 538 multu
898 463 1022 538 honore
1049 470 1079 538 iu
1097 470 1203 561 patri-

68 560 238 634 archatum
263 565 429 636 restitutus
463 573 523 636 est
556 563 720 653 Ecclesie,
748 586 812 658 que
839 588 858 634 a
885 563 1061 636 Saracenis
1094 563 1203 636 fedute

68 670 179 749 erant,
196 671 336 753 purgate
353 671 429 732 sunt
446 671 479 731 et
495 664 628 733 instituti
646 672 721 733 sunt
739 661 930 736 sacerdotes
954 674 987 733 et
1004 662 1132 750 clerici,
1150 664 1204 756 qui

67 755 110 826 ibi
129 757 263 828 dominu
281 762 459 848 servirent„
477 762 654 852 assignatis
673 762 722 831 eis
736 757 892 832 reditibus
911 762 1052 850 alegate
1064 758 1105 830 de
1117 782 1204 830 con·

68 854 142 927 silio
161 853 389 950 predictorum.
424 855 467 928 Et
493 859 565 950 quia
592 855 693 928 Latini
722 880 787 929 non
814 855 1038 949 intelligebant
1064 856 1203 945 Graeca

67 951 254 1045 patriarcha
273 952 438 1047 predictus
450 958 581 1026 nomine
596 951 760 1026 lohannes
772 954 1000 1049 patriarchatui
1012 959 1203 1028 renuntians

67 1053 101 1120 in
122 1048 438 1146 Constantinopolim
454 1073 615 1124 reversus
634 1063 694 1124 est.
723 1052 764 1124 Et
776 1054 907 1146 legatus
926 1053 967 1124 de
982 1052 1203 1125 consiliocle-

66 1151 211 1219 ricurum
231 1151 263 1220 in
280 1149 494 1244 patriarcham
511 1149 715 1244 capellanum
734 1174 830 1224 suurn
842 1155 973 1222 nomine
985 1149 1202 1238 Bernurdum„

66 1249 204 1318 natione
221 1245 432 1322 Valentinum
451 1252 663 1343 episcopum¹
702 1248 850 1322 Berones
878 1272 961 1321 vero
978 1251 1202 1343 unusquisque

66 1353 197 1437 partem
210 1366 303 1416 suam
318 1343 724 1418 contuleruntBoanruudo
742 1402 863 1419 .....
867 1354 880 1394 ²
901 1347 1201 1444 preterRevruuu-

67 1440 146 1511 duna
169 1445 320 1514 comitem
337 1441 571 1532 Thulusanum,
589 1447 642 1536 qui
662 1444 764 1516 noluit
781 1455 906 1541 partera
926 1467 1019 1518 suam
1045 1443 1145 1533 dare,
1171 1454 1204 1514 et

66 1541 173 1609 tenuit
189 1550 316 1632 portam
334 1563 397 1635 que
416 1540 530 1612 dicitur
547 1540 588 1611 ad
606 1541 751 1614 Pontem.

140 1636 295 1734 Sicutin
329 1642 452 1732 ystoria
482 1661 545 1733 que
574 1638 747 1731 diligenter
774 1643 956 1736 conscripta
993 1651 1045 1714 est
1072 1639 1113 1710 de
1141 1642 1202 1712 isto

65 1737 209 1828 pasagio
230 1740 480 1831 peregrinorum
492 1735 639 1827 traditur,
657 1748 831 1832 antequam
843 1737 1015 1812 Antiochia
1031 1748 1203 1832 caperetur

67 1842 101 1902 et
118 1843 374 1926 recuperaretur
391 1834 432 1905 de
451 1833 782 1928 maravanorum
808 1849 879 1908 erat
903 1836 1033 1930 quidam
1056 1836 1202 1908 Provin-

66 1930 161 2000 cialis
179 1935 311 2002 nombre
329 1931 446 2005 Petrus
476 1933 619 2026 simplex
641 1931 683 2002 de
710 1939 862 2011 comitiva
889 1933 1053 2008 Remundi
1077 1935 1203 2006 comitis

66 2026 267 2119 mulcant,
292 2033 342 2100 cui
366 2035 514 2125 apparuit
538 2027 655 2106 beatus
688 2030 841 2106 Andreas
866 2031 999 2104 dicens:
1028 2033 1203 2104 Ostendam

65 2128 128 2196 tibi
143 2129 312 2216 lanceam,
339 2149 409 2200 cum
433 2149 499 2218 pua
521 2132 606 2200 tana
626 2131 744 2200 Christi
767 2135 801 2200 in
826 2151 922 2202 cruce
938 2139 1087 2220 apertam
1101 2129 1203 2213 suita

65 2227 179 2314 utilite,
205 2230 290 2296 sicat
313 2231 347 2296 ia
371 2231 540 2316 eoarnpelto
563 2231 690 2318 lenitur.
726 2227 826 2322 Capta
853 2248 936 2320 ergo
960 2231 1091 2299 civitate
1117 2225 1203 2296 ideru

66 2322 201 2410 Petrus,
221 2336 376 2417 presente
394 2329 511 2398 comite
528 2324 673 2418 predicto
685 2336 717 2396 et
728 2327 897 2420 capellano
911 2347 984 2412 suo„
1003 2328 1035 2394 in
1047 2324 1201 2411 ecclesia,

67 2443 133 2513 que
150 2420 210 2492 fuit
226 2432 341 2516 postea
359 2421 400 2494 ad
418 2421 576 2494 honorem
594 2421 680 2494 beati
692 2422 777 2494 Petri
790 2422 973 2512 lredisrcata‚
985 2421 1201 2508 ioditinloco,

65 2517 122 2587 ubi
140 2540 202 2612 per
219 2520 457 2592 revelationem
475 2518 698 2612 cognoscebat
727 2545 804 2594 esse
832 2521 982 2592 lanceam
1010 2518 1202 2615 predictam„

66 2627 100 2686 et
117 2619 247 2686 iuvcnit
264 2639 347 2688 earn.
398 2615 450 2688 De
475 2641 538 2712 quo
563 2619 698 2692 multum
716 2619 886 2691 confortmi
915 2629 991 2690 sunt
1017 2619 1201 2714 preregrini

65 2725 102 2784 et
126 2714 306 2786 voluerunt
328 2719 460 2788 oruniuo
484 2719 531 2786 ire
558 2719 590 2786 io
612 2713 804 2790 Ierusalem.
840 2715 907 2788 Sed
935 2713 1111 2790 baronibus
1136 2736 1200 2786 nun

65 2809 243 2882 videbatur
260 2823 388 2908 tempus
407 2811 504 2886 eundi
519 2824 652 2908 propter
676 2816 818 2889 caloreur
839 2825 874 2886 et
900 2814 1062 2893 delectum
1088 2803 1201 2885 viotu‘-

64 2909 177 2982 alium.
219 2909 365 2982 Tandem
390 2909 432 2984 de
459 2909 631 2983 antiochie
660 2911 805 3005 partibus
833 2923 996 2986 exeuntes
1020 2922 1051 2982 et
1080 2933 1200 2984 versus

63 3003 251 3079 Ierusalem
277 3019 477 3103 pergentes,
511 3012 543 3079 iu
568 3011 622 3079 vie
650 3010 767 3080 multas
795 3009 1016 3081 tribulationes
1043 3018 1076 3078 et
1103 3009 1200 3080 multa

64 3105 214 3198 pericula
232 3109 322 3199 passi
341 3117 428 3196 sunt,
444 3110 485 3178 ita
506 3105 591 3201 quud
610 3105 775 3200 penitebat
798 3108 916 3179 multos
944 3107 1068 3176 itineris
1093 3103 1198 3177 buius.

63 3199 106 3272 Et
124 3201 168 3272 de
185 3202 330 3296 predicte
347 3204 464 3276 lancee
481 3207 670 3276 inventione
693 3205 777 3279 lactu
804 3215 856 3278 est
880 3205 1041 3276 contentio
1066 3223 1200 3293 aragne,

64 3298 261 3394 quibusdam
279 3299 460 3374 dicentibus
478 3299 563 3396 quod
574 3299 876 3374 banebarattariam
890 3303 1075 3374 invenisset
1087 3322 1199 3371 comes

63 3397 274 3470 Tbelosanus
293 3408 326 3469 et
343 3399 532 3494 capellanus
552 3397 715 3493 presbiter
732 3423 826 3491 suus,
840 3411 874 3472 ut
890 3400 1046 3493 populum
1058 3397 1100 3469 ed
1112 3420 1199 3468 eun-

64 3493 142 3567 dum
161 3499 194 3566 in
213 3493 396 3570 Ierusalem
415 3500 588 3585 animaret
606 3508 638 3568 et
657 3509 692 3568 ut
708 3509 881 3590 argentum
896 3498 1030 3568 ruultum
1049 3495 1090 3566 de
1102 3493 1200 3566 obla-

63 3592 207 3666 tionibus
225 3595 334 3689 populi
356 3596 547 3667 lucraretur.
579 3595 671 3668 Tunc
690 3596 744 3667 ille
761 3596 897 3685 Penus,
927 3597 979 3667 vir
1004 3593 1145 3687 simplex
1168 3603 1201 3662 et

64 3701 197 3780 rectus,
225 3694 257 3762 in
286 3691 384 3764 iidem
412 3692 569 3764 audacter
600 3715 708 3765 coram
737 3691 913 3764 baronibus
942 3694 1103 3778 asseruit,
1133 3713 1198 3760 uon

64 3787 274 3860 barattariam
293 3789 353 3861 sed
372 3813 490 3862 vcrunr
507 3813 597 3881 esse‚
616 3789 699 3884 quod
719 3790 760 3861 de
789 3792 905 3862 lancea
931 3787 990 3862 sibi
1015 3788 1198 3859 revelatum

64 3887 184 3976 tuerat,
204 3897 236 3958 et
252 3891 286 3958 in
303 3891 521 3960 testimonium
533 3887 627 3960 huius
639 3892 786 3960 veritatis
802 3885 939 3978 rogabat
952 3884 1086 3956 accendi
1100 3907 1200 3975 mag-

64 4009 142 4058 num
160 3990 288 4078 ignaru,
306 4008 404 4080 quem
422 4009 495 4057 curn
512 3987 627 4057 lancea
655 3990 686 4056 in
711 4007 808 4056 manu
833 3986 986 4076 promittit
1009 4005 1047 4054 se
1071 3982 1199 4054 illesum

118 4135 147 4204 l)
167 4133 308 4210 cpnetituit
326 4134 394 4190 oder
412 4135 547 4191 iihuliches
568 4135 632 4191 ieblt
651 4133 677 4190 iu
698 4135 745 4190 der
764 4134 803 4189 be.
840 4129 871 4200 2)
891 4131 968 4186 liche
988 4131 1013 4188 in
1035 4131 1198 4192 dannatur

64 4207 107 4284 eju
126 4214 198 4264 svart
219 4207 287 4263 oder
306 4205 383 4262 arvei.
