2900 4820
161 245 234 324 256
462 243 626 302 lldl'llllAS
645 239 986 302 NUEWENBURGENSIS.

79 441 148 500 1348
162 413 1105 513 TheulcnicorumSwevus¹cumviginliduobusmilibuse
1151 415 1295 489 ilumin-

163 541 304 611 gressus
322 529 442 592 lernam
469 523 561 612 regis
587 519 714 592 Litavie
733 521 865 610 gentilis
885 540 949 591 sex
965 515 1102 588 ebdoma
1128 519 1156 586 is
1172 527 1317 587 terram·

162 623 317 690 vastavit.
361 620 467 706 Quem
484 621 517 688 in
534 621 731 691 reversione
749 639 854 712 usque
872 615 914 688 ad
938 616 1081 708 glaciem
1104 614 1212 686 fluvii²
1229 637 1293 686 re-

163 719 350 789 vertentem
372 739 435 788 rex
460 739 533 787 cum
558 717 771 810 quadraginta
799 713 928 787 milibus
953 716 1154 806 insequilur,
1185 713 1294 782 animo

164 833 236 903 eos,
255 836 329 885 cum
347 813 443 886 simul
460 813 502 884 ad
519 814 662 905 glaciem
678 816 844 904 venerinl„
864 809 1107 904 submergendi.
1134 808 1180 880 At
1192 787 1294 880 clli-

164 913 270 1000 stianiq
290 915 343 1006 qui
360 915 425 984 iam
443 934 544 1006 super
561 913 703 1004 glaciem
719 914 837 1004 parlim
854 921 1029 1000 venerant,
1047 903 1200 980 videntes
1219 906 1293 979 illos

162 1011 294 1088 reversi
312 1008 532 1104 deglaciead
543 1031 706 1104 campum,
724 1011 828 1083 iniere
840 1007 1023 1082 conflictum
1043 1004 1121 1096 [seb.
1134 1005 1173 1095 2]
1193 1005 1292 1078 illumn

163 1129 227 1199 que
245 1107 414 1180 trudentes
432 1104 475 1178 ad
491 1107 632 1198 glaciem
649 1110 768 1201 ipsam,
791 1109 876 1178 circa
895 1128 960 1179 sax
982 1106 1069 1179 milia
1093 1101 1293 1178 submerse-

163 1214 238 1275 runt
255 1215 288 1275 el
306 1208 391 1276 circa
410 1203 581 1276 duodecim
600 1205 685 1275 milia
703 1204 910 1292 occiderunl3
927 1204 1071 1298 reliquos
1085 1222 1170 1276 vero
1187 1223 1293 1294 usque

164 1300 206 1371 ad
223 1303 327 1376 silvas
344 1301 471 1374 Lilovie
490 1303 713 1396 insequuntur.
740 1301 816 1374 Duo
834 1311 942 1374 aulem
960 1301 1077 1373 fratres
1095 1302 1201 1390 regisp
1224 1320 1293 1370 non

163 1399 316 1474 valenles
335 1399 497 1491 effugere,
516 1397 651 1472 arbores
670 1400 907 1488 ascenderunt3
926 1422 1007 1494 quas
1026 1419 1100 1470 cum
1118 1395 1293 1469 Christiani
1342 1465 1346 1471 .

164 1497 335 1569 succidere
353 1498 490 1587 vellana
508 1498 553 1569 illi
570 1496 723 1572 videntes
743 1520 781 1570 sc
799 1521 865 1569 non
882 1518 984 1592 posse
1002 1494 1162 1584 evadere,
1189 1515 1232 1565 ne
1251 1491 1293 1562 de

164 1591 420 1667 Christianorum
448 1603 653 1668 morerenlur
680 1594 848 1686 manibus7
882 1617 957 1667 cum
983 1593 1123 1686 cingulis
1153 1595 1222 1666 suis
1252 1587 1294 1660 ad

162 1714 272 1764 ramos
297 1691 450 1764 arborum
473 1691 680 1788 suspendere
698 1717 737 1766 se
755 1695 855 1789 ipsos.
899 1691 1156 1768 Christianorum
1186 1690 1293 1761 eciam

163 1791 343 1862 eleclorum
360 1793 460 1864 occisi
478 1799 554 1864 sunl
571 1795 802 1887 quinquaginta
821 1791 877 1863 vel
895 1794 994 1863 circa

165 1961 314 2050 Quolitm
337 1963 509 2032 Corradus
535 1963 576 2031 dc
604 1961 728 2050 Kprlrel
751 1960 863 2046 fuerat
886 1969 1000 2050 ceptro
1022 1979 1086 2050 per
1113 1958 1293 2030 lodonoem

242 2063 303 2130 ¹dc
325 2061 483 2130 Noasorcu
503 2063 651 2132 comitem
674 2063 842 2132 iuniorem.

211 2209 339 2284 Eodem
356 2234 442 2284 anno
466 2211 508 2282 de
529 2235 646 2286 mense
664 2211 817 2284 februarii
836 2210 1007 2284 Conradus
1026 2211 1068 2284 de
1085 2211 1200 2285 Kirlrel
1226 2215 1294 2284 mi-

163 2312 267 2384 nister
276 2307 471 2402 Mogunline
490 2310 579 2383 sedis
598 2309 773 2384 alchanne
789 2313 916 2384 iuniore
934 2313 1052 2382 comite
1071 2308 1293 2385 chassowa

163 2431 238 2481 cum
255 2409 363 2482 multis
381 2411 514 2482 armalis
532 2413 668 2503 capiam
693 2419 727 2478 et
744 2407 837 2480 Ouno
854 2406 897 2479 de
914 2406 1135 2480 Valkenstein
1151 2411 1296 2480 cononi-

164 2529 223 2579 cus
249 2504 463 2598 lllcgunlinus
487 2509 521 2576 in
545 2508 724 2578 ministerio
750 2504 957 2596 subrogatur.
1007 2505 1070 2592 Qui
1095 2503 1295 2596 subrogatus

163 2603 261 2674 nullis
285 2607 388 2698 poclis
414 2601 602 2674 Conradum
624 2602 766 2676 liberare
789 2603 922 2693 valens,
946 2601 1055 2677 audito
1079 2605 1187 2674 eciam
1208 2601 1297 2696 quod

163 2710 275 2794 capior
293 2722 369 2772 eum
386 2703 493 2771 eciam
509 2710 641 2794 ,captum
658 2699 800 2794 apulo,
818 2697 995 2774 Gerlacum
1008 2710 1135 2795 palrcm
1146 2699 1189 2770 de
1199 2699 1295 2776 Nus-

163 2819 272 2886 sowaq
290 2795 390 2868 lilium
407 2796 573 2891 quondam
589 2796 701 2869 Adolli
717 2801 823 2890 regis
840 2800 927 2889 ignis
943 2797 1169 2891 inquietudine
1183 2797 1295 2870 inies-

161 2897 255 2982 laviu
273 2897 304 2964 ei
321 2895 405 2965 ultra
424 2897 631 2988 septuaginta
649 2895 746 2968 villas
773 2893 983 2984 comburens,
1007 2895 1129 2966 Karolc
1152 2915 1237 2987 rege
1261 2900 1295 2968 in

162 2989 296 3062 Bcemia
315 2995 492 3079 existente„
510 3013 574 3063 nec
591 2991 733 3064 eundem
750 2997 900 3064 comitem
918 2996 951 3064 in
972 2993 1080 3086 aliquo
1103 2991 1295 3082 adiuvante,

163 3092 313 3182 quamvis
332 3099 462 3184 capurm
479 3090 591 3162 durius
610 3093 751 3161 tenuerit
767 3101 900 3184 propter
916 3111 1044 3181 regem.
1077 3089 1211 3168 Emissa
1228 3113 1297 3162 au-

161 3196 229 3257 tem
246 3195 340 3282 capto
359 3185 401 3258 ad
418 3198 560 3281 tempus,
586 3186 646 3260 sub
665 3190 823 3259 caucione
841 3199 896 3260 aut
913 3186 1012 3258 dandi
1028 3198 1102 3258 ocio
1119 3188 1207 3258 milia
1225 3188 1295 3260 llo-

161 3305 317 3356 renorum
334 3285 392 3356 vel
416 3305 453 3356 se
477 3284 739 3380 representandi,
764 3308 830 3356 non
853 3287 960 3358 minus
986 3285 1071 3358 idem
1097 3305 1209 3361 comes
1234 3309 1297 3380 per

162 3384 327 3454 ministros
346 3379 530 3473 Mogontini
547 3393 583 3455 el
599 3382 694 3475 opida
711 3385 746 3454 in
761 3380 968 3456 Wellereilra
986 3386 1091 3454 extitit
1106 3381 1295 3473 infestatus,

161 3479 203 3548 ita
222 3476 308 3572 quod
325 3477 457 3550 tandem
474 3490 586 3573 caplos
605 3479 724 3552 dimisit
741 3489 774 3549 el
791 3503 866 3552 cum
873 3479 1028 3556 Heinrico
1046 3479 1295 3576 archiepiscopo

162 3575 383 3648 concordavit.
425 3576 472 3650 Al
488 3577 662 3649 Heinricus
688 3575 954 3672 archiepiscopus
979 3587 1013 3647 et
1034 3575 1200 3671 predictus
1225 3583 1295 3653 mi·

160 3675 264 3744 nisler
281 3671 322 3743 de
334 3673 552 3746 Vallenslein
570 3671 757 3746 Conradum
775 3674 817 3746 de
829 3673 970 3770 lyrici,
989 3678 1095 3748 eciam
1111 3685 1295 3770 petentem,

197 3822 226 3889 l)
246 3821 302 3879 lul
318 3821 378 3876 dem
396 3821 463 3878 rand
480 3821 552 3877 slehl
565 3821 622 3878 hier
635 3821 783 3878 lhcilweise
795 3822 1015 3892 abgesclmitlen:
1034 3823 1102 3880 Nola
1117 3823 1189 3894 quod
1205 3823 1291 3882 dicius

161 3891 290 3961 magister
307 3891 530 3948 Theolonicorum
556 3897 584 3948 el
609 3893 782 4018 (p'rngenics
802 3911 850 3950 suu
875 3897 946 3962 (ex]·
962 3900 1035 3966 parte
1054 3893 1138 3966 patris
1156 3895 1218 3961 d(e)
1237 3896 1292 3950 'lu-

160 3963 242 4018 simer
260 3980 294 4018 cx
312 3971 387 4034 paule
406 3963 497 4018 mairie
517 3964 550 4018 de
564 3963 626 4020 llari
646 3965 749 4019 anslein
769 3965 887 4020 armi...
902 3967 1051 4022 residentes
1065 3965 1126 4034 (ud)
1141 3965 1291 4022 Touobiurn

161 4040 222 4088 anie
242 4035 451 4104 moglisperium
471 4033 541 4090 circa
554 4074 559 4086 .
573 4077 596 4090 ..
617 4052 703 4090 annos
729 4035 865 4104 vir-(ilicet)
893 4037 950 4106 egit
969 4043 996 4091 el
1014 4035 1171 4108 pusgnulvil
1196 4043 1289 4094 conire

161 4108 295 4228 pannem)
315 4105 389 4175 regis
403 4105 540 4173 lilo(vie).
577 4107 608 4174 2)
627 4106 716 4163 Ueber
734 4105 947 4170 dicaesclrlucnl
965 4123 998 4164 an
1018 4108 1066 4164 der
1080 4107 1184 4176 Strabo,
1203 4107 1289 4164 einen

180 4193 251 4245 usse,
277 4177 325 4230 der
343 4177 398 4230 sicli
419 4173 521 4234 sddlich
540 4194 594 4233 uon
613 4177 718 4234 llcwno
737 4195 790 4236 ron
810 4186 888 4234 oslen
918 4179 966 4236 her
991 4179 1017 4240 in
1044 4179 1095 4236 den
1114 4178 1224 4236 Niemen
1244 4197 1291 4236 er-

161 4247 256 4316 giesst,
274 4248 329 4316 vgl.
349 4247 442 4318 voigi
461 4248 555 4304 Gesclr.
575 4250 719 4306 l'rcussens
738 4249 917 4321 asez—696.
