2904 4822
333 243 508 305 tmntmcos
522 243 568 304 oa
581 244 845 306 nmssmnovnn.
926 251 930 258 ’
965 251 969 260 ·
1120 249 1169 325 03

67 411 257 506 progrediens
273 417 410 491 iuravit:
426 419 547 490 comt
556 422 709 508 conticet,
725 421 755 488 st
766 420 1170 506 promoseaonercaret.
1189 430 1258 495 tstt

67 509 162 584 Notus
183 512 298 586 modus
322 512 471 588 homines
495 515 722 605 convertendi
746 537 820 587 cim
842 512 946 586 libere
969 525 1092 588 mnium
1115 515 1175 588 linit

66 609 255 684 mnverteadi
271 610 421 686 homines
431 635 498 685 nec
505 613 547 684 ad
563 611 662 686 iidem
672 611 899 706 compellendi.
916 611 985 684 Sed
995 613 1080 685 forte
1091 612 1174 686 dens

65 701 114 776 loc
127 711 283 800 permittit,
307 719 342 782 nt
358 731 440 803 qnos
457 709 510 780 dei
533 713 629 780 timor
646 733 664 781 a
683 711 768 782 male
779 731 859 781 non
880 721 1029 802 revocat,
1043 711 1175 784 saltem

64 804 227 898 temperdis
250 804 420 900 disciplina
437 829 456 876 a
474 807 560 878 malo
584 818 753 894 coerceat3
777 816 811 878 et
833 809 907 902 quia
931 807 1011 878 cleri
1034 805 1174 879 devocio

63 897 172 990 esset
187 902 359 996 laycorum
369 902 451 976 lides
462 915 648 994 exoeseat
667 915 700 977 et
716 903 834 996 gladiis
852 914 886 976 et
895 903 1034 978 fustibus
1051 903 1174 976 inlide-

63 993 129 1068 llns
144 1000 267 1092 populis
286 999 386 1072 idem
401 1000 581 1168 predicant,
599 1005 652 1096 qrni
670 1003 748 1076 olim
764 1001 892 1076 eisdem
903 1003 1002 1074 armis¹
1010 999 1186 1074 Christum

62 1115 121 1164 eim
141 1101 251 1168 turmis
268 1119 403 1193 compre
425 1098 596 1170 endemnt
618 1099 663 1170 Et
685 1102 769 1173 siout
791 1097 940 1170 Christus
963 1097 1004 1171 olt
1028 1108 1173 1171 nostram

62 1189 306 1286 redempcionem
316 1204 430 1290 captus
441 1205 680 1290 estetpassus,
697 1200 741 1268 ita
751 1199 814 1291 ipsi
830 1194 981 1269 infideles
992 1219 1011 1266 a
1023 1193 1172 1268 fidelibus

61 1283 229 1361 adsalutem
239 1295 386 1384 ipsoram
397 1291 541 1364 fidelium
552 1296 651 1366 armis
662 1292 823 1385 etgladiis
835 1289 1173 1388 capianturChristia-

60 1403 163 1458 nomm.
175 1385 247 1460 lleo
257 1389 354 1461 miles
366 1387 461 1461 miehi
471 1389 819 1486 mnilitqnipredietis
830 1411 970 1486 presens
979 1389 1049 1480 luit,
1059 1392 1172 1462 nomi-

60 1492 137 1554 natns
153 1483 192 1554 de
207 1485 410 1578 Sternegge.

60 1629 98 1698 lte
111 1643 205 1705 morte
220 1639 348 1706 dcmtai
369 1637 472 1708 lllriet
494 1641 641 1728 episcopi
659 1640 920 1730 Comtonttem
942 1646 977 1709 et
996 1640 1038 1709 de
1052 1647 1172 1728 postte-

136 1735 262 1804 loee'one
281 1743 314 1804 et
328 1738 483 1806 electione
492 1739 643 1824 mopietrt'
651 1737 807 1810 hiemis
820 1737 969 1808 Windlolt
979 1739 1173 1808 concellarii

135 1833 224 1902 deicis
239 1833 371 1903 Atestrte
387 1836 435 1902 od
449 1836 592 1906 eiusdem
608 1839 713 1906 cotom
730 1838 823 1907 deco
835 1853 960 1926 preces,
985 1843 1018 1906 et
1032 1837 1171 1924 quedem
1199 1841 1202 1846 '

137 1930 214 2000 mia.
444 1981 448 1990 .
1190 1963 1192 1968 ·

93 2061 164 2134 ltem
186 2062 334 2158 predicto
356 2087 443 2138 anno
460 2065 492 2136 li.
511 2067 577 2138 viii.
601 2064 666 2138 kal.
691 2064 876 2140 decembris
897 2071 991 2158 [nov.
1010 2065 1075 2158 24]
1095 2078 1171 2140 ante

56 2169 141 2230 onum
166 2159 229 2233 diei
257 2161 408 2236 dominns
431 2161 562 2236 Uliicus
590 2167 766 2258 episcopus
791 2163 1053 2238 constantiensis
1080 2167 1169 2236 viam

57 2259 191 2330 universe
201 2261 311 2332 carnis
322 2263 496 2352 ingressus
509 2272 572 2351 est,
583 2271 756 2356 postquam
766 2260 911 2356 predicte
921 2261 1065 2334 ecclesie
1073 2260 1169 2334 Con-

56 2358 201 2428 stantionsi
225 2357 373 2452 presedit
396 2359 490 2430 annis
516 2380 591 2450 sem
615 2380 732 2430 mense
757 2369 790 2430 et
812 2358 883 2432 dies
907 2361 951 2428 vi.
979 2357 1023 2429 Et
1044 2360 1085 2428 iii.
1104 2356 1169 2430 kal.

56 2447 216 2528 decembris
240 2455 382 2549 capitulo
405 2453 534 2527 adhoc
555 2459 737 2527 convocato
761 2453 802 2526 ad
851 2473 947 2528 reoes
966 2457 1171 2528 serenissimi

56 2551 185 2644 principis
203 2550 326 2623 domini
342 2550 472 2624 Allierti
488 2552 624 2624 Austris
641 2549 739 2623 Stirie
756 2576 797 2623 ac
843 2550 979 2631 arinthie
997 2551 1103 2641 ducis,
1131 2574 1171 2624 ac
1195 2553 1198 2558 ’
1353 2553 1355 2558 ’

56 2649 202 2720 mnitatns
212 2646 394 2742 inlliburgq
412 2647 629 2744 inllaltspurg
646 2658 680 2721 et
695 2650 831 2721 aliorum
843 2650 1050 2724 diversomm
1061 2651 1169 2721 eomi-

56 2749 136 2816 lttnm
146 2765 258 2820 comes
270 2756 304 2817 et
315 2744 688 2836 dominns¹‚nominetus
701 2769 762 2818 seu
772 2747 953 2841 postulatus
965 2745 1170 2819 concorditer

56 2835 100 2910 lml
114 2847 268 2936 magister
283 2842 446 2916 lohannes
464 2841 567 2918 dictus
585 2841 784 2915 Windeloeh
801 2845 1016 2916 cancellarius
1034 2842 1169 2938 predicti

56 2931 129 3008 ducis
139 2937 169 3010 in
179 2945 371 3036 episcopum
383 2939 683 3031 constantiensem,
700 2939 850 3015 omnibus
861 2937 1070 3035 presentibus
1082 2962 1169 3012 con-

57 3035 247 3109 sentientibus
272 3041 306 3109 in
328 3037 480 3109 eundem.
505 3037 673 3110 Predietus
697 3048 807 3108 tamen
823 3041 1008 3110 nominatis
1025 3058 1168 3132 presens

56 3149 107 3201 non
127 3133 193 3224 init,
216 3157 282 3206 neo
303 3139 396 3207 venit
418 3133 459 3205 ad
484 3135 670 3230 capitulum,
694 3133 771 3206 licet
792 3134 944 3206 fueritin
960 3135 1083 3223 vinno,
1107 3131 1168 3207 sed

56 3223 204 3304 deseendit
214 3254 289 3304 oum
300 3230 384 3304 duce
393 3231 538 3327 predicto
548 3233 769 3322 industriam
787 3235 945 3326 quisnam
961 3229 1169 3324 legacionem

56 3329 125 3398 nisit
140 3328 179 3401 ad
195 3351 314 3424 papam
329 3341 447 3424 petens
466 3331 641 3402 ecclesiam
649 3327 935 3403 Constantiensem
951 3351 1011 3424 pro
1022 3329 1168 3423 predicto

57 3429 203 3516 magistro.
279 3427 321 3500 Et
338 3447 412 3500 cum
423 3427 573 3500 dominus
585 3425 653 3500 dun
663 3436 755 3500 esset
771 3431 804 3499 in
821 3429 877 3498 via
894 3423 1118 3500 descendendi
1134 3429 1168 3498 in

58 3519 205 3596 insciam
227 3523 351 3598 litteras
373 3529 499 3619 recepit
520 3524 562 3597 de
586 3533 690 3596 morte
714 3523 844 3595 domine
866 3522 1012 3596 Iohanne
1036 3521 1168 3596 ducisse

57 3623 151 3692 uxoris
161 3644 222 3695 sne
236 3619 279 3712 [l
288 3622 452 3713 nov.15],
470 3623 652 3716 premeret
667 3620 732 3694 itta
750 3623 876 3694 comitis
893 3619 1109 3710 emenone,
1126 3619 1169 3691 de

57 3735 106 3804 qna
115 3715 220 3791 hebuit
229 3723 413 3791 comitatum
420 3719 601 3814 predictum
612 3740 677 3791 nne
687 3742 762 3791 cum
773 3728 910 3813 quatuor
917 3718 1003 3808 liliis,
1014 3717 1169 3790 videlieet

57 3807 178 3888 llndollo
198 3820 415 3910 primogenito
433 3820 487 3910 qni
501 3814 613 3889 habnt
627 3815 727 3888 filiam
737 3817 1072 3908 regisltomanorum,
1089 3813 1167 3884 Fri·

57 3905 161 4000 leton
177 3911 323 4008 lnpoldo
338 3912 539 4004 etntbene
556 3924 591 3986 et
607 3912 733 3986 duabus
749 3913 906 4002 lilialtns²q
924 3915 999 3986 licet
1010 3915 1084 4006 ipse
1099 3909 1168 3980 dux

58 4005 225 4100 inpediltes
242 4014 324 4083 etin
341 4010 489 4084 manibus
507 4021 596 4084 mate
613 4009 784 4083 debilitatis
802 4015 973 4100 existeret,
990 4007 1168 4102 quodcum

59 4103 187 4180 nantes
209 4130 276 4180 non
300 4120 412 4204 posset
439 4106 545 4180 cibum
568 4111 616 4180 ori
642 4108 819 4203 applicare,
846 4131 911 4182 neo
933 4128 1007 4180 cum
1029 4103 1168 4202 pedibus

87 4231 264 4300 ttmtiets.
289 4237 473 4307 stlattaria
489 4239 724 4309 undllargarellra.
792 4337 795 4342 Ι
873 4305 875 4310 .
916 4309 956 4364 θ’
