3036 4822
258 259 333 340 360
450 267 632 327 successio
652 268 880 327 EPISCOPORUM
898 267 1198 327 noctnnn'nnstttn.

260 441 374 517 sedern
393 443 704 540 archiepiscopalem
727 449 872 519 rexisset
895 449 989 518 annis
1007 450 1073 518 xiii.
1110 445 1176 518 Sed
1199 445 1276 518 dnm
1294 467 1392 518 mer-

259 545 382 614 cenarii
415 541 644 634 Mogontinnnr
684 543 998 640 archiepiscopatum
1036 567 1228 639 comparare
1261 545 1390 618 vellent

259 642 389 736 precio,
417 640 602 734 sigefridus
627 640 817 713 obediencia
843 645 945 714 sancti
968 641 1137 713 Benedicti
1162 665 1259 736 quarn
1283 641 1389 715 abbati

259 735 399 810 debebat
425 739 589 810 nolenter
615 741 823 834 compulsus,
853 739 1057 831 Mogentiana
1085 739 1180 810 rediit
1206 743 1273 811 viii.
1302 741 1389 835 ydus

259 834 453 909 decembris.
480 837 542 908 Hic
559 837 735 909 claustrum
754 848 867 910 sancte
878 835 983 910 Maria
995 837 1036 907 ad
1054 837 1177 929 gradm
1196 843 1388 910 consonuit.

258 933 391 1022 (Presul
409 934 623 1026 Mogontinns
647 935 687 1006 ab
705 936 928 1027 indignatione
952 940 1076 1008 cesaris
1101 935 1230 1006 sibimet
1246 935 1391 1032 undique

258 1035 475 1128 prospiciens
494 1043 636 1105 aarum
649 1037 814 1128 antiquum
825 1045 858 1105 et
870 1038 1005 1128 iamper
1016 1035 1134 1107 multas
1145 1037 1390 1125 generaciones

258 1151 345 1228 pene
363 1129 506 1203 funditus
524 1135 677 1220 attritum„
696 1131 780 1226 quod
799 1133 855 1202 vei
873 1156 891 1201 a
910 1135 983 1203 rivo
1001 1133 1145 1202 alluente
1157 1131 1296 1218 Ascaniaq
1315 1137 1389 1204 sive

257 1237 293 1298 ut
310 1226 437 1321 qnidam
457 1229 573 1300 volunt
589 1227 629 1299 ab
647 1230 794 1302 Ascanio
819 1227 985 1301 conditore
1003 1225 1239 1320 Ascaienhurg
1262 1228 1390 1317 dictur,
1497 1301 1498 1316 ,

258 1329 339 1398 iniro
357 1336 474 1397 conatu
492 1331 578 1420 cepit
595 1331 751 1420 munire.)
1497 1341 1498 1344 ’

307 1423 483 1496 M.lxxx.v.
519 1425 717 1498 Wenclinus
742 1425 826 1496 sedit
843 1429 937 1498 annis
955 1423 1070 1514 tribus
1094 1427 1254 1518 egregius
1272 1427 1389 1522 predi·

259 1519 358 1593 cator.
386 1521 504 1612 (Anno
523 1523 619 1593 1088
636 1521 747 1594 Wecil
765 1521 870 1616 obiit.)

218 1671 220 1676 ·
308 1620 517 1692 Mtxxnvnr.
544 1620 731 1693 Ruthardus
750 1621 835 1693 sedit
852 1625 946 1693 annis
963 1625 1045 1711 xxii
1069 1619 1147 1692 obiit
1164 1643 1251 1692 anno
1269 1625 1388 1694 nncix.

260 1719 379 1820 (Anno
392 1719 623 1792 mdnxxxniii,
650 1717 836 1790 Ruthardus
855 1719 1120 1812 archiepiscopos
1133 1719 1313 1810 Mognncie
1331 1741 1390 1814 pro
1497 1775 1498 1818 ἶ

258 1819 396 1910 pecnnia
422 1838 518 1910 quarn
535 1815 626 1886 ludci
646 1816 848 1910 reliquerunt
871 1821 1010 1908 gratiam
1032 1821 1124 1908 regis
1150 1816 1290 1911 perdidit
1308 1827 1342 1888 et
1358 1821 1391 1887 in
1497 1837 1498 1864 ³

257 1911 469 2006 Thuringiam
494 1918 646 2002 secessit„
670 1911 777 2008 ibique
798 1917 935 2008 [usqne]
956 1913 997 1984 ad
1015 1913 1135 1985 obitum
1160 1917 1231 1986 eius
1254 1913 1391 1986 rebeliis

260 2016 391 2100 mansit,
405 2010 519 2083 dicens
531 2012 616 2106 quod
628 2015 869 2082 communicare
881 2015 1163 2083 excommunicato
1173 2013 1249 2103 regi
1260 2012 1391 2104 nollet.)

308 2107 419 2182 Mox.
456 2107 655 2181 Adalbertus
681 2108 766 2181 sedit
786 2113 880 2180 annis
897 2112 1002 2182 xxvii.
1038 2108 1275 2181 Monasten'unr
1294 2112 1391 2203 pn‘n-

259 2206 363 2301 cipale
387 2211 491 2278 sancti
507 2206 639 2278 Martini
662 2229 736 2280 cunr
760 2207 865 2301 aliquo
882 2217 976 2302 parte
994 2209 1134 2280 civitatis
1161 2217 1390 2301 consumptum

259 2315 318 2376 est
347 2303 474 2376 Eodern
491 2317 639 2399 ternpore
657 2325 793 2398 corpora
813 2315 1000 2376 sanctorum
1016 2303 1123 2375 Aurei
1141 2315 1174 2374 et
1190 2303 1317 2374 iustine
1334 2308 1391 2374 in-

259 2412 358 2472 venta
384 2413 459 2474 snnt
482 2402 524 2473 ad
547 2413 695 2473 sanctum
720 2399 885 2474 Albanum
910 2411 1003 2472 extra
1029 2423 1140 2472 nrnros
1164 2399 1389 2492 Magantinos.

258 2497 320 2570 Hic
342 2504 524 2573 construxit
542 2499 718 2571 claustrum
735 2497 865 2570 Erbach
883 2499 1113 2571 Cisterciensis
1135 2497 1259 2570 ordinis
1287 2521 1391 2594 prope

258 2595 525 2692 Scharpenstein.

307 2694 536 2768 Monxxniii.
572 2692 774 2767 Adalbertns
801 2695 1013 2768 Eriordensis
1043 2697 1248 2790 prepositus,
1283 2717 1391 2790 nepos

259 2793 358 2880 (alias
383 2795 557 2887 patruelis)
580 2793 831 2887 predecessoris
860 2794 1003 2865 deiuncti
1030 2793 1278 2888 archiepiscopi,
1307 2794 1392 2864 sedit

307 2987 421 3061 narr.
462 2987 664 3061 Marcholius
691 2987 1050 3081 Aschadenburgensis
1084 2989 1270 3082 prepositus
1306 2987 1392 3060 sedit

257 3090 351 3158 annis
369 3085 506 3159 dnobus.

308 3185 432 3258 Mane.
465 3183 628 3258 Henn'cus
647 3188 779 3258 maioris
797 3183 913 3257 domus
937 3186 1121 3279 prepositus
1140 3183 1224 3255 sedit
1241 3187 1339 3256 annis
1356 3205 1389 3255 x.

309 3283 484 3374 [Modiin]
513 3284 692 3356 Arnoldns.
720 3283 829 3375 (nn.
857 3283 1026 3354 Arnoidns
1045 3283 1218 3374 episcopus
1237 3279 1390 3372 Mogon-

257 3385 343 3453 tinns
361 3385 394 3452 in
412 3381 555 3452 ecclesia
573 3386 676 3454 sancti
693 3379 801 3454 iacobi
819 3381 1003 3474 occiditur.)

307 3477 464 3550 nolin}
499 3477 671 3552 Conradns
696 3479 908 3550 aFrederico
930 3483 1033 3572 prinro
1057 3479 1255 3572 imperatore
1280 3477 1390 3571 depo-

257 3579 343 3648 nitor
365 3587 537 3672 postquam
561 3576 645 3650 sedit
668 3579 763 3649 annis
786 3580 842 3648 xii.
870 3577 947 3670 (pro
971 3598 1032 3669 per
1054 3573 1220 3646 hienniunr
1245 3575 1390 3647 eeclesia

256 3684 398 3746 vacante
417 3675 587 3746 Cristanns
605 3676 761 3768 electus.)

306 3771 464 3845 Meinv.
510 3770 689 3844 Cristianus
727 3770 810 3845 sedit
846 3775 939 3845 annis
970 3775 1061 3844 xviii.
1099 3772 1147 3860 (in
1180 3769 1391 3842 Franckvnrt

257 3870 413 3964 electus.)

307 3967 522 4041 Mcdxxxiii.
560 3970 730 4042 Conrados
748 3971 927 4042 restituitur
944 3981 977 4040 et
995 3968 1080 4040 sedit
1096 3969 1194 4049 annis,
1208 3969 1289 4036 xvii.
1328 3965 1389 4036 Hic

257 4071 427 4144 coronavit
443 4091 561 4162 regem
578 4071 612 4140 in
628 4067 830 4139 iherusalem
848 4072 881 4138 in
899 4070 1069 4162 passagio,
1087 4075 1120 4136 et
1136 4086 1256 4156 regern
1267 4063 1385 4159 Giprie.

253 4182 254 4186 ’
307 4163 401 4238 Moe.
427 4165 566 4238 sifridus
585 4165 669 4238 sedit
687 4169 781 4238 annis
797 4189 880 4238 rnen
913 4165 1031 4256 (Anno
1049 4163 1168 4234 domini
1189 4161 1384 4233 mccxxiii.

313 4285 341 4358 t)
361 4304 393 4342 so
410 4287 436 4348 io
451 4288 499 4345 der
512 4287 563 4364 hs,
582 4305 611 4344 es
631 4288 666 4348 iot
680 4287 723 4346 die
742 4287 872 4348 iahrsnatd
891 4287 935 4348 dio
946 4303 997 4344 vor
1010 4285 1112 4344 Arnoid
1125 4299 1273 4360 vergesseo
1286 4282 1384 4340 worda.
