3010 4822
470 156 643 216 dstantem
663 155 914 214 assoonasnsts.
1185 157 1257 232 567

134 345 163 406 et
179 335 313 408 aliorum
331 332 501 421 heredum„
519 357 582 406 nec
599 355 664 406 non
682 335 777 406 totius
797 342 884 403 terre
895 341 929 402 et
948 329 1113 404 hominum
1124 329 1256 422 ibidem
1274 337 1343 398 ¹359

133 431 170 504 ah
179 435 534 520 excommunicationis
543 433 770 526 suspensionis
778 428 976 501 etinterdicti
988 431 1172 518 sententiis
1180 431 1258 524 qui-

133 527 364 624 bushucusque
378 527 418 600 ab
433 527 520 602 obitu
531 528 698 600 Ludewici
705 529 796 622 ligati
806 527 950 618 fuerunt,
957 527 1033 598 licet
1042 528 1105 600 alie
1116 529 1258 621 provin-

133 631 179 700 cio
193 627 367 700 hlamauie
379 624 667 699 luerintabsolute.
694 625 736 698 Et
746 624 834 697 idem
844 627 1019 720 episcopus
1032 622 1258 717 Frisingensis

132 725 351 820 sollempniter
368 727 400 796 in
418 724 558 796 Monaco
576 727 711 797 missam
729 720 903 796 celebrans
927 721 1148 794 marchionem
1173 745 1258 818 pre-

131 821 245 894 dictum
263 833 297 894 et
313 844 451 894 uxorem
469 843 562 893 snam
574 818 766 894 absolvitah
776 819 960 894 huiusmodi
972 823 1142 894 sententiis
1156 823 1255 915 [sept.

130 923 187 1010 2];
205 943 245 991 ao
262 919 411 1010 eosdem7
430 923 483 1015 qui
501 919 658 992 hacoenus
676 920 783 993 illicite
802 917 1069 992 cohabitaverant
1086 928 1120 988 ut
1137 921 1257 992 coniu-

130 1041 203 1112 με,
222 1021 294 1114 quia
311 1021 343 1090 in
362 1021 457 1090 tertio
475 1017 580 1112 gradu
592 1019 843 1110 consanguinei
855 1027 950 1112 prout
960 1039 1058 1110 snpra
1071 1013 1132 1089 sub
1143 1014 1257 1087 Lude-

129 1120 215 1188 wico
232 1119 397 1206 invenies
415 1117 492 1186 item
510 1119 583 1210 quia
595 1119 732 1188 vivente
743 1117 841 1210 priori
853 1117 981 1204 marito,
992 1111 1258 1190 videlicetfratre

129 1213 239 1285 llaroli
270 1215 510 1308 ἱιιιρετειῑοτίε,1
543 1223 693 1307 tanquam
719 1214 885 1304 legitimos
912 1213 1073 1303 coniuges
1098 1209 1141 1281 de
1168 1231 1258 1284 novo

130 1312 405 1382 matrimonialiter
420 1311 597 1404 copulavit,
615 1321 649 1382 et
665 1313 857 1382 anctoritate
875 1309 964 1384 sedis
982 1307 1162 1404 apostolice
1182 1306 1256 1380 dis-

128 1411 293 1502 pensavit,
311 1419 344 1478 ut
362 1411 522 1498 coniuges
540 1417 678 1501 possent
687 1407 823 1498 legitimi
834 1427 1044 1502 permanere,
1057 1429 1098 1479 ac
1107 1404 1258 1478 homines

127 1503 244 1576 ibidem
264 1503 417 1594 absolvit,
434 1504 636 1578 interdictum
655 1517 688 1577 et
704 1507 785 1576 alias
804 1508 983 1578 sententias
1012 1505 1195 1594 retaxavit,
1219 1526 1259 1576 ac

127 1613 240 1698 postea
259 1603 450 1674 universam
466 1613 587 1674 terram
606 1601 785 1676 subiectam
802 1601 955 1696 predictis
978 1599 1173 1690 heredibus5
1196 1623 1259 1672 nec

127 1723 192 1771 non
214 1694 363 1772 homines
383 1699 501 1770 ibidem
520 1699 671 1774 absolvit.
697 1698 774 1794 lpse
784 1720 868 1772 vero
879 1697 1076 1772 Ludewicus
1094 1702 1159 1770 iam
1169 1697 1258 1772 duo-

128 1797 256 1869 decimo
274 1819 359 1867 anno
378 1806 536 1885 mortuusq
555 1808 587 1869 et
604 1798 752 1891 sepultus
771 1797 903 1869 Monaci
926 1800 957 1867 in
976 1794 1128 1890 parochia
1146 1805 1260 1870 sancte

129 1891 245 1983 lalarieq
263 1917 329 1965 non
347 1893 405 1965 luit
420 1905 497 1966 tunc
508 1893 688 1984 absolutus
708 1899 783 1990 qnia
801 1893 966 1990 prodictus
978 1897 1153 1989 episcopus
1165 1891 1258 1982 dixit,

127 2012 164 2063 se
182 2013 250 2062 non
267 1989 389 2063 habere
407 1997 643 2083 auctoritatem7
662 1993 721 2064 sed
739 2015 798 2087 pro
816 1991 1020 2066 absolutione
1046 2015 1106 2066 sua
1130 2013 1258 2064 consu-

125 2090 183 2164 luit
201 2089 244 2164 de
262 2109 352 2162 novo
369 2093 497 2162 mittero
513 2093 651 2162 nuncios
669 2090 710 2161 ad
733 2111 871 2186 papum,
891 2101 924 2162 et
932 2089 1044 2164 -voluit
1067 2091 1173 2186 ipsum
1191 2111 1259 2162 ex·

126 2185 297 2276 humasse,
312 2186 372 2259 sed
389 2185 623 2281 prohibuerunt
640 2187 791 2260 heredes.

175 2283 258 2355 ltcm
283 2304 369 2356 anno
393 2283 514 2356 domini
539 2287 720 2356 mccclxi.
744 2283 787 2355 de
811 2307 929 2358 mense
955 2287 1090 2357 ianuarii
1117 2283 1338 2380 quedamtast

127 2385 270 2454 societas
287 2389 485 2454 matorum
504 2403 542 2454 se
553 2391 738 2476 congregat
751 2386 881 2472 ieram,
892 2393 1049 2478 utsupra
1068 2383 1153 2454 circa
1164 2381 1258 2454 Avi-

126 2485 258 2552 niunem
277 2501 378 2574 super
394 2479 603 2570 Rhodanum
621 2492 655 2552 et
671 2485 801 2575 capiunt
818 2489 961 2554 casurum
984 2480 1123 2576 Spiritus
1141 2482 1258 2568 sancd„

126 2588 159 2650 et
176 2587 311 2674 pontem
328 2576 477 2651 Rhodani
495 2575 632 2668 ibidem,
657 2587 692 2648 ut
717 2577 927 2672 prohiberent
949 2578 1102 2653 nonalia
1125 2575 1258 2650 deferre

125 2679 219 2746 curie
236 2674 399 2764 Romanea
417 2697 457 2746 ac
473 2673 594 2768 predas
615 2686 647 2746 et
664 2675 765 2750 cedes
783 2675 905 2748 iaciunt
924 2677 1184 2770 circumquaque.
1216 2671 1259 2745 Et

125 2769 188 2844 hec
206 2775 349 2846 societas
368 2774 499 2864 supter„
518 2795 581 2843 una
609 2777 694 2846 circa
720 2773 915 2846 Rhodanum
938 2771 979 2844 ab
1002 2773 1172 2866 emtione„
1195 2772 1259 2843 alia

125 2893 170 2942 ex
188 2877 284 2964 parte
301 2869 434 2941 australi
446 2890 567 2942 versus
579 2870 1069 2958 llonteml'essulannmmertia
1081 2869 1259 2941 oboriente

125 2987 250 3039 versus
269 2965 530 3061 Carpentrutum
548 2971 590 3038 ita
610 2967 694 3062 quod
715 2972 803 3040 curia
822 2971 924 3040 timuit
940 2965 1000 3040 sibi
1017 2969 1169 3056 multum,
1199 2965 1259 3038 sed

125 3076 240 3137 tamen
257 3075 472 3137 assernerunt
491 3065 577 3160 quod
595 3087 712 3160 papam
731 3077 764 3137 et
786 3069 908 3137 curiam
932 3066 1056 3136 nollent
1082 3064 1259 3158 dampniii-

125 3184 216 3232 care.
268 3161 415 3234 Securus
440 3173 549 3235 autem
580 3183 646 3235 non
676 3165 777 3258 patuit
803 3165 951 3234 introitus
979 3165 1069 3233 curie
1095 3162 1259 3248 Romane„

124 3257 365 3354 propterquod
383 3263 490 3351 magis
508 3281 604 3353 quam
628 3271 762 3355 propter
784 3263 928 3355 priorem
955 3261 1145 3333 sodetatem
1170 3261 1260 3332 curia

124 3363 178 3428 est
197 3354 298 3427 valde
315 3355 451 3428 turbata
494 3357 536 3428 Et
552 3379 614 3451 pro
630 3357 775 3431 subsidio
793 3358 942 3430 dominus
959 3379 1044 3453 papa
1059 3357 1259 3450 legationem

124 3453 259 3524 domino
285 3453 407 3526 llarolo
443 3457 630 3549 imperatori
664 3467 698 3526 et
724 3455 899 3527 Alamanie
926 3453 1124 3551 principibus
1152 3453 1260 3546 dirigit

124 3555 303 3641 sericeam„
321 3555 390 3647 qui²
408 3555 580 3646 pecuniam
597 3555 712 3646 petivit
729 3573 788 3647 pro
800 3551 957 3643 subsidim
975 3576 1072 3648 quarn
1083 3574 1168 3649 pape
1179 3550 1260 3625 dare

123 3652 309 3722 recusant.³
358 3649 401 3722 Et
415 3651 545 3724 tandem
564 3671 637 3722 cum
656 3649 841 3722 huiusmodi
864 3651 998 3745 predicti
1026 3659 1152 3724 starent
1174 3651 1260 3720 circa

126 3751 253 3819 curiam
271 3748 485 3842 prescriptam
503 3771 563 3843 per
580 3759 726 3842 quartam
738 3759 865 3843 partem
882 3751 957 3820 annui
970 3747 1025 3822 vel
1037 3752 1136 3838 circa,
1153 3769 1261 3842 pecu-

126 3849 182 3917 nia
213 3847 355 3940 placavit
381 3846 528 3920 eosdem.
579 3847 623 3918 Et
657 3850 705 3920 sic
731 3857 944 3919 recesserunt
972 3869 1045 3918 cum
1073 3845 1261 3918 marchione

125 3941 500 4016 llontisFerraticcntm
508 3943 790 4034 Mediolanenses,
798 3942 961 4038 dequibus
969 3943 1051 4016 inira
1059 3941 1258 4018 suhllurolo.

182 4089 213 4159 1)
232 4100 340 4150 ansata:
358 4093 420 4150 licet
434 4097 491 4168 ipsa
506 4096 644 4152 diuortiata
659 4096 692 4152 ab
707 4095 767 4167 ipso
783 4099 863 4168 prout
872 4095 940 4154 inira
954 4093 1005 4154 sub
1019 4093 1119 4155 llarolo
1135 4093 1260 4156 tmeniar.

124 4163 156 4232 2)
177 4180 229 4236 qua
248 4169 320 4224 wire
339 4167 411 4224 wohl
431 4167 530 4224 besser.
569 4167 599 4238 3)
619 4175 724 4224 recursat
743 4165 829 4228 Gen..
