2982 4824
283 239 463 300 umonmdu
482 237 673 302 mortubrum
692 239 799 302 desti
818 240 1059 304 trutmundum
1161 246 1234 322 657

106 425 170 506 est,
193 427 229 488 ut
244 439 318 490 cum
336 416 474 492 soldano
491 417 532 490 ad
550 430 639 492 certa
656 429 749 515 pacta
767 422 911 512 veniret,
934 423 978 494 itu
994 418 1081 516 «prod
1098 419 1172 494 duta
1188 420 1236 492 iili

106 523 195 586 certa
276 518 352 587 unic
369 520 545 611 mandute
559 528 592 591 et
608 517 734 592 redditu
746 515 896 590 Damiata
913 540 976 590 rex
991 539 1066 590 cum
1082 516 1235 592 omnibus

107 615 175 684 suis
192 613 214 684 li
258 635 296 684 re
306 611 419 687 abbat
434 613 579 688 Sclduno
590 638 675 689 veru
685 619 769 688 inter
778 614 842 688 bec
857 615 1027 689 interfecto
1039 614 1236 711 disponente

106 707 169 780 deo
186 731 364 784 successor
380 715 452 786 eius
469 717 579 786 omnia
596 713 641 786 illi
657 724 751 808 pacta
769 717 929 788 servavit.
951 713 1073 810 sicque
1085 735 1149 802 rex
1159 734 1236 788 cum

106 809 175 882 suis
191 806 342 884 omnibus
360 807 465 882 iibere
482 809 654 886 abscessit.

154 956 223 1030 Sed
239 982 325 1052 rege
343 961 529 1058 adtempus
547 967 580 1033 in
596 959 694 1058 Syria
718 974 923 1054 remanente„
947 963 1088 1038 Karolus
1105 973 1157 1038 est
1172 986 1236 1036 re-

105 1077 227 1129 versus
244 1061 278 1129 in
295 1057 475 1134 Franciam.
501 1059 614 1155 ltaque
637 1059 680 1132 bii
701 1061 766 1133 duo
788 1062 906 1134 frames
924 1065 989 1134 iam
1013 1060 1087 1134 dicti
1103 1060 1236 1134 inerunt

106 1155 211 1226 taliter
226 1159 369 1247 morati,
387 1167 421 1228 ut
440 1157 698 1232 rexbcdovious
717 1162 874 1231 maiorem
891 1159 990 1231 filiam
1008 1162 1133 1232 comitis
1146 1159 1237 1230 Pro-

105 1253 207 1324 vintie
231 1257 395 1348 acciperet
411 1258 443 1325 in
461 1277 599 1328 uxorem
622 1253 731 1327 dotem
759 1261 922 1352 accipiens
946 1259 979 1328 in
1003 1259 1141 1352 pecunia
1165 1278 1235 1327 nu-

105 1360 239 1421 merata.
260 1348 327 1421 Sed
339 1350 480 1424 Karolus
493 1357 650 1424 minorem
664 1357 789 1450 accepit
804 1375 953 1428 sororem
970 1375 1030 1448 pro
1041 1353 1117 1425 dote
1134 1362 1236 1425 totum

105 1450 269 1542 accipiens
280 1447 447 1520 Provintie
465 1455 659 1522 comitatum.
687 1450 761 1522 Due
778 1474 861 1524 vero
881 1449 1041 1542 abablio,
1059 1473 1122 1545 que
1141 1459 1236 1521 erant

105 1542 214 1614 medie
229 1545 459 1641 predictarum,
476 1551 551 1640 regi
561 1546 686 1640 Anglie
704 1558 737 1620 et
753 1549 843 1622 fratri
861 1552 932 1620 eius
951 1551 1058 1620 cunuti
1070 1545 1235 1620 Gornubie

105 1650 181 1714 suni
204 1641 319 1714 uadite
336 1647 368 1716 in
386 1649 546 1738 coniuges
565 1649 637 1718 sine
659 1643 744 1717 dote.
772 1645 913 1720 Karalus
938 1667 1020 1738 ergo
1038 1649 1070 1716 iu
1087 1645 1235 1716 Prouin-

103 1743 180 1811 tiam
192 1744 345 1831 veniens,
363 1740 440 1813 dum
451 1747 635 1814 comitatum
652 1741 798 1834 obtinuit
816 1746 967 1816 iustitiam
980 1741 1235 1815 intermiscere

104 1841 189 1932 oepit
206 1837 397 1933 predatores
415 1845 554 1935 puniens
567 1851 600 1912 et
612 1841 702 1914 bures
720 1841 874 1914 occidens
886 1866 926 1914 ac
944 1862 1080 1915 securas
1098 1861 1235 1922 merca·-¹

102 1933 227 2007 toribus
239 1939 313 2009 vias
324 1936 478 2010 reddens.
500 1937 567 2010 Sed
585 1949 620 2010 ut
636 1937 700 2008 bec
715 1939 862 2035 perfecte
878 1939 990 2012 facere
1007 1947 1134 2034 posset,
1151 1959 1235 2033 pro-

103 2038 243 2125 curavit,
271 2045 305 2107 ui
321 2039 429 2107 omnia
446 2035 585 2108 fortilitia
602 2047 690 2108 terre
709 2060 768 2110 sua
787 2060 885 2108 manu
902 2048 1043 2127 teneret,
1064 2047 1099 2109 ut
1116 2039 1165 2107 sic
1181 2035 1235 2130 qni

103 2129 235 2204 faveret
249 2129 428 2206 latronibus
446 2135 555 2208 nuilus
580 2144 680 2206 esset.
707 2133 791 2206 Nam
816 2137 869 2229 qui
886 2138 990 2228 primo
1008 2145 1116 2206 castra
1132 2143 1235 2205 tene-

102 2225 182 2300 bant
205 2252 244 2301 se
265 2230 428 2302 latronum
445 2235 553 2304 socios
577 2229 751 2321 faciebant,
775 2253 857 2326 quos
880 2228 1082 2326 recipiebant
1105 2233 1139 2302 iu
1165 2235 1235 2304 suis

102 2325 253 2400 iorbiitiis
279 2339 313 2398 et
337 2327 493 2400 tenebant
518 2352 580 2424 per
608 2331 715 2400 omnio
743 2329 896 2400 faventes
926 2325 1062 2399 eisdem.
1094 2324 1236 2421 insuper

102 2421 297 2515 Mamiliam„
315 2448 378 2520 que
391 2427 492 2518 longo
503 2429 567 2497 iam
586 2437 732 2522 tempore
743 2428 851 2497 comiti
868 2427 932 2496 iem
949 2424 1101 2495 defuneto
1112 2423 1235 2495 inobe-

103 2520 200 2594 diens
226 2521 332 2594 fuerai
357 2534 390 2595 et
413 2523 559 2613 rebellisn
582 2520 804 2596 obsidionibus
829 2531 862 2593 ei
888 2520 983 2593 bellis
1010 2525 1149 2593 attritam
1170 2541 1235 2594 sue

102 2617 215 2690 ditioni
238 2623 377 2692 restituit
393 2630 427 2692 et
444 2621 485 2692 ad
502 2622 633 2716 plenum
658 2643 719 2692 suo
740 2618 881 2691 dominio
899 2617 1095 2711 subiugavit
1163 2617 1236 2692 Hiis

102 2713 259 2808 operibus
283 2716 401 2790 talibus
425 2719 522 2813 aliqui
543 2721 693 2790 commoti
710 2713 883 2789 Lombardi
901 2725 1087 2811 sperantes,
1111 2733 1236 2788 acon-

102 2813 429 2888 vieinisdstensibus
448 2813 752 2910 marchionibusque
763 2811 955 2909 quibusdam
973 2811 1156 2909 potentibus
1174 2835 1236 2908 per
1318 2889 1323 2900 ,

102 2931 181 2981 enm
200 2909 390 3005 adplenum
408 2935 509 3009 posse
528 2911 671 3002 defendi,
696 2935 757 2985 suo
774 2933 812 2984 se
830 2910 971 2983 dominio
989 2915 1237 3005 commiserunt,

101 3012 271 3100 omagium
288 3010 446 3083 facientes
463 3007 585 3100 eidem,
602 3008 753 3081 tributum
772 3013 866 3080 annis
885 3009 1023 3101 singulis
1035 3008 1081 3079 dli
1092 3007 1236 3081 reddere

101 3109 342 3198 promittentes,
361 3109 464 3180 salvis
482 3105 604 3179 iuribus
622 3109 778 3192 omnium„
803 3107 856 3198 qui
874 3103 915 3174 ab
933 3108 982 3177 eis
1000 3104 1119 3198 aliquid
1138 3107 1234 3176 reci-

101 3224 186 3295 pere
204 3201 246 3274 de
261 3207 332 3276 iure
355 3202 525 3276 deberent.
551 3203 677 3276 Verum
693 3207 728 3274 in
745 3205 840 3275 terris
862 3199 922 3273 biis
940 3199 1108 3273 omnibus:
1132 3197 1234 3294 Atho,

102 3299 221 3390 (ionio,
238 3299 428 3374 Montevico
446 3312 479 3374 et
496 3299 688 3396 quibusdam
706 3300 777 3372 aliis
790 3299 876 3371 villis
895 3309 928 3370 et
945 3301 1061 3372 castris
1079 3295 1132 3368 bic
1149 3293 1234 3372 sub-

101 3399 252 3470 iectionis
269 3397 452 3472 huiusmodi
469 3399 592 3470 fructus
610 3397 680 3486 tuit,
699 3400 785 3492 quia„
803 3418 876 3468 oum
893 3399 998 3468 omnis
1015 3395 1070 3467 ssla
1088 3405 1237 3468 connata

100 3493 258 3568 hereticis
275 3496 372 3590 plena
394 3507 497 3586 esset,
520 3501 562 3567 ita
581 3503 615 3566 ut
631 3495 696 3568 iilic
712 3491 840 3588 publice
860 3491 1079 3588 predicarent,
1106 3490 1237 3587 publice

100 3589 318 3686 disputarent,
346 3605 530 3666 conventus
558 3589 704 3686 publicos
731 3588 851 3661 ibidem
878 3589 1055 3680 haberent,
1082 3589 1234 3681 legatarii

101 3687 222 3761 fierent
239 3701 271 3762 et
291 3693 494 3762 morientium
512 3691 757 3763 instituerentur
773 3686 929 3777 heredes,
947 3709 1026 3760 mox
1041 3695 1077 3757 nt
1089 3683 1232 3756 Karolus

100 3783 223 3858 ibidem
241 3784 390 3862 dominus
407 3787 512 3862 iactus
530 3796 594 3877 est,
611 3789 660 3859 sio
676 3783 715 3854 ab
734 3785 805 3856 eius
816 3783 900 3855 faeie
919 3783 1132 3872 dedecorum,
1150 3783 1235 3852 sicui

100 3879 144 3953 ab
162 3885 249 3976 ignis
267 3883 352 3956 faeie
370 3907 446 3957 cera
463 3883 543 3974 fluit,
560 3886 650 3955 itaut
662 3881 771 3953 nullus
790 3879 831 3950 de
849 3891 960 3952 cetero
978 3887 1163 3974 appareret,
1180 3877 1235 3974 qui

99 3978 342 4072 dogmatizaret
359 4002 502 4054 errores.

151 4121 274 4216 loquo,
290 4134 326 4195 ut
341 4126 406 4196 iam
423 4121 543 4196 dicum
560 4123 708 4197 ostentis
726 4141 839 4217 supra,
862 4130 989 4192 mortuo
1005 4115 1182 4190 brederico
1199 4127 1233 4190 et

97 4222 209 4316 impiis
233 4219 307 4295 tiliis
325 4225 396 4293 eius
413 4219 627 4314 regnantibus
650 4223 749 4294 immo
769 4222 874 4316 potius
897 4213 1104 4314 tpnannidem
1122 4237 1235 4322 erret«i

156 4342 295 4387 eonnuuu
307 4343 417 4388 saurus
431 4345 451 4386 s.
985 4338 1021 4402 42
1122 4327 1127 4338 '
