3010 4822
265 235 337 312 534
604 229 1051 293 mmmcusnnnooarutsu.

1495 320 1496 374 l

182 418 253 482 aete
265 411 358 485 dictis
378 431 453 482 cum
469 429 590 502 magna
608 413 750 502 pooenha
771 419 890 480 terram
907 407 1101 500 ingreditur,
1126 431 1166 478 ac
1186 407 1349 480 incendiis
1366 417 1398 480 et
1495 411 1496 418 ’

264 508 387 606 prediis
412 507 553 601 undiqtue
572 508 759 596 molestam,
783 529 823 578 ac
841 509 948 599 ipsum
965 505 1179 576 Ludewicum
1196 501 1352 576 obsident
1366 509 1398 578 in

264 611 397 680 civitate
417 603 638 678 Frankenlurt
654 612 858 698 spectantem
875 601 916 674 ad
934 603 1200 676 marchionatum.
1227 601 1311 690 (llic
1327 613 1399 698 post

265 727 329 779 sex
351 725 456 778 annos
473 702 516 775 ad
535 699 756 774 molendinum
780 721 876 774 suum
892 704 1088 790 novemur,
1112 703 1186 796 quia
1210 702 1304 794 prins
1331 709 1399 772 erat

265 802 394 874 molitor
410 813 444 874 et
459 799 660 894 deceptor.)¹
686 797 751 872 Ubi
766 819 829 870 rex
845 797 1228 870 novumWaldemarum
1245 797 1290 869 de
1306 821 1399 870 mar-

265 900 416 972 chionatu
439 897 620 1068 idrpleudavit
645 900 722 990 [oct
741 896 795 988 2]‚
819 905 854 967 et
875 898 925 969 sic
942 895 1141 970 hadewicus
1165 893 1207 968 de
1230 894 1400 969 marchio·
1496 983 1497 1002 χ

264 1007 343 1072 natu
361 1017 440 1070 rece
465 1000 495 1068 't
1496 1003 1497 1072 3

313 1093 441 1168 Eodem
468 1115 555 1166 anno
582 1098 722 1186 insurgit
748 1115 869 1186 magna
896 1095 1057 1165 insecutio
1086 1101 1199 1164 oenus
1221 1090 1347 1166 ludcos
1370 1098 1401 1166 in
1496 1099 1497 1104 ’

265 1192 415 1266 omnibus
436 1195 551 1284 regnis
569 1202 603 1262 et
618 1190 802 1266 civitatibus
820 1189 995 1262 Alamanie
1012 1200 1045 1262 ct
1062 1189 1206 1285 partibus
1223 1189 1347 1280 Gallie,
1370 1196 1401 1262 in

266 1288 382 1387 quibus
398 1287 585 1362 habitabant
600 1289 705 1380 ladei„
728 1293 771 1360 ito
791 1287 878 1382 quod
894 1289 1007 1382 paucis
1027 1289 1109 1360 locis
1129 1285 1400 1359 defendebantur.

265 1388 303 1460 ln
318 1385 489 1480 Mogontia
505 1409 580 1458 cnm
595 1389 735 1481 populus
747 1387 912 1480 inopinato
928 1386 1070 1479 impudsu
1087 1388 1268 1459 musitatus
1285 1388 1402 1458 insur-

265 1495 364 1578 geret
386 1494 498 1556 oontra
525 1483 664 1574 tunsos,
691 1484 867 1557 iudeorum
889 1487 1028 1555 nocenti
1050 1485 1165 1554 ornasti
1187 1485 1222 1553 in
1245 1484 1403 1577 populun

265 1587 427 1655 inermem
444 1580 551 1654 subito
567 1585 743 1673 irruerunt,
761 1593 796 1653 et
806 1581 967 1654 ducentos
981 1579 1183 1654 Christianos
1200 1579 1401 1652 occiderunt

264 1680 308 1752 Et
323 1679 365 1753 ob
381 1679 446 1750 hoc
462 1682 556 1753 cives
580 1679 739 1752 invadunt
758 1676 874 1750 turbati
891 1677 1025 1768 ludeos,
1049 1687 1083 1748 et
1105 1675 1279 1748 duodecim
1304 1677 1403 1749 milbc
1497 1703 1498 1716 ¹

265 1777 440 1850 iudeorum
456 1775 514 1848 vel
530 1778 616 1848 circa
632 1788 709 1850 sunt
721 1779 830 1850 occisi.
856 1773 894 1846 ln
910 1774 1092 1848 Franconia
1108 1772 1275 1848 lohannes
1293 1773 1403 1866 burg-

265 1877 405 1966 gravius
432 1872 475 1944 de
495 1872 694 1965 Nurenberg
716 1877 750 1946 in
773 1875 929 1968 principio
951 1875 1190 1967 persecutionis
1216 1871 1403 1946 buhusmodi

264 1981 495 2065 persecutores
510 1970 638 2044 nobiles
652 1981 686 2042 et
698 1974 838 2045 rusticos
851 1971 884 2040 in
897 1975 1020 2064 campis
1034 1991 1108 2041 com
1122 1991 1243 2061 magna
1256 1973 1402 2064 potentia

264 2069 390 2141 locatos
406 2067 552 2160 bigartu
574 2066 707 2140 tandem
725 2073 823 2141 etiam
839 2069 931 2161 ipsos
948 2067 1037 2138 iubet
1052 2065 1169 2158 condi,
1193 2065 1284 2138 uude
1301 2067 1402 2138 und—

265 2187 330 2260 que
347 2164 507 2237 ceduntur
523 2175 558 2236 ct
573 2165 783 2260 expelluntur
798 2161 891 2236 ludci
907 2163 995 2237 nudi.
1030 2163 1113 2252 Quia
1139 2163 1313 2256 divulgata
1334 2177 1404 2236 erut

264 2262 397 2336 infamio
420 2263 463 2334 de
483 2265 576 2357 ipsis,
599 2261 685 2356 quod
709 2283 877 2336 venenum
900 2266 933 2333 in
956 2262 1078 2336 seculis
1102 2259 1144 2332 ad
1167 2271 1286 2356 puteos
1312 2271 1351 2333 at
1370 2266 1402 2334 in

264 2359 374 2432 ionms
397 2383 458 2455 per
477 2379 594 2434 omnes
615 2363 774 2452 regiones
795 2357 1051 2433 Christianorum
1075 2361 1248 2448 miserunt,
1271 2370 1308 2431 et
1332 2362 1401 2432 aliis

264 2457 370 2532 modis
389 2457 532 2530 diversis
553 2461 652 2530 etiam
671 2479 733 2553 per
755 2459 881 2552 aliquos
900 2455 1102 2530 Christianos
1121 2459 1401 2546 intoxicavemnl,

264 2565 299 2626 et
322 2559 371 2627 sic
390 2553 664 2628 christianitatem
686 2553 871 2628 nitebantur
894 2557 1102 2647 extinguere.
1134 2551 1177 2625 Et
1193 2554 1295 2650 aliqui
1311 2554 1400 2628 ludsi

264 2662 298 2724 at
315 2651 488 2725 Christiani
505 2651 548 2724 od
564 2663 724 2726 tormenta
748 2655 844 2748 positi
868 2651 930 2724 hoc
949 2651 1142 2724 latabantur.
1168 2649 1313 2726 Duravit
1335 2675 1400 2724 un-

263 2759 330 2822 tem
347 2749 411 2820 beo
427 2753 615 2844 persecutio
631 2748 674 2820 ad
691 2749 775 2822 duos
793 2770 897 2824 annos
915 2750 973 2821 vel
991 2751 1087 2820 circa

179 2851 250 2912 lats
312 2847 414 2920 Anno
429 2845 551 2920 domini
569 2847 773 2920 menuthin.
788 2847 830 2918 de
846 2868 962 2920 mense
974 2850 1122 2919 ianuario
1135 2845 1266 2942 quidam
1283 2846 1400 2922 nobilis

262 2944 307 3017 da
322 2942 489 3039 Haydagh
512 2945 625 3040 plures
652 2949 747 3020 cives
772 2944 929 3017 honestos
953 2944 995 3015 do
1022 2943 1218 3036 tomberg,
1249 2949 1306 3039 qui
1333 2951 1399 3020 suis

263 3039 481 3116 servitoribus
507 3041 641 3116 insidias
668 3051 865 3138 posuerant,
890 3039 1070 3136 suspendio
1095 3040 1243 3130 tradidit,
1267 3051 1400 3138 propter

262 3139 350 3234 quod
372 3143 489 3213 civitas
513 3141 663 3232 gravitm
686 3149 846 3212 minnota
873 3149 927 3212 est
947 3149 1058 3211 conus
1082 3143 1199 3234 ipsum.
1233 3139 1304 3211 Sed
1328 3145 1398 3232 regi

263 3238 384 3332 placuit
400 3235 463 3309 boc
479 3237 613 3328 inomni,
631 3241 704 3332 qnia
722 3248 856 3333 propter
872 3259 1038 3310 rumorem
1056 3241 1318 3334 suprascriptum
1334 3242 1398 3310 ini-

264 3332 445 3406 micabatur
463 3334 582 3406 eidem.

311 3429 412 3503 Anno
435 3435 537 3504 tercio
559 3433 657 3524 regni
676 3431 788 3504 Karoli
815 3442 849 3503 et
872 3453 959 3503 anno
982 3431 1103 3504 domini
1127 3434 1338 3508 mosculis.
1359 3435 1398 3506 de

262 3549 379 3601 mense
395 3527 550 3600 februarii
569 3531 648 3620 [ian.
667 3525 731 3618 30]
754 3527 943 3602 Guntberus
968 3549 1081 3602 comcs
1104 3528 1147 3601 de
1166 3528 1397 3605 &huenen

261 3623 347 3720 burg
370 3629 403 3696 in
423 3625 601 3720 Thuringie
625 3629 659 3697 in
681 3626 791 3698 odium
815 3626 926 3698 Karoll
950 3629 1160 3723 suprascripti
1186 3649 1248 3722 per
1271 3631 1396 3726 alim

261 3725 425 3798 electores
442 3727 556 3814 regni,
581 3721 736 3796 videlicet
756 3723 947 3796 Heinricnm
967 3723 1151 3820 depositum
1168 3724 1396 3822 archiepisco-

260 3843 338 3916 pum
356 3819 596 3916 bloguntinum,
616 3819 830 3892 Ludewioum
848 3820 1070 3893 marchionem
1086 3821 1396 3917 Brsndenbargen-

261 3939 347 4008 sem,
365 3918 541 3990 lludolhum
556 3929 590 3990 et
602 3919 782 4014 Rupertum
798 3919 915 3992 batres
928 3917 1031 3992 duces
1044 3918 1201 3991 Bawsrie
1213 3931 1247 3992 et
1260 3925 1395 3994 comites

259 4016 425 4090 Palatinos
436 4014 556 4108 libenia
573 4037 637 4089 neo
649 4038 715 4088 non
726 4014 889 4112 qurendam
906 4015 1023 4088 ducem
1033 4017 1195 4108 saxonie,
1212 4021 1394 4114 patruelem

260 4110 391 4186 liudolfi
409 4117 625 4209 prenominati
643 4114 736 4187 ducis
753 4114 913 4204 Saxonis,
932 4117 966 4185 in
983 4135 1100 4206 wem
1120 4115 1342 4188 Romanorum
1359 4117 1393 4188 'm

314 4233 345 4308 l)
364 4233 412 4297 det
429 4235 663 4312 engenaunutc
680 4243 737 4297 sata
756 4233 828 4294 wohl
847 4241 966 4316 spiterer
983 4241 1074 4300 ntem
1092 4235 1141 4298 des
1160 4237 1227 4302 tert..
