2960 4832
272 244 322 323 84
579 240 1090 305 smmmcusoaomssmouovm.

189 444 258 501 135¹
273 419 456 510 ambulare
467 421 571 495 sedin
582 420 664 496 sella
676 423 854 510 gestatoria
865 419 1086 491 tantummodo
1102 415 1283 508 terebatur,
1299 427 1415 488 tamen

274 521 360 589 circa
378 518 516 590 liliorum
534 519 791 611 generacionem
807 515 866 588 mit
881 517 1025 608 vigilans
1046 527 1080 588 et
1102 521 1245 588 intentus
1269 515 1416 608 alioquin

275 614 545 786 isllocpngieerplpalogia
562 614 678 688 nobilis
696 611 876 688 defecisset
891 635 954 708 per
972 614 1093 685 lineam
1111 613 1328 685 masculinam
1345 611 1416 681 de-

267 899 425 986 ·Quedum
442 902 483 970 dc
500 902 624 970 Kurolo
640 919 726 988 repe,
750 901 958 987 ecquomodo
975 898 1183 967 lburieenscs
1199 901 1325 987 egressi
1341 905 1420 966 ml

371 997 487 1086 fugati,
505 1007 538 1067 et
551 999 744 1084 unimodum
761 999 919 1066 tremus
936 1014 998 1082 quc
1013 993 1163 1077 semmel
1176 997 1277 1064 iidem
1292 995 1416 1063 Thuri·

373 1113 484 1180 moses
500 1115 572 1164 cum
589 1099 655 1164 mis
671 1092 863 1178 fautoribus.

323 1242 484 1337 Incipiunt
492 1254 589 1335 gesta
600 1245 676 1314 anni
694 1241 813 1313 domini
830 1243 986 1314 mccclii.
997 1263 1080 1332 rege
1093 1239 1216 1312 llarolo
1226 1241 1260 1310 iu
1273 1239 1415 1311 Boemia

268 1351 510 1430 commorante,
527 1344 562 1410 in
572 1362 634 1433 qua
646 1363 665 1410 a
675 1350 823 1434 tempore
834 1343 947 1412 mortis
959 1341 1010 1412 sui
1027 1338 1208 1410 adversarii
1226 1338 1415 1432 plusquam

274 1441 308 1509 iu
330 1458 437 1528 regno
460 1437 659 1508 Alemannis
683 1433 880 1524 morabaturq
904 1446 937 1506 et
959 1434 1043 1504 duce
1060 1435 1196 1508 Aristrie
1212 1431 1359 1506 Alberto
1383 1437 1415 1503 in

273 1535 408 1606 Austris
430 1537 607 1622 existente,
625 1532 686 1605 sed
703 1555 857 1624 guerram
874 1535 1051 1604 maximam
1066 1529 1207 1601 habente
1225 1553 1303 1601 cum
1316 1529 1416 1601 Thu-

270 1629 455 1704 rioensibus
478 1628 705 1702 Swicensibus
729 1652 769 1700 ac
790 1626 1002 1700 Veliensibus
1019 1626 1284 1700 buoemensibus
1315 1628 1414 1721 dyoc.

274 1727 440 1800 Constant.
466 1749 511 1798 ex
534 1730 642 1798 causis
667 1729 905 1819 suprascriptis.
932 1724 1071 1796 Prodicti
1088 1723 1313 1796 Thurioenses
1338 1747 1415 1795 cum

273 1828 342 1898 suis
348 1821 528 1896 fautoribus
539 1826 670 1915 egressi
681 1833 758 1895 sunt
767 1843 887 1896 versus
898 1821 1030 1912 tunsa,
1048 1831 1082 1890 et
1090 1819 1132 1891 ibi
1143 1820 1290 1915 hospicia
1301 1824 1413 1892 omnia

272 1926 351 1993 citra
362 1942 480 2014 aquam
490 1943 535 1991 ex
545 1931 638 2014 parte
648 1919 755 2014 oppidi
765 1923 844 2010 igne
854 1919 1106 2009 conflagranmt.
1128 1917 1224 1988 Unde
1242 1941 1289 1990 cx
1302 1929 1413 1989 castro

273 2029 307 2090 et
323 2016 441 2111 oppido
457 2021 491 2088 in
506 2017 622 2088 Baden
645 2027 679 2086 et
702 2038 747 2088 ex
769 2019 891 2086 circum
914 2018 1031 2087 vicinis
1054 2013 1180 2109 oppidis
1204 2025 1238 2084 et
1261 2019 1363 2109 pagis
1382 2024 1413 2083 et

273 2114 360 2188 villis
378 2113 528 2206 Ergowe
553 2113 704 2186 homines
722 2112 842 2183 domim
859 2111 987 2184 Alberti
1010 2110 1145 2204 predicti
1162 2110 1254 2182 ducis
1272 2113 1413 2184 Austris

270 2221 520 2302 ,concluserunt
538 2222 572 2282 et
588 2214 621 2281 in
638 2209 690 2281 die
709 2213 812 2282 sancti
822 2207 979 2303 Stephani
998 2206 1157 2298 [teoto]
1178 2212 1256 2278 anni
1272 2207 1412 2303 predic-ti

272 2308 436 2404 predictos
443 2307 665 2380 Thuricenses
677 2329 751 2378 cum
761 2309 830 2378 suis
843 2306 1045 2398 fugaverunt
1054 2302 1245 2396 fautoribus,
1264 2315 1299 2376 et
1316 2309 1413 2377 occi-

273 2406 392 2478 derunt
408 2415 573 2480 trecentos
584 2405 718 2498 reliquis
730 2407 828 2474 armis
839 2401 1069 2497 proicientibus
1081 2413 1115 2471 et
1124 2405 1260 2495 turpiter
1269 2402 1412 2496 lugien-

273 2501 357 2575 tibus
374 2506 407 2572 iu
424 2501 624 2593 Thuregum.
700 2499 783 2571 Item
799 2503 851 2570 iiii.
870 2499 942 2574 idus
960 2501 1096 2571 ianuarii
1113 2520 1199 2570 anno
1215 2499 1260 2570 lii.
1277 2497 1412 2570 Lucer-

273 2605 411 2672 uenses¹
425 2620 575 2670 unacum
582 2595 794 2670 vallensibus
812 2599 873 2668 iter
890 2619 986 2670 suum
1004 2618 1125 2669 versus
1143 2595 1418 2690 oppidumSurse.

273 2718 347 2766 oum
365 2699 433 2768 suis
451 2699 596 2783 amatis,
614 2697 667 2788 qtri
684 2705 821 2788 quatuor
830 2693 916 2764 milia
926 2691 1073 2763 habuere
1084 2691 1228 2786 peditum
1244 2695 1279 2764 iu
1295 2695 1411 2778 armis,

273 2792 449 2880 duxerunt,
473 2803 508 2862 et
529 2789 572 2861 ibi
596 2788 749 2862 suburbia
773 2789 974 2880 cremabant,
1002 2796 1050 2861 et²
1067 2789 1198 2862 Ruswil
1222 2813 1297 2860 cum
1321 2788 1411 2860 villis

271 2885 536 2962 interiacentibus
554 2899 783 2976 vastaverunt,
811 2897 844 2958 et
858 2886 946 2958 idem
963 2885 1167 2957 minabantur
1184 2885 1411 2958 adiacentibus

272 2984 359 3058 villis
377 2997 411 3056 et
426 2986 518 3058 locis.
534 2983 617 3056 Item
628 2987 694 3056 viii.
704 2984 778 3057 idus
790 2988 902 3055 marcii
912 3006 998 3054 anno
1008 2983 1168 3077 predicto³
1180 2983 1268 3056 idem
1278 2982 1411 3054 Lucer-

270 3105 395 3156 nenses
406 3083 601 3156 Swicenses
612 3080 882 3154 acThnricenses
901 3081 1076 3154 eeclesiam
1085 3080 1316 3154 Beronensem
1335 3102 1411 3150 eum

270 3179 349 3252 villa
375 3177 560 3252 Beronensi
587 3203 627 3250 ao
649 3179 757 3251 multis
785 3178 856 3250 aliis
881 3179 968 3250 villis
996 3188 1237 3250 cremaverunt
1264 3177 1411 3271 Insuper

271 3277 448 3350 ecclesiam
464 3281 498 3348 in
513 3275 652 3366 Ntidorl‚
669 3279 805 3370 insuper
821 3278 854 3346 in
871 3273 1017 3348 Numwil
1035 3285 1068 3346 et
1084 3273 1261 3348 Hochdorl.

270 3462 453 3552 Dcmuprto
462 3463 626 3533 bombum
636 3466 714 3532 cede
723 3461 817 3546 fucta
833 3465 868 3532 in
884 3465 1017 3550 dyocesi
1030 3463 1177 3531 duriensi
1194 3470 1226 3532 ct
1235 3481 1300 3550 pur
1316 3481 1410 3550 precs.

318 3612 401 3683 Item
418 3633 505 3683 anno
521 3611 563 3682 lii.
583 3621 696 3706 quarto
717 3609 791 3684 idus
812 3613 888 3682 maii
910 3631 1032 3702 magna
1049 3610 1215 3682 hominum
1232 3610 1337 3682 cedes
1356 3623 1410 3682 est

269 3710 354 3782 facta
371 3713 405 3780 in
422 3708 558 3802 dyocesi
576 3707 732 3780 curiensi
743 3731 803 3803 per
819 3707 907 3780 hunc
923 3708 1063 3778 modum.
1091 3707 1230 3794 Quidam
1247 3711 1408 3795 montani

270 3828 370 3923 super
392 3827 475 3902 quos
499 3827 611 3880 comes
635 3805 793 3878 Albertus
817 3805 859 3876 de
881 3805 1133 3920 Sanctolllonte
1149 3804 1328 3920 domipium
1347 3804 1410 3918 sibi

269 3904 478 4074 tttttt
493 3899 1408 4094 ttttaaatatuabt

269 4146 339 4276 iddd
347 4149 560 4276 lppccraensibus
572 4152 614 4208 hs.
638 4151 669 4220 2)
680 4155 776 4207 etcum
789 4149 857 4206 villis
871 4148 971 4208 Rusnu'l
987 4166 1046 4206 cum
1060 4147 1129 4205 villis
1143 4148 1183 4206 lm.
1203 4146 1234 4218 3)
1249 4147 1372 4222 predicto
1384 4155 1409 4206 et
