2918 4824
251 221 323 296 252
552 215 717 274 munus
735 211 1078 274 nuuwuuuunouusts.

168 410 237 467 retr
253 399 303 466 ira
320 395 451 482 imperti
469 394 703 480 aroannam.
740 391 850 462 Sedet
866 390 991 460 tadar's
1002 395 1195 478 potestatem
1212 409 1239 458 c
1256 391 1383 460 tanam
1451 383 1452 460 3

249 512 345 583 papa
365 499 397 561 ct
415 493 509 560 outtts
529 491 623 560 nodo
643 493 804 560 remittere
825 492 936 558 omnic
958 495 1100 577 peccato
1126 496 1254 576 nostra,
1279 491 1386 576 ptucet
1451 513 1452 572 j

253 592 354 660 nodis
405 588 447 660 Et
470 597 669 660 convertens
688 609 726 660 se
744 586 786 658 ad
810 586 964 681 populum
989 584 1084 657 dixit:
1116 587 1216 654 Datis
1237 587 1341 655 michi
1358 595 1386 655 et

257 691 411 758 Conrado
429 686 585 756 Monactt
600 693 791 776 potestatem
803 687 946 774 petendi,
967 692 1004 754 ct
1022 684 1244 754 absolvemini
1264 704 1289 752 c
1304 704 1383 773 pec-

253 789 337 857 cetis
356 785 492 856 omum?
517 787 570 877 qui
589 780 754 854 dicebant:
775 783 907 854 Placet!
931 780 1004 852 Nec
1021 780 1108 851 aliud
1125 785 1383 875 procuratorium
1451 779 1452 870 l

253 883 445 956 habuerunt.
488 884 551 971 Qui
568 880 633 952 duo
650 881 769 954 milites
788 901 940 953 seorsum
957 900 1068 950 coram
1086 881 1273 950 secretario
1290 901 1383 973 pape
1451 873 1452 950 l

252 981 399 1055 Iohanne
416 980 458 1052 de
475 981 613 1054 Pistorio
630 989 799 1072 presentea
822 982 1016 1050 iuraverunt
1040 975 1223 1048 secundum
1248 977 1383 1048 formam

254 1079 405 1153 mundati.
456 1077 576 1172 Sioque
599 1076 756 1150 relaxatis
780 1074 991 1172 processibus
1015 1072 1126 1146 divina
1149 1073 1286 1168 publice
1314 1086 1383 1147 suut

252 1187 431 1271 resumpta.
484 1175 652 1267 Civesque
669 1177 742 1266 regi
767 1175 896 1270 solitum
920 1175 1129 1266 prestiterunt
1151 1177 1383 1260 iuramentum,

254 1277 379 1350 scilicet
395 1272 480 1368 quod
497 1276 549 1344 ius
567 1294 628 1344 sue
645 1271 825 1345 advocacie
843 1281 1027 1344 servarent.
1078 1269 1275 1342 Basiliensis
1300 1292 1382 1364 quo-

254 1396 317 1468 que
336 1375 510 1466 episcopus
527 1367 691 1443 lohannes
709 1370 822 1442 Senne
840 1379 873 1439 et
889 1367 990 1440 abbas
1010 1365 1241 1439 Morbaoensis
1264 1367 1307 1438 de
1324 1391 1382 1439 re·

254 1468 384 1562 galibus
402 1472 471 1542 suis
490 1467 715 1562 sollempniter
731 1469 876 1540 investiti
896 1466 1036 1537 fuerunt.
1080 1463 1243 1537 Civitates
1262 1476 1380 1554 autem
1451 1525 1452 1540 ,

253 1571 427 1662 presertim
443 1566 642 1657 Argentina
668 1577 802 1660 propter
817 1566 957 1637 sormam
980 1561 1166 1636 huiusmodi
1184 1575 1382 1657 exasperato

253 1667 394 1738 luerunt.
426 1664 504 1736 Rex
521 1683 649 1757 quoque
667 1686 740 1736 cum
758 1661 948 1735 mulieribus
965 1657 1204 1733 Basiliensibus
1222 1663 1259 1730 in
1276 1665 1380 1734 coreis

254 1767 333 1837 satis
351 1763 459 1834 fatuos
477 1771 593 1854 gestus
610 1758 760 1833 hahebat.
797 1759 836 1831 ln
853 1758 905 1830 die
923 1768 1038 1834 sancto
1056 1779 1185 1852 quoque
1203 1761 1380 1830 nativitatis

254 1859 374 1932 domini
392 1861 648 1932 communicatus
666 1859 736 1950 luit,
759 1859 905 1952 legitque
928 1859 1087 1946 inmissa
1111 1855 1174 1928 alta
1194 1877 1296 1946 voce,
1319 1855 1382 1926 ha-

253 1956 336 2030 bens
354 1961 387 2028 in
405 1979 503 2028 manu
515 1961 727 2046 evaginatum
741 1955 899 2047 gladium,
918 1954 1159 2046 ewangelium:
1176 1955 1275 2024 Eciit
1290 1957 1381 2024 edic-

253 2061 320 2127 tam
340 2057 383 2125 cb
406 2057 549 2144 depasto
569 2055 696 2124 Ceacrc.
746 2053 783 2125 ln
801 2052 854 2123 die
871 2051 1030 2148 Stephani
1049 2049 1136 2140 [deo.
1150 2049 1216 2140 26]
1237 2062 1381 2122 autema

252 2153 385 2226 Basilea
403 2150 579 2239 recedens
597 2174 670 2223 cum
689 2151 881 2223 crederetur
891 2172 965 2220 curn
976 2171 1036 2224 sua
1049 2159 1150 2240 gente
1160 2150 1281 2238 iturus7
1299 2149 1381 2220 clam

252 2255 427 2342 ingressus
445 2248 634 2321 naviculum
651 2272 725 2321 curn
742 2251 856 2343 paucis
874 2250 907 2318 iu
918 2247 1015 2318 Reno
1027 2244 1212 2334 descendit„
1229 2249 1264 2316 in
1276 2257 1382 2318 castro

251 2348 421 2440 Burghein
444 2357 662 2442 pernoctans„
693 2351 835 2420 crastino
864 2348 1029 2417 transiens
1054 2365 1176 2416 versus
1200 2342 1381 2416 Ehenheim

252 2457 308 2519 tan
354 2468 406 2518 am
423 2447 572 2517 latenter.

330 2554 511 2616 umentem
530 2564 616 2633 gens
634 2566 694 2614 sua
712 2540 934 2614 descenderet
950 2544 1064 2635 eisque
1081 2542 1115 2610 in
1132 2539 1272 2612 Alsacia
1297 2550 1331 2612 et
1351 2545 1382 2612 in

252 2641 383 2714 Basilea
401 2641 501 2712 multa
518 2638 660 2712 fuissent
677 2637 853 2729 abstracta
871 2638 1000 2733 quidam
1018 2637 1171 2710 valentes
1188 2637 1330 2712 Bohemi
1346 2661 1381 2711 se

253 2750 419 2834 postremo
446 2747 608 2832 ponentes
635 2741 669 2809 in
696 2737 835 2828 insidiis
870 2740 1091 2831 premiserunt
1118 2735 1216 2826 duos,
1246 2759 1381 2832 quorum

253 2857 339 2907 unus
358 2834 538 2930 spadonem
555 2832 647 2907 duxit
663 2832 705 2906 ad
722 2858 864 2907 manum.
901 2835 967 2929 lpsi
978 2856 1062 2906 vero
1081 2836 1312 2906 transiverunt
1327 2857 1383 2928 por

254 2932 374 3006 silvam
397 2934 431 3003 in
452 2931 525 3002 looo
549 2935 602 3026 qui
626 2931 741 3004 dicitur
760 2933 948 3006 Sattelldse.
998 2930 1041 3004 Et
1064 2942 1232 3004 venerunt
1255 2931 1382 3026 quidam

252 3028 381 3103 nobiles
397 3028 602 3102 Basilienses
620 3029 840 3104 ascendentes
858 3055 878 3101 o
896 3041 1021 3120 contra
1040 3031 1107 3122 qui„
1125 3051 1198 3100 cum
1218 3029 1382 3102 credidis-

254 3137 329 3202 sent
345 3127 519 3200 ducentem
538 3126 719 3222 spadonem
737 3129 832 3200 alicui
850 3127 1038 3218 abstulisse7
1056 3129 1162 3220 ipsum
1179 3123 1383 3200 abstulerunt

254 3226 371 3298 eidem.
414 3225 512 3298 Alter
529 3247 613 3296 vero
630 3226 763 3316 fugiens
781 3225 861 3300 dnm
877 3225 1044 3299 Bohemis.
1088 3225 1150 3312 Qui
1168 3227 1382 3320 insequentes

254 3326 336 3396 alios
360 3327 565 3416 captivarunt
588 3332 622 3395 et
637 3320 864 3396 Wernherum
887 3323 929 3395 de
945 3322 1112 3418 Eptingen
1135 3321 1382 3416 hospitalarium

253 3424 302 3494 eis
319 3423 530 3494 resistentem
547 3423 696 3512 graviter
712 3424 936 3494 vulnerarunt
962 3422 997 3494 A
1008 3443 1072 3516 quo
1082 3429 1214 3515 recepta
1226 3426 1381 3494 concione

255 3519 297 3590 de
320 3517 543 3612 presentando
566 3541 604 3590 se
620 3522 707 3610 regi,
734 3522 815 3594 alios
832 3518 1035 3592 Mdlnhuscn
1057 3517 1189 3612 opidum
1214 3519 1381 3613 imperiale

255 3637 369 3691 secum
385 3614 559 3687 duxerunt.
601 3618 710 3689 Aurici
728 3629 838 3690 autern
861 3627 1042 3712 captorum
1066 3637 1141 3688 cum
1163 3618 1198 3687 in
1222 3629 1324 3690 nocte
1347 3639 1381 3690 se

255 3718 341 3788 circa
364 3712 565 3788 Mdlnlrusen
586 3718 796 3808 'posuissent
822 3739 863 3787 ao
892 3718 984 3808 genti
1012 3717 1105 3806 regis
1136 3717 1296 3788 transitus
1320 3739 1380 3788 non

254 3824 346 3888 esset
363 3835 515 3903 securus„
539 3813 663 3886 dimissi
681 3825 757 3886 sunt
774 3816 893 3906 captivi
910 3812 952 3884 ad
975 3815 1121 3906 graciam
1138 3816 1246 3905 regis,
1268 3813 1379 3886 Bolve-

254 3916 364 4008 mique
379 3933 497 4003 regem
515 3910 646 3983 cleriter
662 3933 784 3985 versus
802 3911 1003 4004 Hagenowe
1027 3920 1103 3984 sunt
1127 3914 1242 3984 secuti.
1285 3911 1378 3983 Dedit

254 4019 363 4083 autem
382 4021 415 4082 et
431 4007 590 4101 obligavit
605 4031 667 4081 rex
685 4008 901 4082 servitoribus
919 4013 988 4084 suis
1006 4031 1123 4084 omnes
1140 4007 1298 4083 utilitates
1314 4009 1378 4082 Al·

256 4110 357 4196 socieq
380 4112 424 4178 ita
442 4106 527 4200 quod
545 4105 620 4178 inibi
641 4129 701 4201 per
718 4106 805 4180 diem
829 4131 896 4180 non
918 4107 1056 4180 haberet
1083 4129 1265 4201 expensas.
1306 4105 1377 4180 De-

256 4203 384 4277 scendit
401 4208 504 4275 eciam
521 4227 582 4298 per
598 4203 824 4299 Wissenburg
841 4229 963 4282 versus
981 4206 1124 4303 Spiram⁷
1148 4204 1202 4277 ubi
1220 4205 1282 4280 sub
1306 4208 1376 4302 qui-
