<?xml version="1.0" encoding="UTF-8"?>
<!DOCTYPE html PUBLIC "-//W3C//DTD XHTML 1.0 Transitional//EN"
    "http://www.w3.org/TR/xhtml1/DTD/xhtml1-transitional.dtd">
<html xmlns="http://www.w3.org/1999/xhtml" xml:lang="en" lang="en">
 <head>
  <title>
</title>
<meta http-equiv="Content-Type" content="text/html;charset=utf-8" />
  <meta name='ocr-system' content='tesseract 3.04.00' />
  <meta name='ocr-capabilities' content='ocr_page ocr_carea ocr_par ocr_line ocrx_word'/>
</head>
<body>
  <div class='ocr_page' id='page_1' title='image "./fontesrerumgerm01hubegoog_0416.png"; bbox 0 0 3036 4822; ppageno 0'>
   <div class='ocr_carea' id='block_1_1' title="bbox 389 236 1251 336">
    <p class='ocr_par' dir='ltr' id='par_1_1' title="bbox 389 236 1251 336">
     <span class='ocr_line' id='line_1_1' title="bbox 389 236 1251 336; baseline 0.015 -29"><span class='ocrx_word' id='word_1_1' title='bbox 389 245 558 310; x_wconf 77' lang='lat' dir='ltr'>canonum</span> <span class='ocrx_word' id='word_1_2' title='bbox 575 247 771 330; x_wconf 74' lang='lat' dir='ltr'>unumunurn</span> <span class='ocrx_word' id='word_1_3' title='bbox 789 245 987 316; x_wconf 76' lang='lat' dir='ltr'>summunt·</span> <span class='ocrx_word' id='word_1_4' title='bbox 1178 236 1251 336; x_wconf 78' lang='grc'>339</span> 
     </span>
    </p>
   </div>
   <div class='ocr_carea' id='block_1_2' title="bbox 244 415 1231 1020">
    <p class='ocr_par' dir='ltr' id='par_1_2' title="bbox 244 415 1231 1020">
     <span class='ocr_line' id='line_1_2' title="bbox 246 415 1231 520; baseline -0.005 -28"><span class='ocrx_word' id='word_1_5' title='bbox 246 421 389 514; x_wconf 66' lang='lat' dir='ltr'>spiram,</span> <span class='ocrx_word' id='word_1_6' title='bbox 408 419 594 512; x_wconf 75' lang='lat' dir='ltr'>torneiam,</span> <span class='ocrx_word' id='word_1_7' title='bbox 611 417 839 520; x_wconf 81' lang='lat' dir='ltr'>Wisscnburg</span> <span class='ocrx_word' id='word_1_8' title='bbox 854 429 953 513; x_wconf 86' lang='lat' dir='ltr'>atque</span> <span class='ocrx_word' id='word_1_9' title='bbox 970 415 1137 494; x_wconf 76' lang='lat' dir='ltr'>boriosam</span> <span class='ocrx_word' id='word_1_10' title='bbox 1227 439 1231 444; x_wconf 92' lang='lat'>·</span> 
     </span>
     <span class='ocr_line' id='line_1_3' title="bbox 310 516 1121 613; baseline -0.002 -24"><span class='ocrx_word' id='word_1_11' title='bbox 310 516 353 590; x_wconf 83' lang='lat' dir='ltr'>Et</span> <span class='ocrx_word' id='word_1_12' title='bbox 367 517 524 613; x_wconf 83' lang='lat' dir='ltr'>Limpurg</span> <span class='ocrx_word' id='word_1_13' title='bbox 541 541 606 590; x_wconf 86' lang='lat' dir='ltr'>una</span> <span class='ocrx_word' id='word_1_14' title='bbox 623 528 758 592; x_wconf 81' lang='lat' dir='ltr'>rcnerat</span> <span class='ocrx_word' id='word_1_15' title='bbox 775 518 829 590; x_wconf 87' lang='lat' dir='ltr'>ille</span> <span class='ocrx_word' id='word_1_16' title='bbox 846 518 929 590; x_wconf 90' lang='lat' dir='ltr'>loon.</span> <span class='ocrx_word' id='word_1_17' title='bbox 1118 594 1121 602; x_wconf 58' lang='grc'><em>,</em></span> 
     </span>
     <span class='ocr_line' id='line_1_4' title="bbox 247 612 1006 710; baseline -0.003 -18"><span class='ocrx_word' id='word_1_18' title='bbox 247 612 395 692; x_wconf 83' lang='lat' dir='ltr'>Moribus</span> <span class='ocrx_word' id='word_1_19' title='bbox 413 626 446 687; x_wconf 90' lang='lat' dir='ltr'>et</span> <span class='ocrx_word' id='word_1_20' title='bbox 463 613 575 690; x_wconf 88' lang='lat' dir='ltr'>verbis</span> <span class='ocrx_word' id='word_1_21' title='bbox 593 627 658 690; x_wconf 91' lang='lat' dir='ltr'>tam</span> <span class='ocrx_word' id='word_1_22' title='bbox 675 615 777 706; x_wconf 74' lang='lat' dir='ltr'>digne</span> <span class='ocrx_word' id='word_1_23' title='bbox 794 615 913 710; x_wconf 91' lang='lat' dir='ltr'>preiuit</span> <span class='ocrx_word' id='word_1_24' title='bbox 929 616 1006 706; x_wconf 68' lang='grc'>11110,</span> 
     </span>
     <span class='ocr_line' id='line_1_5' title="bbox 314 719 972 816; baseline 0 -24"><span class='ocrx_word' id='word_1_25' title='bbox 314 719 358 792; x_wconf 89' lang='lat' dir='ltr'>Ut</span> <span class='ocrx_word' id='word_1_26' title='bbox 373 724 427 793; x_wconf 86' lang='lat' dir='ltr'>vis</span> <span class='ocrx_word' id='word_1_27' title='bbox 443 724 569 814; x_wconf 84' lang='lat' dir='ltr'>ingenii</span> <span class='ocrx_word' id='word_1_28' title='bbox 586 745 645 816; x_wconf 86' lang='lat' dir='ltr'>per</span> <span class='ocrx_word' id='word_1_29' title='bbox 661 723 759 796; x_wconf 72' lang='grc' dir='ltr'>10001ι</span> <span class='ocrx_word' id='word_1_30' title='bbox 778 721 854 796; x_wconf 90' lang='lat' dir='ltr'>buic</span> <span class='ocrx_word' id='word_1_31' title='bbox 870 725 972 796; x_wconf 86' lang='lat' dir='ltr'>oneri.</span> 
     </span>
     <span class='ocr_line' id='line_1_6' title="bbox 244 817 1098 914; baseline 0.002 -26"><span class='ocrx_word' id='word_1_32' title='bbox 244 817 348 892; x_wconf 82' lang='lat' dir='ltr'>Sexta</span> <span class='ocrx_word' id='word_1_33' title='bbox 365 819 440 892; x_wconf 88' lang='lat' dir='ltr'>tuce</span> <span class='ocrx_word' id='word_1_34' title='bbox 456 818 568 912; x_wconf 64' lang='lat' dir='ltr'>libem,</span> <span class='ocrx_word' id='word_1_35' title='bbox 586 819 672 912; x_wconf 90' lang='lat' dir='ltr'>quod</span> <span class='ocrx_word' id='word_1_36' title='bbox 689 828 761 892; x_wconf 87' lang='lat' dir='ltr'>erat</span> <span class='ocrx_word' id='word_1_37' title='bbox 777 823 880 914; x_wconf 65' lang='lat' dir='ltr'>prinu</span> <span class='ocrx_word' id='word_1_38' title='bbox 898 823 991 892; x_wconf 82' lang='lat' dir='ltr'>exuit</span> <span class='ocrx_word' id='word_1_39' title='bbox 1008 841 1098 894; x_wconf 87' lang='lat' dir='ltr'>esse.</span> 
     </span>
     <span class='ocr_line' id='line_1_7' title="bbox 313 915 1099 1020; baseline 0 -33"><span class='ocrx_word' id='word_1_40' title='bbox 313 915 397 1006; x_wconf 66' lang='lat' dir='ltr'>Eue,</span> <span class='ocrx_word' id='word_1_41' title='bbox 413 920 466 988; x_wconf 90' lang='lat' dir='ltr'>cui</span> <span class='ocrx_word' id='word_1_42' title='bbox 481 939 548 990; x_wconf 91' lang='lat' dir='ltr'>non</span> <span class='ocrx_word' id='word_1_43' title='bbox 559 925 688 1020; x_wconf 30' lang='lat' dir='ltr'>,metuet</span> <span class='ocrx_word' id='word_1_44' title='bbox 706 920 761 990; x_wconf 74' lang='grc' dir='ltr'>011ὖ</span> <span class='ocrx_word' id='word_1_45' title='bbox 780 915 840 992; x_wconf 81' lang='lat' dir='ltr'>sibi</span> <span class='ocrx_word' id='word_1_46' title='bbox 858 920 996 1012; x_wconf 84' lang='lat' dir='ltr'>quisquc</span> <span class='ocrx_word' id='word_1_47' title='bbox 1013 928 1099 1011; x_wconf 87' lang='lat' dir='ltr'>pete.</span> 
     </span>
    </p>
   </div>
   <div class='ocr_carea' id='block_1_3' title="bbox 120 1047 1254 1439">
    <p class='ocr_par' dir='ltr' id='par_1_3' title="bbox 120 1047 1254 1439">
     <span class='ocr_line' id='line_1_8' title="bbox 123 1047 1252 1146; baseline 0.001 -26"><span class='ocrx_word' id='word_1_48' title='bbox 123 1051 126 1056; x_wconf 83' lang='lat'>&#39;</span> <span class='ocrx_word' id='word_1_49' title='bbox 171 1047 358 1140; x_wconf 75' lang='lat' dir='ltr'><strong>sigefridus</strong></span> <span class='ocrx_word' id='word_1_50' title='bbox 381 1071 488 1122; x_wconf 84' lang='lat' dir='ltr'><strong>xxxv.</strong></span> <span class='ocrx_word' id='word_1_51' title='bbox 513 1049 679 1146; x_wconf 82' lang='lat' dir='ltr'>Spirensis</span> <span class='ocrx_word' id='word_1_52' title='bbox 705 1049 847 1123; x_wconf 87' lang='lat' dir='ltr'>ecclesie</span> <span class='ocrx_word' id='word_1_53' title='bbox 873 1053 1047 1146; x_wconf 84' lang='lat' dir='ltr'>episcopus</span> <span class='ocrx_word' id='word_1_54' title='bbox 1070 1048 1195 1124; x_wconf 78' lang='lat' dir='ltr'>resedit</span> <span class='ocrx_word' id='word_1_55' title='bbox 1221 1050 1252 1121; x_wconf 92' lang='lat' dir='ltr'>in</span> 
     </span>
     <span class='ocr_line' id='line_1_9' title="bbox 122 1145 1254 1244; baseline 0 -28"><span class='ocrx_word' id='word_1_56' title='bbox 122 1169 163 1218; x_wconf 89' lang='lat' dir='ltr'>ea</span> <span class='ocrx_word' id='word_1_57' title='bbox 190 1149 286 1218; x_wconf 87' lang='lat' dir='ltr'>annis</span> <span class='ocrx_word' id='word_1_58' title='bbox 308 1147 412 1220; x_wconf 81' lang='lat' dir='ltr'>xxvii.</span> <span class='ocrx_word' id='word_1_59' title='bbox 447 1147 552 1220; x_wconf 87' lang='lat' dir='ltr'>Huius</span> <span class='ocrx_word' id='word_1_60' title='bbox 576 1151 722 1244; x_wconf 85' lang='lat' dir='ltr'>episcopi</span> <span class='ocrx_word' id='word_1_61' title='bbox 746 1147 944 1244; x_wconf 72' lang='lat' dir='ltr'>temporibus</span> <span class='ocrx_word' id='word_1_62' title='bbox 969 1145 1094 1238; x_wconf 82' lang='lat' dir='ltr'>decima</span> <span class='ocrx_word' id='word_1_63' title='bbox 1116 1149 1254 1240; x_wconf 80' lang='lat' dir='ltr'>inpage</span> 
     </span>
     <span class='ocr_line' id='line_1_10' title="bbox 120 1241 1253 1342; baseline 0.002 -28"><span class='ocrx_word' id='word_1_64' title='bbox 120 1241 304 1316; x_wconf 81' lang='lat' dir='ltr'>Durkbeim</span> <span class='ocrx_word' id='word_1_65' title='bbox 322 1242 457 1317; x_wconf 85' lang='lat' dir='ltr'>devenit</span> <span class='ocrx_word' id='word_1_66' title='bbox 474 1243 515 1316; x_wconf 88' lang='lat' dir='ltr'>ad</span> <span class='ocrx_word' id='word_1_67' title='bbox 533 1247 709 1319; x_wconf 85' lang='lat' dir='ltr'>ecclesiam</span> <span class='ocrx_word' id='word_1_68' title='bbox 719 1245 922 1342; x_wconf 86' lang='lat' dir='ltr'>Spirensem.</span> <span class='ocrx_word' id='word_1_69' title='bbox 950 1244 1121 1317; x_wconf 77' lang='lat' dir='ltr'>Comedus</span> <span class='ocrx_word' id='word_1_70' title='bbox 1139 1247 1253 1316; x_wconf 85' lang='lat' dir='ltr'>tertius</span> 
     </span>
     <span class='ocr_line' id='line_1_11' title="bbox 121 1341 1254 1439; baseline 0.002 -25"><span class='ocrx_word' id='word_1_71' title='bbox 121 1341 348 1414; x_wconf 87' lang='lat' dir='ltr'>Romanorum</span> <span class='ocrx_word' id='word_1_72' title='bbox 373 1366 447 1434; x_wconf 57' lang='lat' dir='ltr'>rex,</span> <span class='ocrx_word' id='word_1_73' title='bbox 475 1343 560 1415; x_wconf 87' lang='lat' dir='ltr'>filius</span> <span class='ocrx_word' id='word_1_74' title='bbox 589 1347 711 1417; x_wconf 84' lang='lat' dir='ltr'>sororis</span> <span class='ocrx_word' id='word_1_75' title='bbox 735 1343 868 1415; x_wconf 83' lang='lat' dir='ltr'>Henm&#39;ci</span> <span class='ocrx_word' id='word_1_76' title='bbox 895 1345 1007 1439; x_wconf 58' lang='lat' dir='ltr'>quintiq</span> <span class='ocrx_word' id='word_1_77' title='bbox 1036 1346 1122 1414; x_wconf 85' lang='lat' dir='ltr'>circa</span> <span class='ocrx_word' id='word_1_78' title='bbox 1149 1363 1254 1416; x_wconf 86' lang='lat' dir='ltr'>annos</span> 
     </span>
    </p>
   </div>
   <div class='ocr_carea' id='block_1_4' title="bbox 122 1439 1391 1536">
    <p class='ocr_par' dir='ltr' id='par_1_4' title="bbox 122 1439 1391 1536">
     <span class='ocr_line' id='line_1_12' title="bbox 122 1439 1391 1536; baseline 0.001 -26"><span class='ocrx_word' id='word_1_79' title='bbox 122 1441 246 1510; x_wconf 94' lang='lat' dir='ltr'>domini</span> <span class='ocrx_word' id='word_1_80' title='bbox 264 1444 488 1514; x_wconf 74' lang='lat' dir='ltr'>memmii.</span> <span class='ocrx_word' id='word_1_81' title='bbox 506 1445 663 1534; x_wconf 81' lang='lat' dir='ltr'>regnavit</span> <span class='ocrx_word' id='word_1_82' title='bbox 679 1445 773 1515; x_wconf 90' lang='lat' dir='ltr'>annis</span> <span class='ocrx_word' id='word_1_83' title='bbox 784 1463 842 1514; x_wconf 73' lang='grc' dir='ltr'>κν.</span> <span class='ocrx_word' id='word_1_84' title='bbox 869 1439 937 1512; x_wconf 83' lang='lat' dir='ltr'>Sed</span> <span class='ocrx_word' id='word_1_85' title='bbox 949 1439 989 1512; x_wconf 89' lang='lat' dir='ltr'>ad</span> <span class='ocrx_word' id='word_1_86' title='bbox 1000 1442 1171 1536; x_wconf 92' lang='lat' dir='ltr'>imperium</span> <span class='ocrx_word' id='word_1_87' title='bbox 1188 1459 1254 1512; x_wconf 92' lang='lat' dir='ltr'>non</span> <span class='ocrx_word' id='word_1_88' title='bbox 1389 1489 1391 1495; x_wconf 89' lang='lat'>-</span> 
     </span>
    </p>
   </div>
   <div class='ocr_carea' id='block_1_5' title="bbox 119 1535 1259 3968">
    <p class='ocr_par' dir='ltr' id='par_1_5' title="bbox 119 1535 1259 3968">
     <span class='ocr_line' id='line_1_13' title="bbox 122 1535 1255 1636; baseline 0 -28"><span class='ocrx_word' id='word_1_89' title='bbox 122 1535 285 1626; x_wconf 70' lang='lat' dir='ltr'>ascendit</span> <span class='ocrx_word' id='word_1_90' title='bbox 303 1540 376 1634; x_wconf 88' lang='lat' dir='ltr'>qnia</span> <span class='ocrx_word' id='word_1_91' title='bbox 394 1562 477 1635; x_wconf 85' lang='lat' dir='ltr'>papa</span> <span class='ocrx_word' id='word_1_92' title='bbox 493 1561 531 1610; x_wconf 88' lang='lat' dir='ltr'>sc</span> <span class='ocrx_word' id='word_1_93' title='bbox 542 1543 572 1609; x_wconf 90' lang='lat' dir='ltr'>ci</span> <span class='ocrx_word' id='word_1_94' title='bbox 585 1545 736 1636; x_wconf 91' lang='lat' dir='ltr'>opposuit</span> <span class='ocrx_word' id='word_1_95' title='bbox 752 1539 948 1636; x_wconf 46' lang='lat' dir='ltr'>impediensp</span> <span class='ocrx_word' id='word_1_96' title='bbox 965 1561 1008 1610; x_wconf 91' lang='lat' dir='ltr'>ne</span> <span class='ocrx_word' id='word_1_97' title='bbox 1026 1537 1066 1610; x_wconf 88' lang='lat' dir='ltr'>ad</span> <span class='ocrx_word' id='word_1_98' title='bbox 1083 1543 1127 1608; x_wconf 95' lang='lat' dir='ltr'>im</span> <span class='ocrx_word' id='word_1_99' title='bbox 1151 1541 1255 1608; x_wconf 88' lang='lat' dir='ltr'>crium</span> 
     </span>
     <span class='ocr_line' id='line_1_14' title="bbox 121 1561 1257 1730; baseline -0.001 -24"><span class='ocrx_word' id='word_1_100' title='bbox 121 1634 323 1706; x_wconf 87' lang='lat' dir='ltr'>ascenderet</span> <span class='ocrx_word' id='word_1_101' title='bbox 344 1658 405 1730; x_wconf 90' lang='lat' dir='ltr'>per</span> <span class='ocrx_word' id='word_1_102' title='bbox 428 1637 548 1730; x_wconf 85' lang='lat' dir='ltr'>aliquot</span> <span class='ocrx_word' id='word_1_103' title='bbox 571 1641 704 1710; x_wconf 85' lang='lat' dir='ltr'>annos.⁴</span> <span class='ocrx_word' id='word_1_104' title='bbox 737 1636 884 1710; x_wconf 82' lang='lat' dir='ltr'>Tandem</span> <span class='ocrx_word' id='word_1_105' title='bbox 900 1637 998 1710; x_wconf 75' lang='lat' dir='ltr'>&#39;linei</span> <span class='ocrx_word' id='word_1_106' title='bbox 1017 1561 1198 1708; x_wconf 70' lang='grc'>1010001010</span> <span class='ocrx_word' id='word_1_107' title='bbox 1223 1643 1257 1706; x_wconf 91' lang='lat' dir='ltr'>et</span> 
     </span>
     <span class='ocr_line' id='line_1_15' title="bbox 120 1731 1254 1831; baseline 0 -27"><span class='ocrx_word' id='word_1_108' title='bbox 120 1743 223 1804; x_wconf 88' lang='lat' dir='ltr'>totam</span> <span class='ocrx_word' id='word_1_109' title='bbox 252 1743 372 1803; x_wconf 86' lang='lat' dir='ltr'>terram</span> <span class='ocrx_word' id='word_1_110' title='bbox 401 1745 547 1808; x_wconf 88' lang='lat' dir='ltr'>sanctam</span> <span class='ocrx_word' id='word_1_111' title='bbox 575 1733 791 1808; x_wconf 90' lang='lat' dir='ltr'>obtinuerunt.</span> <span class='ocrx_word' id='word_1_112' title='bbox 829 1733 925 1806; x_wconf 84' lang='lat' dir='ltr'>Unde</span> <span class='ocrx_word' id='word_1_113' title='bbox 953 1754 1036 1831; x_wconf 89' lang='lat' dir='ltr'>popa</span> <span class='ocrx_word' id='word_1_114' title='bbox 1065 1731 1254 1828; x_wconf 89' lang='lat' dir='ltr'>compulsus</span> 
     </span>
     <span class='ocr_line' id='line_1_16' title="bbox 120 1829 1255 1926; baseline 0 -25"><span class='ocrx_word' id='word_1_115' title='bbox 120 1833 241 1902; x_wconf 87' lang='lat' dir='ltr'>timore</span> <span class='ocrx_word' id='word_1_116' title='bbox 259 1841 408 1903; x_wconf 87' lang='lat' dir='ltr'>sanctum</span> <span class='ocrx_word' id='word_1_117' title='bbox 417 1829 624 1903; x_wconf 88' lang='lat' dir='ltr'>chardum</span> <span class='ocrx_word' id='word_1_118' title='bbox 637 1842 713 1906; x_wconf 89' lang='lat' dir='ltr'>tunc</span> <span class='ocrx_word' id='word_1_119' title='bbox 731 1831 881 1904; x_wconf 87' lang='lat' dir='ltr'>abbatem</span> <span class='ocrx_word' id='word_1_120' title='bbox 893 1831 1178 1904; x_wconf 79' lang='lat' dir='ltr'>Clarevallensem</span> <span class='ocrx_word' id='word_1_121' title='bbox 1195 1849 1255 1926; x_wconf 92' lang='lat' dir='ltr'>pro</span> 
     </span>
     <span class='ocr_line' id='line_1_17' title="bbox 119 1925 1256 2025; baseline 0 -26"><span class='ocrx_word' id='word_1_122' title='bbox 119 1925 333 1999; x_wconf 88' lang='lat' dir='ltr'>reformanda</span> <span class='ocrx_word' id='word_1_123' title='bbox 357 1949 439 2022; x_wconf 87' lang='lat' dir='ltr'>paee</span> <span class='ocrx_word' id='word_1_124' title='bbox 462 1931 548 2000; x_wconf 89' lang='lat' dir='ltr'>inter</span> <span class='ocrx_word' id='word_1_125' title='bbox 572 1929 686 2003; x_wconf 88' lang='lat' dir='ltr'>sedem</span> <span class='ocrx_word' id='word_1_126' title='bbox 708 1929 920 2025; x_wconf 89' lang='lat' dir='ltr'>apostolicam</span> <span class='ocrx_word' id='word_1_127' title='bbox 938 1939 971 2001; x_wconf 89' lang='lat' dir='ltr'>et</span> <span class='ocrx_word' id='word_1_128' title='bbox 986 1951 1103 2024; x_wconf 83' lang='lat' dir='ltr'>regem</span> <span class='ocrx_word' id='word_1_129' title='bbox 1123 1928 1256 2002; x_wconf 81' lang='lat' dir='ltr'>Conra-</span> 
     </span>
     <span class='ocr_line' id='line_1_18' title="bbox 120 2025 1255 2123; baseline 0.001 -28"><span class='ocrx_word' id='word_1_130' title='bbox 120 2025 201 2096; x_wconf 93' lang='lat' dir='ltr'>dum</span> <span class='ocrx_word' id='word_1_131' title='bbox 226 2029 355 2096; x_wconf 85' lang='lat' dir='ltr'>tertium</span> <span class='ocrx_word' id='word_1_132' title='bbox 380 2030 467 2100; x_wconf 86' lang='lat' dir='ltr'>misit</span> <span class='ocrx_word' id='word_1_133' title='bbox 488 2029 521 2098; x_wconf 90' lang='lat' dir='ltr'>in</span> <span class='ocrx_word' id='word_1_134' title='bbox 545 2027 713 2120; x_wconf 85' lang='lat' dir='ltr'>legatione</span> <span class='ocrx_word' id='word_1_135' title='bbox 737 2027 777 2098; x_wconf 89' lang='lat' dir='ltr'>ad</span> <span class='ocrx_word' id='word_1_136' title='bbox 796 2028 993 2099; x_wconf 85' lang='lat' dir='ltr'>Aimoniam.</span> <span class='ocrx_word' id='word_1_137' title='bbox 1028 2029 1101 2115; x_wconf 82' lang='lat' dir='ltr'>Quo</span> <span class='ocrx_word' id='word_1_138' title='bbox 1125 2026 1255 2123; x_wconf 87' lang='lat' dir='ltr'>quidem</span> 
     </span>
     <span class='ocr_line' id='line_1_19' title="bbox 120 2123 1255 2218; baseline 0 -24"><span class='ocrx_word' id='word_1_139' title='bbox 120 2124 344 2194; x_wconf 78' lang='lat' dir='ltr'>reconciliatio</span> <span class='ocrx_word' id='word_1_140' title='bbox 362 2126 394 2194; x_wconf 89' lang='lat' dir='ltr'>in</span> <span class='ocrx_word' id='word_1_141' title='bbox 411 2123 506 2218; x_wconf 81' lang='lat' dir='ltr'>Spina</span> <span class='ocrx_word' id='word_1_142' title='bbox 533 2125 618 2196; x_wconf 86' lang='lat' dir='ltr'>iacta</span> <span class='ocrx_word' id='word_1_143' title='bbox 636 2135 668 2196; x_wconf 90' lang='lat' dir='ltr'>ct</span> <span class='ocrx_word' id='word_1_144' title='bbox 685 2129 717 2195; x_wconf 94' lang='lat' dir='ltr'>in</span> <span class='ocrx_word' id='word_1_145' title='bbox 735 2123 906 2196; x_wconf 85' lang='lat' dir='ltr'>Franciort</span> <span class='ocrx_word' id='word_1_146' title='bbox 932 2123 1048 2218; x_wconf 84' lang='lat' dir='ltr'>sigillis</span> <span class='ocrx_word' id='word_1_147' title='bbox 1074 2127 1255 2218; x_wconf 87' lang='lat' dir='ltr'>principum</span> 
     </span>
     <span class='ocr_line' id='line_1_20' title="bbox 120 2219 1255 2296; baseline 0.003 -6"><span class='ocrx_word' id='word_1_148' title='bbox 120 2219 276 2292; x_wconf 80' lang='lat' dir='ltr'>roborata</span> <span class='ocrx_word' id='word_1_149' title='bbox 288 2229 349 2290; x_wconf 87' lang='lat' dir='ltr'>est.</span> <span class='ocrx_word' id='word_1_150' title='bbox 376 2219 437 2292; x_wconf 90' lang='lat' dir='ltr'>Ubi</span> <span class='ocrx_word' id='word_1_151' title='bbox 452 2220 624 2294; x_wconf 85' lang='lat' dir='ltr'>Conradus</span> <span class='ocrx_word' id='word_1_152' title='bbox 635 2245 698 2296; x_wconf 87' lang='lat' dir='ltr'>rex</span> <span class='ocrx_word' id='word_1_153' title='bbox 709 2245 727 2293; x_wconf 88' lang='lat' dir='ltr'>u</span> <span class='ocrx_word' id='word_1_154' title='bbox 740 2233 854 2294; x_wconf 89' lang='lat' dir='ltr'>sancto</span> <span class='ocrx_word' id='word_1_155' title='bbox 867 2222 1037 2294; x_wconf 87' lang='lat' dir='ltr'>Bernardo</span> <span class='ocrx_word' id='word_1_156' title='bbox 1056 2246 1129 2294; x_wconf 90' lang='lat' dir='ltr'>oum</span> <span class='ocrx_word' id='word_1_157' title='bbox 1147 2221 1255 2293; x_wconf 90' lang='lat' dir='ltr'>multis</span> 
     </span>
     <span class='ocr_line' id='line_1_21' title="bbox 120 2315 1256 2412; baseline 0.002 -26"><span class='ocrx_word' id='word_1_158' title='bbox 120 2315 322 2412; x_wconf 87' lang='lat' dir='ltr'>principibus</span> <span class='ocrx_word' id='word_1_159' title='bbox 341 2341 438 2390; x_wconf 81' lang='lat' dir='ltr'>cruce</span> <span class='ocrx_word' id='word_1_160' title='bbox 457 2323 607 2411; x_wconf 82' lang='lat' dir='ltr'>signatus</span> <span class='ocrx_word' id='word_1_161' title='bbox 625 2331 684 2392; x_wconf 89' lang='lat' dir='ltr'>est.</span> <span class='ocrx_word' id='word_1_162' title='bbox 721 2319 763 2390; x_wconf 88' lang='lat' dir='ltr'>Et</span> <span class='ocrx_word' id='word_1_163' title='bbox 787 2319 828 2390; x_wconf 90' lang='lat' dir='ltr'>de</span> <span class='ocrx_word' id='word_1_164' title='bbox 846 2319 1066 2412; x_wconf 67' lang='lat' dir='ltr'>lotharingia,</span> <span class='ocrx_word' id='word_1_165' title='bbox 1090 2317 1256 2409; x_wconf 45' lang='grc' dir='ltr'>11100011·ῑοἦ</span> 
     </span>
     <span class='ocr_line' id='line_1_22' title="bbox 120 2413 1255 2512; baseline 0.002 -26"><span class='ocrx_word' id='word_1_166' title='bbox 120 2415 249 2506; x_wconf 84' lang='lat' dir='ltr'>Angiia</span> <span class='ocrx_word' id='word_1_167' title='bbox 274 2439 314 2486; x_wconf 88' lang='lat' dir='ltr'>an</span> <span class='ocrx_word' id='word_1_168' title='bbox 338 2415 409 2488; x_wconf 87' lang='lat' dir='ltr'>aliis</span> <span class='ocrx_word' id='word_1_169' title='bbox 432 2419 610 2512; x_wconf 86' lang='lat' dir='ltr'>provinciis</span> <span class='ocrx_word' id='word_1_170' title='bbox 634 2416 870 2511; x_wconf 82' lang='lat' dir='ltr'>pugnatoribus</span> <span class='ocrx_word' id='word_1_171' title='bbox 897 2417 1081 2490; x_wconf 84' lang='lat' dir='ltr'>fortissimis</span> <span class='ocrx_word' id='word_1_172' title='bbox 1107 2413 1255 2488; x_wconf 84' lang='lat' dir='ltr'>adunatis</span> 
     </span>
     <span class='ocr_line' id='line_1_23' title="bbox 119 2509 1256 2608; baseline 0 -26"><span class='ocrx_word' id='word_1_173' title='bbox 119 2511 283 2583; x_wconf 86' lang='lat' dir='ltr'>Yoonium</span> <span class='ocrx_word' id='word_1_174' title='bbox 301 2515 405 2602; x_wconf 70' lang='lat' dir='ltr'>uenit</span> <span class='ocrx_word' id='word_1_175' title='bbox 430 2512 484 2586; x_wconf 94' lang='lat' dir='ltr'>ubi</span> <span class='ocrx_word' id='word_1_176' title='bbox 500 2511 688 2587; x_wconf 87' lang='lat' dir='ltr'>Ludovicus</span> <span class='ocrx_word' id='word_1_177' title='bbox 706 2537 767 2586; x_wconf 85' lang='lat' dir='ltr'>rex</span> <span class='ocrx_word' id='word_1_178' title='bbox 785 2513 922 2586; x_wconf 86' lang='lat' dir='ltr'>Francie</span> <span class='ocrx_word' id='word_1_179' title='bbox 939 2537 1000 2608; x_wconf 89' lang='lat' dir='ltr'>per</span> <span class='ocrx_word' id='word_1_180' title='bbox 1016 2513 1197 2607; x_wconf 85' lang='lat' dir='ltr'>Ungariam</span> <span class='ocrx_word' id='word_1_181' title='bbox 1215 2509 1256 2583; x_wconf 90' lang='lat' dir='ltr'>ad</span> 
     </span>
     <span class='ocr_line' id='line_1_24' title="bbox 122 2607 1256 2707; baseline 0.003 -28"><span class='ocrx_word' id='word_1_182' title='bbox 122 2631 201 2680; x_wconf 90' lang='lat' dir='ltr'>cum</span> <span class='ocrx_word' id='word_1_183' title='bbox 219 2613 320 2681; x_wconf 86' lang='lat' dir='ltr'>venit.</span> <span class='ocrx_word' id='word_1_184' title='bbox 357 2607 399 2681; x_wconf 85' lang='lat' dir='ltr'>Et</span> <span class='ocrx_word' id='word_1_185' title='bbox 416 2634 495 2683; x_wconf 88' lang='lat' dir='ltr'>cece</span> <span class='ocrx_word' id='word_1_186' title='bbox 519 2621 594 2707; x_wconf 90' lang='lat' dir='ltr'>post</span> <span class='ocrx_word' id='word_1_187' title='bbox 617 2613 750 2683; x_wconf 75' lang='lat' dir='ltr'>munitam</span> <span class='ocrx_word' id='word_1_188' title='bbox 768 2621 915 2706; x_wconf 85' lang='lat' dir='ltr'>stragem</span> <span class='ocrx_word' id='word_1_189' title='bbox 931 2615 964 2682; x_wconf 96' lang='lat' dir='ltr'>in</span> <span class='ocrx_word' id='word_1_190' title='bbox 982 2611 1067 2684; x_wconf 87' lang='lat' dir='ltr'>festo</span> <span class='ocrx_word' id='word_1_191' title='bbox 1086 2609 1256 2684; x_wconf 85' lang='lat' dir='ltr'>divisionis</span> 
     </span>
     <span class='ocr_line' id='line_1_25' title="bbox 121 2706 1256 2804; baseline 0.001 -28"><span class='ocrx_word' id='word_1_192' title='bbox 121 2708 364 2801; x_wconf 76' lang='lat' dir='ltr'>apostolorum⁵</span> <span class='ocrx_word' id='word_1_193' title='bbox 387 2707 568 2782; x_wconf 81' lang='lat' dir='ltr'>lamsalem</span> <span class='ocrx_word' id='word_1_194' title='bbox 596 2719 832 2804; x_wconf 84' lang='lat' dir='ltr'>recuperantes</span> <span class='ocrx_word' id='word_1_195' title='bbox 859 2713 1049 2784; x_wconf 86' lang='lat' dir='ltr'>innumeras</span> <span class='ocrx_word' id='word_1_196' title='bbox 1071 2706 1256 2784; x_wconf 84' lang='lat' dir='ltr'>infidelium</span> 
     </span>
     <span class='ocr_line' id='line_1_26' title="bbox 123 2797 1256 2898; baseline 0.002 -25"><span class='ocrx_word' id='word_1_197' title='bbox 123 2797 269 2875; x_wconf 78' lang='lat' dir='ltr'>turmns⁶</span> <span class='ocrx_word' id='word_1_198' title='bbox 285 2807 482 2879; x_wconf 89' lang='lat' dir='ltr'>occiderunt.</span> <span class='ocrx_word' id='word_1_199' title='bbox 511 2805 666 2878; x_wconf 88' lang='lat' dir='ltr'>Ordinato</span> <span class='ocrx_word' id='word_1_200' title='bbox 684 2809 781 2898; x_wconf 84' lang='lat' dir='ltr'>igitur</span> <span class='ocrx_word' id='word_1_201' title='bbox 792 2811 824 2877; x_wconf 94' lang='lat' dir='ltr'>in</span> <span class='ocrx_word' id='word_1_202' title='bbox 842 2817 928 2878; x_wconf 87' lang='lat' dir='ltr'>terra</span> <span class='ocrx_word' id='word_1_203' title='bbox 948 2818 1060 2879; x_wconf 87' lang='lat' dir='ltr'>sancta</span> <span class='ocrx_word' id='word_1_204' title='bbox 1077 2829 1161 2898; x_wconf 83' lang='lat' dir='ltr'>rege</span> <span class='ocrx_word' id='word_1_205' title='bbox 1172 2805 1256 2876; x_wconf 84' lang='lat' dir='ltr'>Bal·</span> 
     </span>
     <span class='ocr_line' id='line_1_27' title="bbox 121 2901 1256 2997; baseline 0.004 -26"><span class='ocrx_word' id='word_1_206' title='bbox 121 2901 237 2991; x_wconf 58' lang='lat' dir='ltr'>duino7</span> <span class='ocrx_word' id='word_1_207' title='bbox 255 2905 309 2997; x_wconf 87' lang='lat' dir='ltr'>qui</span> <span class='ocrx_word' id='word_1_208' title='bbox 324 2902 478 2975; x_wconf 85' lang='lat' dir='ltr'>idiomate</span> <span class='ocrx_word' id='word_1_209' title='bbox 489 2902 614 2976; x_wconf 86' lang='lat' dir='ltr'>Gallico</span> <span class='ocrx_word' id='word_1_210' title='bbox 633 2901 876 2976; x_wconf 80' lang='lat' dir='ltr'>ctheutonico</span> <span class='ocrx_word' id='word_1_211' title='bbox 894 2902 1040 2978; x_wconf 89' lang='lat' dir='ltr'>cruditus</span> <span class='ocrx_word' id='word_1_212' title='bbox 1059 2912 1141 2996; x_wconf 77' lang='lat' dir='ltr'>erat,</span> <span class='ocrx_word' id='word_1_213' title='bbox 1160 2901 1256 2975; x_wconf 86' lang='lat' dir='ltr'>Con·-</span> 
     </span>
     <span class='ocr_line' id='line_1_28' title="bbox 120 2997 1256 3169; baseline 0.004 -101"><span class='ocrx_word' id='word_1_214' title='bbox 120 2997 226 3070; x_wconf 89' lang='lat' dir='ltr'>radus</span> <span class='ocrx_word' id='word_1_215' title='bbox 250 3010 282 3070; x_wconf 89' lang='lat' dir='ltr'>et</span> <span class='ocrx_word' id='word_1_216' title='bbox 301 2997 488 3073; x_wconf 83' lang='lat' dir='ltr'>Lndovious</span> <span class='ocrx_word' id='word_1_217' title='bbox 514 3023 617 3096; x_wconf 81' lang='lat' dir='ltr'>reges</span> <span class='ocrx_word' id='word_1_218' title='bbox 644 3000 777 3072; x_wconf 89' lang='lat' dir='ltr'>tandem</span> <span class='ocrx_word' id='word_1_219' title='bbox 804 3023 964 3169; x_wconf 82' lang='lat' dir='ltr'>prospere</span> <span class='ocrx_word' id='word_1_220' title='bbox 988 3005 1151 3074; x_wconf 80' lang='lat' dir='ltr'>interrae</span> <span class='ocrx_word' id='word_1_221' title='bbox 1178 3019 1256 3073; x_wconf 87' lang='lat' dir='ltr'>suas</span> 
     </span>
     <span class='ocr_line' id='line_1_29' title="bbox 121 3096 1257 3172; baseline -0.002 -2"><span class='ocrx_word' id='word_1_222' title='bbox 121 3105 202 3170; x_wconf 89' lang='lat' dir='ltr'>sunt</span> <span class='ocrx_word' id='word_1_223' title='bbox 218 3102 360 3169; x_wconf 85' lang='lat' dir='ltr'>reversi.</span> <span class='ocrx_word' id='word_1_224' title='bbox 385 3097 466 3170; x_wconf 86' lang='lat' dir='ltr'>Item</span> <span class='ocrx_word' id='word_1_225' title='bbox 485 3121 559 3170; x_wconf 91' lang='lat' dir='ltr'>cum</span> <span class='ocrx_word' id='word_1_226' title='bbox 577 3109 709 3172; x_wconf 88' lang='lat' dir='ltr'>sanctus</span> <span class='ocrx_word' id='word_1_227' title='bbox 727 3098 876 3171; x_wconf 88' lang='lat' dir='ltr'>Bcrnhnr</span> <span class='ocrx_word' id='word_1_228' title='bbox 900 3121 938 3170; x_wconf 90' lang='lat' dir='ltr'>us</span> <span class='ocrx_word' id='word_1_229' title='bbox 957 3096 1058 3170; x_wconf 91' lang='lat' dir='ltr'>abbas</span> <span class='ocrx_word' id='word_1_230' title='bbox 1076 3096 1257 3170; x_wconf 59' lang='grc' dir='ltr'>(11000001ιδ</span> 
     </span>
     <span class='ocr_line' id='line_1_30' title="bbox 120 3191 1257 3290; baseline -0.001 -25"><span class='ocrx_word' id='word_1_231' title='bbox 120 3193 230 3265; x_wconf 84' lang='lat' dir='ltr'>densis</span> <span class='ocrx_word' id='word_1_232' title='bbox 248 3203 281 3264; x_wconf 90' lang='lat' dir='ltr'>et</span> <span class='ocrx_word' id='word_1_233' title='bbox 298 3195 476 3289; x_wconf 86' lang='lat' dir='ltr'>apostolice</span> <span class='ocrx_word' id='word_1_234' title='bbox 494 3193 582 3268; x_wconf 88' lang='lat' dir='ltr'>sedis</span> <span class='ocrx_word' id='word_1_235' title='bbox 604 3195 736 3288; x_wconf 83' lang='lat' dir='ltr'>legatus</span> <span class='ocrx_word' id='word_1_236' title='bbox 754 3194 794 3267; x_wconf 93' lang='lat' dir='ltr'>ob</span> <span class='ocrx_word' id='word_1_237' title='bbox 813 3191 1020 3268; x_wconf 88' lang='lat' dir='ltr'>concordiam</span> <span class='ocrx_word' id='word_1_238' title='bbox 1037 3197 1123 3266; x_wconf 89' lang='lat' dir='ltr'>inter</span> <span class='ocrx_word' id='word_1_239' title='bbox 1140 3215 1257 3290; x_wconf 88' lang='lat' dir='ltr'>papam</span> 
     </span>
     <span class='ocr_line' id='line_1_31' title="bbox 122 3288 1259 3388; baseline 0 -28"><span class='ocrx_word' id='word_1_240' title='bbox 122 3299 158 3360; x_wconf 89' lang='lat' dir='ltr'>ct</span> <span class='ocrx_word' id='word_1_241' title='bbox 177 3288 365 3364; x_wconf 87' lang='lat' dir='ltr'>Conradum</span> <span class='ocrx_word' id='word_1_242' title='bbox 388 3295 516 3364; x_wconf 90' lang='lat' dir='ltr'>tertium</span> <span class='ocrx_word' id='word_1_243' title='bbox 540 3292 725 3364; x_wconf 84' lang='lat' dir='ltr'>faciendam</span> <span class='ocrx_word' id='word_1_244' title='bbox 741 3293 870 3388; x_wconf 86' lang='lat' dir='ltr'>Spiram</span> <span class='ocrx_word' id='word_1_245' title='bbox 887 3295 1050 3383; x_wconf 67' lang='lat' dir='ltr'>vertisset</span> <span class='ocrx_word' id='word_1_246' title='bbox 1075 3290 1202 3386; x_wconf 86' lang='lat' dir='ltr'>aolero</span> <span class='ocrx_word' id='word_1_247' title='bbox 1225 3297 1259 3361; x_wconf 88' lang='lat' dir='ltr'>et</span> 
     </span>
     <span class='ocr_line' id='line_1_32' title="bbox 122 3386 1257 3486; baseline 0.003 -29"><span class='ocrx_word' id='word_1_248' title='bbox 122 3387 277 3482; x_wconf 87' lang='lat' dir='ltr'>apopulo</span> <span class='ocrx_word' id='word_1_249' title='bbox 290 3393 429 3461; x_wconf 86' lang='lat' dir='ltr'>civitatis</span> <span class='ocrx_word' id='word_1_250' title='bbox 444 3413 570 3462; x_wconf 90' lang='lat' dir='ltr'>summa</span> <span class='ocrx_word' id='word_1_251' title='bbox 585 3413 658 3464; x_wconf 92' lang='lat' dir='ltr'>cum</span> <span class='ocrx_word' id='word_1_252' title='bbox 676 3393 878 3478; x_wconf 63' lang='lat' dir='ltr'>reverentia,</span> <span class='ocrx_word' id='word_1_253' title='bbox 897 3413 959 3486; x_wconf 90' lang='lat' dir='ltr'>qua</span> <span class='ocrx_word' id='word_1_254' title='bbox 977 3389 1155 3486; x_wconf 86' lang='lat' dir='ltr'>apostolice</span> <span class='ocrx_word' id='word_1_255' title='bbox 1168 3386 1257 3463; x_wconf 89' lang='lat' dir='ltr'>sedis</span> 
     </span>
     <span class='ocr_line' id='line_1_33' title="bbox 121 3483 1258 3586; baseline 0 -30"><span class='ocrx_word' id='word_1_256' title='bbox 121 3485 273 3575; x_wconf 83' lang='lat' dir='ltr'>legatum</span> <span class='ocrx_word' id='word_1_257' title='bbox 288 3483 383 3558; x_wconf 88' lang='lat' dir='ltr'>decet</span> <span class='ocrx_word' id='word_1_258' title='bbox 400 3491 583 3582; x_wconf 65' lang='lat' dir='ltr'>suscipere,</span> <span class='ocrx_word' id='word_1_259' title='bbox 602 3497 775 3583; x_wconf 84' lang='lat' dir='ltr'>susceptus</span> <span class='ocrx_word' id='word_1_260' title='bbox 788 3497 848 3559; x_wconf 86' lang='lat' dir='ltr'>est.</span> <span class='ocrx_word' id='word_1_261' title='bbox 873 3487 1011 3560; x_wconf 84' lang='lat' dir='ltr'>Solenni</span> <span class='ocrx_word' id='word_1_262' title='bbox 1028 3508 1156 3586; x_wconf 81' lang='lat' dir='ltr'>quoque</span> <span class='ocrx_word' id='word_1_263' title='bbox 1174 3507 1258 3582; x_wconf 91' lang='lat' dir='ltr'>pro-</span> 
     </span>
     <span class='ocr_line' id='line_1_34' title="bbox 123 3582 1256 3675; baseline -0.004 -18"><span class='ocrx_word' id='word_1_264' title='bbox 123 3585 294 3671; x_wconf 64' lang='lat' dir='ltr'>cessione,</span> <span class='ocrx_word' id='word_1_265' title='bbox 311 3594 347 3654; x_wconf 93' lang='lat' dir='ltr'>ut</span> <span class='ocrx_word' id='word_1_266' title='bbox 359 3588 459 3658; x_wconf 87' lang='lat' dir='ltr'>moris</span> <span class='ocrx_word' id='word_1_267' title='bbox 474 3595 537 3675; x_wconf 45' lang='lat' dir='ltr'>esta</span> <span class='ocrx_word' id='word_1_268' title='bbox 555 3588 588 3655; x_wconf 95' lang='lat' dir='ltr'>in</span> <span class='ocrx_word' id='word_1_269' title='bbox 606 3585 781 3656; x_wconf 87' lang='lat' dir='ltr'>ecclesiam</span> <span class='ocrx_word' id='word_1_270' title='bbox 799 3588 955 3657; x_wconf 82' lang='lat' dir='ltr'>maiorem</span> <span class='ocrx_word' id='word_1_271' title='bbox 972 3582 1173 3658; x_wconf 87' lang='lat' dir='ltr'>introductus</span> <span class='ocrx_word' id='word_1_272' title='bbox 1193 3591 1256 3672; x_wconf 66' lang='lat' dir='ltr'>cst,-</span> 
     </span>
     <span class='ocr_line' id='line_1_35' title="bbox 122 3677 1258 3776; baseline 0.001 -28"><span class='ocrx_word' id='word_1_273' title='bbox 122 3677 157 3748; x_wconf 87' lang='lat' dir='ltr'>in</span> <span class='ocrx_word' id='word_1_274' title='bbox 177 3699 239 3772; x_wconf 84' lang='lat' dir='ltr'>qua</span> <span class='ocrx_word' id='word_1_275' title='bbox 255 3678 410 3752; x_wconf 83' lang='lat' dir='ltr'>devotam</span> <span class='ocrx_word' id='word_1_276' title='bbox 424 3685 521 3754; x_wconf 81' lang='lat' dir='ltr'>istum</span> <span class='ocrx_word' id='word_1_277' title='bbox 538 3680 746 3776; x_wconf 86' lang='lat' dir='ltr'>antiphonam</span> <span class='ocrx_word' id='word_1_278' title='bbox 762 3685 851 3754; x_wconf 82' lang='lat' dir='ltr'>sulec</span> <span class='ocrx_word' id='word_1_279' title='bbox 868 3687 985 3774; x_wconf 81' lang='lat' dir='ltr'>repinc</span> <span class='ocrx_word' id='word_1_280' title='bbox 1002 3702 1076 3754; x_wconf 92' lang='lat' dir='ltr'>cum</span> <span class='ocrx_word' id='word_1_281' title='bbox 1094 3679 1258 3755; x_wconf 90' lang='lat' dir='ltr'>additione</span> 
     </span>
     <span class='ocr_line' id='line_1_36' title="bbox 121 3773 1259 3868; baseline -0.002 -22"><span class='ocrx_word' id='word_1_282' title='bbox 121 3775 255 3847; x_wconf 83' lang='lat' dir='ltr'>diarum</span> <span class='ocrx_word' id='word_1_283' title='bbox 272 3777 492 3850; x_wconf 87' lang='lat' dir='ltr'>cinusulnrum</span> <span class='ocrx_word' id='word_1_284' title='bbox 510 3778 653 3850; x_wconf 85' lang='lat' dir='ltr'>finalium</span> <span class='ocrx_word' id='word_1_285' title='bbox 667 3800 688 3849; x_wconf 90' lang='lat'><strong><em>0</em></strong></span> <span class='ocrx_word' id='word_1_286' title='bbox 701 3783 845 3868; x_wconf 79' lang='lat' dir='ltr'>clemens,</span> <span class='ocrx_word' id='word_1_287' title='bbox 864 3800 885 3849; x_wconf 90' lang='grc'>0</span> <span class='ocrx_word' id='word_1_288' title='bbox 891 3785 961 3868; x_wconf 87' lang='lat' dir='ltr'>pio,</span> <span class='ocrx_word' id='word_1_289' title='bbox 979 3783 1115 3850; x_wconf 78' lang='lat' dir='ltr'>odulctt</span> <span class='ocrx_word' id='word_1_290' title='bbox 1125 3773 1259 3847; x_wconf 81' lang='lat' dir='ltr'>Morio!</span> 
     </span>
     <span class='ocr_line' id='line_1_37' title="bbox 121 3872 1259 3968; baseline -0.004 -22"><span class='ocrx_word' id='word_1_291' title='bbox 121 3873 224 3948; x_wconf 79' lang='lat' dir='ltr'>flexis</span> <span class='ocrx_word' id='word_1_292' title='bbox 242 3873 383 3966; x_wconf 74' lang='lat' dir='ltr'>genubus</span> <span class='ocrx_word' id='word_1_293' title='bbox 401 3885 478 3948; x_wconf 84' lang='lat' dir='ltr'>ante</span> <span class='ocrx_word' id='word_1_294' title='bbox 496 3879 679 3968; x_wconf 82' lang='lat' dir='ltr'>imaginem</span> <span class='ocrx_word' id='word_1_295' title='bbox 696 3875 794 3948; x_wconf 87' lang='lat' dir='ltr'>beate</span> <span class='ocrx_word' id='word_1_296' title='bbox 811 3876 916 3948; x_wconf 85' lang='lat' dir='ltr'>Marie</span> <span class='ocrx_word' id='word_1_297' title='bbox 933 3879 1087 3967; x_wconf 64' lang='lat' dir='ltr'>virginis,</span> <span class='ocrx_word' id='word_1_298' title='bbox 1111 3872 1208 3946; x_wconf 88' lang='lat' dir='ltr'>modo</span> <span class='ocrx_word' id='word_1_299' title='bbox 1225 3874 1259 3941; x_wconf 91' lang='lat' dir='ltr'>in</span> 
     </span>
    </p>
   </div>
   <div class='ocr_carea' id='block_1_6' title="bbox 123 4033 1260 4326">
    <p class='ocr_par' dir='ltr' id='par_1_6' title="bbox 123 4033 1260 4326">
     <span class='ocr_line' id='line_1_38' title="bbox 182 4033 1260 4111; baseline -0.002 -15"><span class='ocrx_word' id='word_1_300' title='bbox 182 4037 212 4106; x_wconf 81' lang='lat'>1)</span> <span class='ocrx_word' id='word_1_301' title='bbox 231 4056 263 4096; x_wconf 78' lang='lat' dir='ltr'>so</span> <span class='ocrx_word' id='word_1_302' title='bbox 283 4038 364 4096; x_wconf 78' lang='lat' dir='ltr'>flemi&#39;</span> <span class='ocrx_word' id='word_1_303' title='bbox 411 4041 507 4110; x_wconf 66' lang='lat' dir='ltr'>tieret</span> <span class='ocrx_word' id='word_1_304' title='bbox 525 4040 569 4097; x_wconf 92' lang='lat' dir='ltr'>W.</span> <span class='ocrx_word' id='word_1_305' title='bbox 590 4041 643 4098; x_wconf 86' lang='lat' dir='ltr'>und</span> <span class='ocrx_word' id='word_1_306' title='bbox 662 4039 724 4098; x_wconf 84' lang='lat' dir='ltr'>Eoo.</span> <span class='ocrx_word' id='word_1_307' title='bbox 760 4041 790 4110; x_wconf 81' lang='lat'>2)</span> <span class='ocrx_word' id='word_1_308' title='bbox 811 4059 843 4098; x_wconf 87' lang='lat' dir='ltr'>so</span> <span class='ocrx_word' id='word_1_309' title='bbox 858 4039 995 4111; x_wconf 71' lang='lat' dir='ltr'>Remiin33</span> <span class='ocrx_word' id='word_1_310' title='bbox 1014 4039 1097 4096; x_wconf 86' lang='lat' dir='ltr'>iibere</span> <span class='ocrx_word' id='word_1_311' title='bbox 1109 4039 1165 4108; x_wconf 80' lang='lat' dir='ltr'>W.‚</span> <span class='ocrx_word' id='word_1_312' title='bbox 1183 4033 1260 4108; x_wconf 69' lang='lat' dir='ltr'>liberi</span> 
     </span>
     <span class='ocr_line' id='line_1_39' title="bbox 123 4109 1259 4182; baseline 0.001 -14"><span class='ocrx_word' id='word_1_313' title='bbox 123 4109 189 4168; x_wconf 82' lang='lat' dir='ltr'>Eco.</span> <span class='ocrx_word' id='word_1_314' title='bbox 226 4111 308 4180; x_wconf 83' lang='grc' dir='ltr'>3)οο</span> <span class='ocrx_word' id='word_1_315' title='bbox 327 4109 464 4182; x_wconf 66' lang='lat' dir='ltr'>Remiuffi</span> <span class='ocrx_word' id='word_1_316' title='bbox 490 4119 577 4168; x_wconf 76' lang='lat' dir='ltr'>merite</span> <span class='ocrx_word' id='word_1_317' title='bbox 602 4113 656 4169; x_wconf 87' lang='lat' dir='ltr'>sint</span> <span class='ocrx_word' id='word_1_318' title='bbox 673 4113 749 4182; x_wconf 78' lang='lat' dir='ltr'>Eae,</span> <span class='ocrx_word' id='word_1_319' title='bbox 773 4112 836 4170; x_wconf 85' lang='lat' dir='ltr'>mite</span> <span class='ocrx_word' id='word_1_320' title='bbox 861 4112 915 4168; x_wconf 90' lang='lat' dir='ltr'>sint</span> <span class='ocrx_word' id='word_1_321' title='bbox 933 4112 977 4167; x_wconf 89' lang='lat' dir='ltr'>W.</span> <span class='ocrx_word' id='word_1_322' title='bbox 1013 4111 1045 4180; x_wconf 80' lang='lat'>4)</span> <span class='ocrx_word' id='word_1_323' title='bbox 1064 4128 1112 4182; x_wconf 85' lang='lat' dir='ltr'>per</span> <span class='ocrx_word' id='word_1_324' title='bbox 1131 4129 1153 4168; x_wconf 85' lang='grc'>0.</span> <span class='ocrx_word' id='word_1_325' title='bbox 1174 4127 1259 4170; x_wconf 79' lang='lat' dir='ltr'>annot</span> 
     </span>
     <span class='ocr_line' id='line_1_40' title="bbox 124 4181 1260 4256; baseline 0 -18"><span class='ocrx_word' id='word_1_326' title='bbox 124 4181 152 4238; x_wconf 86' lang='lat' dir='ltr'>in</span> <span class='ocrx_word' id='word_1_327' title='bbox 180 4181 225 4238; x_wconf 89' lang='lat' dir='ltr'>W.</span> <span class='ocrx_word' id='word_1_328' title='bbox 244 4183 310 4240; x_wconf 80' lang='lat' dir='ltr'>nacb</span> <span class='ocrx_word' id='word_1_329' title='bbox 336 4184 465 4240; x_wconf 82' lang='lat' dir='ltr'>ascendit.</span> <span class='ocrx_word' id='word_1_330' title='bbox 502 4187 533 4252; x_wconf 89' lang='lat'>5)</span> <span class='ocrx_word' id='word_1_331' title='bbox 559 4201 601 4240; x_wconf 79' lang='lat' dir='ltr'>am</span> <span class='ocrx_word' id='word_1_332' title='bbox 627 4184 668 4242; x_wconf 88' lang='grc'>15.</span> <span class='ocrx_word' id='word_1_333' title='bbox 688 4183 734 4249; x_wconf 87' lang='lat' dir='ltr'>iuli</span> <span class='ocrx_word' id='word_1_334' title='bbox 759 4185 852 4240; x_wconf 83' lang='lat' dir='ltr'>wurde</span> <span class='ocrx_word' id='word_1_335' title='bbox 877 4181 1018 4240; x_wconf 83' lang='lat' dir='ltr'>ierusalem</span> <span class='ocrx_word' id='word_1_336' title='bbox 1043 4181 1113 4256; x_wconf 78' lang='lat' dir='ltr'>heim</span> <span class='ocrx_word' id='word_1_337' title='bbox 1140 4185 1260 4250; x_wconf 79' lang='lat' dir='ltr'>ersten</span> 
     </span>
     <span class='ocr_line' id='line_1_41' title="bbox 124 4251 813 4326; baseline 0.003 -18"><span class='ocrx_word' id='word_1_338' title='bbox 124 4251 279 4325; x_wconf 76' lang='lat' dir='ltr'>kreunuge</span> <span class='ocrx_word' id='word_1_339' title='bbox 300 4252 371 4310; x_wconf 82' lang='lat'>1099</span> <span class='ocrx_word' id='word_1_340' title='bbox 390 4257 528 4312; x_wconf 83' lang='lat' dir='ltr'>erstiirmti</span> <span class='ocrx_word' id='word_1_341' title='bbox 565 4255 595 4326; x_wconf 78' lang='lat'>6)</span> <span class='ocrx_word' id='word_1_342' title='bbox 615 4256 691 4312; x_wconf 78' lang='lat' dir='ltr'>Eun:</span> <span class='ocrx_word' id='word_1_343' title='bbox 711 4255 813 4320; x_wconf 63' lang='lat' dir='ltr'>turbas„</span> 
     </span>
    </p>
   </div>
   <div class='ocr_carea' id='block_1_7' title="bbox 0 0 1526 4822">
    <p class='ocr_par' dir='ltr' id='par_1_7' title="bbox 0 0 1526 4822">
     <span class='ocr_line' id='line_1_42' title="bbox 0 0 1526 4822; baseline 0 0"><span class='ocrx_word' id='word_1_344' title='bbox 0 0 1526 4822; x_wconf 95' lang='lat' dir='ltr'> </span> 
     </span>
    </p>
   </div>
  </div>
 </body>
</html>
