3012 4820
518 225 682 286 unoculus
701 223 865 286 umonrnt
1186 228 1258 306 589

133 403 320 476 ludovicus
337 403 559 476 Romanorum
577 427 640 476 rex
657 403 715 476 iuit
731 425 796 476 non
814 426 875 497 per
891 425 1008 499 papam
1027 401 1086 476 sed
1098 423 1158 497 per
1175 425 1262 498 qua-
1279 413 1349 470 1328

134 513 208 574 tuor
223 500 365 574 sindicus
383 503 491 597 populi
508 502 647 574 Romani
666 501 705 574 ad
728 501 790 573 hoc
813 503 999 595 specialiter
1021 505 1212 573 constitutos
1231 504 1263 570 in

134 601 277 673 ccclesia
296 604 398 672 sancti
409 601 496 672 Petri
512 603 545 671 in
557 604 785 694 imperatorem
804 600 1026 672 Romanorum
1039 599 1264 692 sollempniter

134 720 256 770 corona
274 718 374 768 aurea
393 707 567 770 coronatus
585 705 617 768 ct
635 709 757 770 extunc
779 701 955 791 imperator
971 707 1130 785 vocatus„
1148 718 1224 766 nam
1244 719 1262 766 a

134 796 187 867 die
215 817 276 868 sue
301 795 469 870 electionis
494 817 599 890 usque
627 794 667 866 ad
691 793 800 884 diem,
818 817 880 888 qua
899 794 1004 868 Rome
1022 816 1143 866 corona
1161 813 1262 863 aurea

134 898 344 966 coronantur¹
364 915 430 966 non
453 897 668 988 imperatores
692 890 753 966 sed
777 914 878 984 reges
896 891 1120 965 Romanorum
1137 894 1170 962 in
1194 893 1262 962 suis

134 992 249 1064 litteris
268 1003 301 1063 et
318 989 358 1062 ab
376 989 526 1063 omnibus
545 992 775 1086 appellentur.²

182 1087 432 1183 subsequenter
448 1091 524 1160 viiii.
543 1086 596 1159 die
614 1090 723 1183 aprilis
741 1088 877 1184 predicti
893 1092 982 1180 anni,
1010 1111 1073 1184 que
1095 1088 1154 1160 luit
1181 1087 1264 1162 sab-

134 1184 210 1258 bato
227 1189 261 1257 in
278 1185 373 1276 albis,
392 1185 557 1281 predictus
575 1186 725 1258 dominus
752 1209 834 1282 papo
858 1185 1021 1259 lohannes
1047 1187 1124 1258 fecit
1147 1191 1264 1259 venire

135 1283 175 1354 ud
193 1287 400 1377 presenciam
419 1306 514 1358 suam
530 1284 663 1356 fratrem
682 1283 877 1356 Michaelcm
895 1285 1088 1376 generalem
1107 1339 1115 1355 .
1135 1340 1142 1355 .
1162 1338 1170 1357 .

184 1382 224 1468 tl.
249 1382 337 1473 24¹.)
362 1381 611 1476 subsequenter
627 1380 784 1477 prelibato
802 1382 932 1454 domino
948 1380 1116 1454 ludovico
1136 1385 1169 1453 in
1196 1385 1265 1453 im-

134 1490 335 1574 peratorem,
354 1491 388 1551 ut
404 1479 583 1574 predictum
601 1491 671 1568 estn
689 1490 845 1552 coronato
865 1479 984 1552 volens
1001 1482 1072 1573 ipse
1090 1483 1265 1574 imperator·

133 1576 282 1666 iundice„
300 1577 448 1649 consulte
466 1587 499 1647 et
516 1587 629 1670 aperte
646 1576 828 1672 procedere
846 1589 957 1650 oonua
975 1577 1135 1672 prefatum
1154 1576 1265 1649 domi-

134 1697 213 1746 num
230 1673 408 1746 Iohannem
425 1696 556 1768 papam,
574 1673 616 1744 de
627 1675 736 1748 heresi
747 1673 876 1769 publice
884 1687 917 1747 et
927 1677 1052 1746 notorie
1064 1672 1264 1762 diiamatum„

135 1870 247 1964 aprilis
264 1870 397 1966 predicti
415 1872 493 1941 anni
510 1869 672 1964 quandam
699 1872 824 1961 legem„
850 1869 1011 1965 quomodo
1040 1879 1264 1964 competentes

134 1967 259 2040 iudices
283 1989 321 2041 se
349 1966 471 2040 habere
495 1966 637 2039 debeant
663 1979 774 2040 contra
799 1967 978 2042 incidentes
1002 1969 1035 2038 in
1051 1971 1175 2040 crimen
1192 1967 1264 2042 lese

135 2069 315 2138 maiestatis
333 2066 523 2156 ethereus„
542 2064 716 2159 dequibus
742 2087 803 2138 seu
827 2088 941 2137 eorum
966 2067 1069 2136 altero
1093 2065 1265 2138 manifeste

136 2174 171 2234 ct
186 2167 313 2235 notorie
331 2167 515 2237 commissis
534 2167 605 2257 quis
623 2163 805 2234 dillamatus
825 2163 894 2253 fuit
912 2163 1020 2236 Rome
1042 2163 1266 2259 sollempniter

134 2262 358 2357 promulgavit
374 2261 512 2334 iormum
536 2259 719 2334 huiusmodi
743 2264 980 2332 continentem:
1007 2263 1189 2331 ludovicus
1212 2264 1266 2331 dci

133 2364 248 2449 pratia
265 2361 486 2431 ltcumnorum
503 2364 681 2448 imperator
699 2369 731 2430 et
745 2379 870 2448 semper
887 2367 1051 2447 oupustus.
1102 2361 1156 2428 Ad
1177 2367 1266 2430 cter-

134 2478 213 2527 nam
234 2462 284 2527 rei
305 2462 496 2529 memorium
519 2459 597 2530 etc.³
624 2456 723 2529 Facta
741 2458 799 2528 fuit
822 2455 884 2528 hec
906 2458 962 2528 lex
986 2466 1019 2527 et
1035 2453 1195 2550 publicata
1213 2455 1266 2526 die

135 2557 221 2627 iovis
237 2558 315 2627 xiiii.
334 2557 444 2650 aprilis
461 2577 547 2628 anno
565 2555 685 2626 domini
703 2558 942 2626 m.occ.xx.viii.

184 2651 313 2723 Deinde
331 2653 450 2726 videns
468 2651 633 2748 predictus
651 2656 838 2746 imperator,
855 2650 942 2746 quod
954 2652 1100 2746 prefatus
1114 2652 1264 2724 dominus

133 2749 299 2822 lohannes
318 2773 401 2846 papa
419 2750 503 2822 dicta
521 2754 580 2822 iria
599 2759 715 2822 statuta
734 2747 881 2820 ediderat
904 2759 938 2820 et
962 2748 1090 2844 publice
1114 2749 1264 2845 promul-

135 2857 278 2941 gaverat
295 2859 329 2920 et
344 2851 554 2943 pertinaciter
570 2845 778 2936 defendebat
796 2848 916 2918 volens
941 2845 1189 2941 predecessoris
1214 2849 1264 2918 sui

136 2943 280 3019 Ottonis4
295 2949 400 3040 primi,
413 2949 466 3040 qui
482 2945 661 3018 Iohannem
672 2967 790 3039 papam
800 2947 855 3017 xii.
869 2943 911 3015 de
922 2955 1042 3040 papatu
1053 2943 1263 3038 deposuerat,

135 3053 170 3116 el
184 3043 321 3115 aliorum
339 3045 593 3138 quamplurium
610 3045 854 3136 imperatorum,
873 3042 998 3136 quihoc
1011 3042 1264 3129 idamfecerantt

134 3144 289 3232 vestigiis
307 3140 471 3230 inhereren
490 3151 596 3213 motus
614 3139 840 3223 nichilominus
859 3149 892 3210 et
902 3139 1051 3212 inductus
1064 3141 1264 3233 supplicaci-

134 3237 252 3312 onibus
280 3249 313 3310 ct
338 3242 504 3312 instanciis
529 3238 675 3333 plurimis
693 3236 888 3308 sindicorum
917 3237 996 3308 cleri
1014 3246 1047 3307 et
1063 3236 1171 3330 populi
1189 3235 1264 3306 Ro-

134 3341 224 3408 mani
242 3347 339 3432 atque
356 3335 490 3407 fratrum
508 3336 683 3423 Minorum,
701 3335 831 3429 plenam
849 3333 890 3404 ad
908 3333 971 3405 hoo
993 3334 1072 3406 cleri
1096 3345 1129 3406 et
1154 3333 1264 3428 populi

135 3438 361 3506 auctoritatem
377 3431 570 3506 habencium
589 3443 622 3503 et
637 3430 773 3504 liberam
787 3443 995 3526 potestatem,
1006 3441 1101 3526 prout
1118 3434 1265 3527 apparuit

135 3555 181 3605 ex
198 3530 314 3604 oblatis
331 3543 409 3602 tunc
424 3531 509 3603 dicto
526 3533 712 3625 imperatori
731 3530 907 3602 sindicatus
927 3552 1041 3600 eorum
1058 3529 1193 3624 publicis
1208 3531 1265 3598 in-

136 3633 339 3717 strumentis,
359 3640 575 3700 memoratum
593 3627 757 3700 dominum
781 3626 962 3701 iohannem
989 3649 1105 3721 papam
1129 3629 1209 3699 xxii.
1232 3629 1265 3695 in

136 3725 248 3799 heresi
264 3723 393 3821 publice
420 3725 663 3822 deprehensum
682 3747 743 3819 per
759 3729 955 3797 sententiam
974 3724 1174 3796 diffinitivam
1192 3722 1266 3794 sol-

134 3823 311 3918 lempniter
327 3823 477 3918 deposuit
494 3823 536 3894 de
554 3833 686 3918 papatu„
705 3827 795 3894 cuius
815 3825 976 3895 sententie
994 3833 1087 3893 tenor
1106 3821 1177 3892 tulis
1196 3831 1264 3892 est:

136 3921 177 4011 (f.
202 3921 280 4014 25.)
297 3922 479 3993 ludovicus
496 3925 550 3992 dci
565 3925 678 4010 pratia
694 3923 913 3992 Romanorum
937 3922 1114 4008 imperator
1132 3926 1164 3987 et
1177 3937 1266 3986 eem-

132 4039 196 4108 pcr
213 4029 376 4110 cumulus.
412 4023 465 4089 Art
476 4027 670 4110 perpetuam
692 4023 741 4088 ret
765 4022 962 4088 memoriam.
1000 4020 1166 4087 Gloriosus
1189 4017 1267 4085 dces

137 4254 146 4304 ι
187 4177 387 4304 'ipocronaius
407 4177 446 4231 irs.
483 4177 514 4244 2)
535 4175 680 4248 appellatur
700 4176 738 4230 irs.
776 4177 806 4244 3)
827 4174 909 4244 Regg.
935 4172 999 4228 Lud.
1026 4191 1049 4228 n.
1070 4173 1129 4229 980.
1167 4173 1197 4232 4]
1218 4172 1267 4230 Ot-

148 4265 193 4304 om
228 4265 250 4304 s.
