3036 4822
254 251 326 323 374
364 247 517 310 ΟΗΒΟΝῙΟΙ
531 250 712 312 nouorum]
723 250 873 310 insolitu
884 251 1081 310 FRAGMENTA
1094 251 1274 311 COthG'lA.

170 433 241 494 tota
303 430 341 504 In
355 449 471 502 mense
483 440 625 522 augusto
634 425 777 502 Adollus
796 429 922 502 electus
940 427 1205 524 archiepiscopus
1222 432 1386 506 masma

256 554 295 604 se
312 551 386 600 cum
403 549 526 620 magno
544 538 742 599 armatorum
759 530 912 599 comitatu
929 525 971 598 ad
986 537 1098 621 parles
1108 526 1242 618 Hosne,
1259 527 1386 602 West-

256 627 377 724 phalis,
400 625 547 698 Saxonis
571 635 606 696 et
628 621 702 696 ahhi
726 623 780 695 uhi
805 633 900 696 crant
922 628 1118 698 munitiones
1142 625 1288 700 ecclesie
1304 625 1385 698 hta-

256 727 402 818 guntine.
430 723 599 796 Etomnes
616 719 838 794 feceruntsihi
855 721 1044 814 homagium
1060 733 1258 818 respuentes
1269 723 1385 796 hudo-

253 828 377 912 vioum‚
401 843 499 917 quem
515 843 599 916 papa
617 817 830 892 ordinaverat
847 817 1126 915 archiepiscopum
1144 819 1384 913 hlagnntinum.

253 920 297 992 Et
321 929 394 991 orte
422 929 498 992 sunt
525 939 650 1009 graves
679 939 802 1010 guerre
827 919 912 989 inter
942 919 1049 1012 ipsum
1078 927 1112 990 et
1138 923 1385 1011 marggravios.

252 1019 413 1109 (loannes
426 1020 450 1108 l,
469 1015 598 1105 odda)

302 1115 354 1188 Eo
365 1126 513 1210 tempore
528 1117 578 1205 [in
588 1112 728 1206 octobri]
739 1112 882 1188 Adoll'us
894 1115 1020 1188 clectus
1034 1113 1199 1209 prediatus
1216 1115 1385 1208 proiectas

115 1229 120 1242 '
254 1236 328 1288 oum
355 1234 477 1306 magno
506 1221 703 1284 armatorum
731 1216 882 1285 comitatu
909 1214 1043 1286 intravit
1068 1221 1189 1284 terram
1217 1213 1388 1306 margrafii

253 1311 474 1384 Missenensis
487 1320 519 1380 ct
529 1311 698 1382 comiciam
708 1307 916 1402 Swarnhnrg
928 1321 962 1382 et
978 1331 1050 1383 oum
1068 1313 1209 1403 potentia
1222 1315 1386 1398 transivit,

252 1406 451 1481 vindicando
474 1409 622 1478 inimicos
646 1429 725 1480 suos
743 1411 952 1500 margravios
970 1419 1003 1480 et
1019 1410 1165 1501 ipsorum
1182 1408 1387 1496 auxiliarios,

254 1509 327 1601 qrria
346 1508 407 1600 ipsi
425 1503 630 1577 marchiones
649 1503 724 1576 dolo
747 1501 950 1578 abstulerunt
966 1503 1062 1599 opida
1080 1515 1113 1578 et
1129 1513 1237 1578 castra
1262 1507 1390 1578 scilieet

253 1603 352 1677 Saluo
371 1614 404 1676 et
419 1601 701 1694 Bischolsgattem
720 1599 760 1672 ah
779 1603 921 1674 ecclesia
938 1601 1141 1694 Magantina.
1176 1601 1245 1673 Sed
1269 1615 1388 1695 postea

255 1700 395 1776 Carolus
422 1723 486 1772 rex
511 1697 670 1772 Bohemie
703 1703 880 1794 imperator
906 1700 982 1772 iecit
1009 1710 1145 1791 treugas
1171 1702 1257 1770 inter
1283 1704 1388 1794 ipsos.

253 1797 347 1872 Dicta
372 1796 467 1892 opida
491 1809 525 1868 et
550 1807 657 1870 castra
681 1800 714 1867 in
738 1795 888 1870 manibus
913 1801 981 1870 suis
1004 1819 1065 1893 pro
1088 1799 1206 1870 iustitia
1229 1802 1390 1892 receptis,

254 1895 417 1968 transtulit
444 1917 482 1968 so
509 1893 711 1987 Magantiam
739 1897 873 1986 [nov.]2
901 1906 934 1970 et
961 1893 1004 1965 ihi
1029 1904 1064 1966 nt
1091 1892 1259 1966 dicehntur
1285 1895 1390 1968 multa

254 1993 411 2086 figmenta
430 1991 629 2090 exponebat,
647 2013 713 2063 non
731 2003 864 2087 propter
880 1993 1141 2088 tranquillitatem
1160 1999 1260 2082 terre,
1278 1991 1391 2066 sedat
1501 2003 1502 2056 ἓ

255 2093 363 2164 omnia
381 2093 414 2162 in
432 2089 666 2164 adversitatem
691 2088 877 2181 himeteran,
902 2089 987 2184 quod
1010 2089 1092 2180 deus
1116 2097 1259 2178 avertat,
1283 2112 1390 2183 quare
1501 2085 1502 2104 *

254 2187 417 2260 modicum
445 2191 573 2259 curavit
599 2209 715 2282 pacem
741 2187 919 2263 Alamanie
945 2186 1004 2260 scd
1032 2195 1126 2282 pater
1151 2184 1326 2278 Bohemim
1354 2197 1392 2262 ut

253 2295 355 2382 patet,
373 2288 447 2380 quia
464 2289 536 2380 ipse
549 2305 594 2356 ex
605 2293 681 2356 tuno
692 2281 774 2376 hlog
784 2338 874 2356 .....
894 2283 1059 2379 predones
1076 2281 1220 2376 undique
1236 2283 1392 2358 iecerunt

253 2385 445 2456 incircuitu
471 2405 508 2453 ra
533 2386 604 2454 inas
628 2391 661 2452 el
687 2379 849 2471 incendia
878 2380 963 2476 quod
991 2385 1123 2453 minime
1150 2377 1300 2470 curabat,
1327 2381 1392 2456 sed

255 2481 363 2554 solum
385 2405 573 2552 intendehat
595 2501 656 2550 suo
673 2479 831 2572 profectui
849 2490 881 2550 et
901 2489 1079 2571 augmento
1102 2480 1198 2570 regni
1216 2477 1393 2554 Bohemo-

253 2599 339 2668 rum7
366 2581 398 2648 in
422 2576 626 2650 desolatione
648 2573 771 2648 relictis
789 2579 913 2648 cunctis
931 2575 1036 2670 opidis
1053 2575 1094 2648 ad
1112 2577 1285 2671 imperium
1303 2599 1393 2671 per-

253 2673 440 2749 tinentibus.
467 2673 734 2764 (Sclcco331t.)

254 2879 416 2946 vaserunt
442 2881 585 2942 castrum
608 2867 802 2961 lltinigstein
828 2877 861 2942 et
883 2867 1064 2963 Philippum
1090 2867 1256 2942 dominnm
1281 2874 1391 2965 ipsius

253 2971 352 3044 castri
376 2989 449 3040 cum
473 2965 575 3040 trihus
601 2967 675 3038 liliis
699 2970 769 3039 suis
792 2978 959 3060 oepemnt.
996 2967 1058 3054 Qui
1076 2961 1241 3060 Philippus
1265 2967 1390 3042 rolens

253 3066 424 3182 aufugere·
439 3088 500 3160 per
522 3087 650 3138 murum
677 3064 793 3137 cecidit
815 3067 848 3136 in
871 3063 1030 3138 fossatum
1049 3065 1131 3135 etin
1155 3061 1250 3136 hrevi
1268 3075 1390 3158 postea

169 3270 238 3328 1375
253 3174 641 3336 supdhdddhncoclxmv.
660 3270 773 3355 captus
792 3269 844 3332 cst
860 3257 1028 3352 Rupertus
1050 3279 1162 3331 comcs
1180 3259 1223 3330 de
1240 3257 1391 3348 Nasson,
1500 3221 1501 3256 ³

252 3358 377 3478 praedo
400 3363 516 3454 patrie„
541 3369 574 3430 et
598 3359 673 3476 dicti
696 3357 741 3474 illi
766 3355 807 3428 de
824 3354 1018 3448 Ridenherg
1033 3359 1067 3428 in
1087 3377 1206 3472 mense
1230 3368 1391 3472 augusto,

252 3452 1390 3647 tiltthtllllltltlltttilithi*nllltlhllth

251 3655 314 3750 ipsi
331 3652 531 3742 occiderant
549 3674 613 3746 que
631 3655 717 3745 cepit
733 3671 803 3724 eos.
831 3650 1050 3738 (Witrdlaocio
1071 3649 1103 3738 8,
1118 3649 1192 3720 394
1202 3649 1247 3739 fi]

300 3752 401 3825 Anno
418 3749 637 3822 mccclxxx.
650 3759 720 3820 orta
733 3757 785 3822 est
802 3768 923 3838 magna
942 3745 1058 3818 seditio
1075 3750 1161 3818 inter
1178 3750 1332 3818 comitem
1343 3743 1389 3818 de

250 3847 438 3945 hyningem
457 3847 630 3921 scultetum
645 3849 680 3918 in
697 3844 913 3940 Oppenheim
932 3852 965 3915 et
982 3847 1131 3916 cimmtes
1143 3841 1389 3937 maguncien-

251 3969 336 4036 sem,
353 3943 634 4016 Wormatiensem
653 3954 687 4016 et
702 3944 905 4040 spirensem.
931 3943 1082 4031 (Sohund
1097 3943 1196 4028 335.)

167 4049 237 4106 1376
287 4044 419 4160 ·[Anno
430 4041 553 4160 toto]
580 4041 618 4116 ln
631 4041 694 4158 illo·
703 4051 851 4158 tempore
868 4040 959 4112 multi
975 4038 1132 4156 barones,
1150 4041 1269 4114 milltes
1280 4049 1389 4113 etar-

251 4137 1500 4338 33331333333333ῑ33333ιψ
