2900 4820
274 235 348 308 220
576 229 742 288 uunums
762 231 1100 290 uumvsuaunouusrs.

273 410 466 481 durissimos
485 407 670 478 destinavit.
722 406 884 478 Rudolius
903 417 1012 478 autem
1029 406 1071 478 de
1089 407 1280 499 Andeiuhep
1307 414 1395 480 vice·
1424 403 1425 406 '

271 507 422 579 dominus
440 508 598 600 episcopi,
624 508 767 576 crastino
785 509 979 598 captivitatis
998 509 1117 600 incepit
1140 505 1181 576 ab
1206 507 1353 580 officiatis
1368 519 1396 578 et

272 602 521 691 municionibus
545 602 630 696 quod
649 599 709 675 sibi
727 614 883 696 parerent
907 612 1056 697 tempore
1075 607 1285 698 captivitatis
1314 610 1396 678 reci-

273 725 354 796 pere
371 706 562 772 iuramenta.

320 803 421 872 Venit
438 811 547 870 autem
564 799 628 870 illis
645 797 761 870 diebus
772 800 993 890 Argentinam
1007 798 1165 872 Albertus
1177 799 1247 872 dux
1257 802 1397 874 Austrie.
1425 803 1426 826 ³

272 901 417 993 episcopi
435 897 679 984 confederatus„
705 895 747 966 de
765 896 967 990 Aquisgrani
992 901 1106 992 quoin
1130 903 1398 992 peregrinacione

270 995 499 1070 descenderat.
537 993 637 1066 Cuius
655 997 797 1066 intencio
816 995 857 1064 ad
874 991 1091 1066 obsidendum
1102 997 1256 1068 Niiwiire
1274 1007 1309 1066 et
1325 998 1397 1067 alies

270 1097 473 1165 municiones
490 1091 644 1164 Iohannis
669 1091 711 1161 de
734 1090 957 1183 Liehtenherg
980 1105 1013 1164 et
1033 1093 1195 1187 Symundi
1219 1094 1331 1166 fratris
1354 1099 1399 1164 sui
1426 1112 1427 1200 p

268 1189 455 1264 omnimode
475 1187 690 1278 versabatur3
718 1189 778 1261 sed
796 1189 926 1262 officiati
953 1189 1116 1263 rehabere
1141 1190 1311 1262 dominum
1328 1197 1397 1285 qui-

270 1287 409 1362 busdam
434 1285 657 1381 paccionibus¹
677 1286 870 1358 nitebantur.
921 1287 1081 1374 Quamvis
1105 1299 1217 1359 autem
1240 1294 1396 1360 notorium

269 1387 379 1475 fuerit
397 1385 577 1480 predictrun
594 1383 833 1457 thesaurarium
844 1385 948 1458 fuisse
958 1387 1172 1480 principalem
1183 1386 1397 1459 aetermam.

270 1493 303 1554 et
330 1482 479 1555 habuerit
505 1482 702 1554 domicilium
725 1485 925 1574 Argentine
954 1487 1104 1576 quamvis
1129 1487 1234 1554 eciam
1259 1487 1397 1556 vicarius
1427 1543 1428 1595 p

271 1584 415 1676 episcopi
443 1581 630 1650 decreverit
653 1581 856 1652 interdictum
888 1579 1089 1652 servandum
1116 1585 1207 1652 irmta
1232 1584 1398 1654 concilium

270 1678 485 1773 provinciale„
500 1677 585 1771 quau
597 1687 630 1748 et
639 1677 959 1768 Argentinensibus²
970 1679 1162 1772 placuisset,
1173 1679 1397 1752 Predicatores

269 1787 379 1846 tamen
397 1785 430 1846 et
446 1775 594 1846 Minores
619 1797 660 1844 ao
681 1776 791 1847 clerus
816 1779 947 1848 maioris
972 1775 1115 1847 ecclesie
1141 1799 1209 1848 non
1226 1781 1397 1848 veritatem

270 1872 329 1944 sed
348 1874 498 1944 affectum
517 1875 678 1967 privatum
697 1871 925 1962 consideransq
944 1871 1161 1946 celebrarunt.
1428 1974 1429 2010 1

272 2045 319 2114 De
340 2047 485 2130 quadam
505 2046 575 2132 tipo
596 2045 679 2112 iuter
699 2045 955 2132 Arpeuttneusea
984 2044 1186 2114 Busileenaes
1207 2053 1241 2115 et
1260 2045 1395 2114 Fn'bur-
1428 2021 1429 2050 ³

367 2159 490 2230 penses.

343 2287 416 2359 Fuit
433 2299 543 2358 autem
564 2288 632 2379 liga
656 2290 747 2382 pacis
771 2287 833 2358 illis
858 2285 973 2360 diebus
997 2291 1082 2359 inter
1099 2289 1397 2380 Argentinenses.3

268 2385 473 2457 Basilienses
485 2395 519 2456 et
528 2383 790 2476 Friburgenses;
808 2387 884 2455 item
897 2385 958 2456 alin
971 2387 1037 2478 liga
1048 2387 1397 2479 interArgentinensis
1429 2406 1430 2468 t

270 2494 303 2555 et
320 2483 414 2577 opido
434 2486 570 2576 imperit
594 2487 671 2553 item
694 2484 757 2553 alia
781 2485 865 2552 iuter
882 2486 1073 2576 episcopum
1091 2493 1124 2554 et
1141 2483 1245 2556 duces
1264 2485 1397 2557 Austrie
1429 2487 1430 2490 ’

269 2591 302 2652 et
319 2593 440 2650 terram
457 2584 612 2674 ipsorum.
659 2579 769 2650 Noluit
790 2583 876 2650 enim
895 2584 1070 2675 episcopus
1088 2604 1167 2653 esse
1192 2583 1313 2674 iniiga
1333 2584 1399 2654 Ar-

269 2681 526 2766 gentinensium,
544 2681 607 2749 nisi
625 2681 746 2770 etipse
763 2699 970 2768 cognoscere
986 2690 1101 2772 posset
1117 2683 1151 2749 in
1169 2680 1257 2751 facto
1269 2703 1333 2750 suo
1347 2677 1399 2750 sihi

270 2777 356 2847 illato
375 2779 457 2847 sicut
475 2787 508 2846 et
528 2778 589 2870 ipsi
614 2773 786 2845 habehant.
838 2773 880 2844 Et
904 2772 945 2845 ob
971 2775 1045 2866 hom
1069 2787 1103 2847 et
1126 2781 1199 2869 quoia
1227 2780 1400 2872 episcopus

269 2872 475 2944 confirmavit
491 2873 675 2964 Sigeiinum
693 2872 734 2942 de
747 2871 925 2943 Mttlnheim
943 2885 1056 2945 contra
1074 2871 1219 2946 Utricum
1236 2875 1348 2946 Siisse
1365 2873 1401 2942 ad

290 2973 508 3064 repositnram
536 2972 639 3041 sancti
667 2968 792 3040 tuone
816 2970 1074 3062 Argentinensis
1102 2981 1136 3042 et
1163 2971 1205 3042 ob
1233 2970 1300 3043 hoc
1328 2995 1399 3066 pars

268 2995 456 3139 {ornanum
474 3077 653 3162 provocata
671 3067 778 3139 fuerat
795 3078 907 3139 contra
925 3071 1046 3162 ipsum„
1070 3091 1089 3138 a
1107 3072 1240 3140 ciuitate
1260 3070 1400 3162 Argen-

268 3169 334 3237 tina
358 3167 515 3238 auxilium
540 3164 668 3258 aliquod
692 3187 758 3235 non
782 3162 931 3236 habebat.
983 3163 1103 3238 Habuit
1132 3177 1242 3237 autem
1269 3167 1310 3238 ab
1335 3173 1401 3261 ipso

269 3267 425 3358 episcopo
448 3262 613 3358 predictus
633 3261 804 3333 Conradus
828 3261 870 3332 de
895 3263 1008 3335 Kirkel
1032 3263 1241 3336 oiiicialatum
1261 3266 1401 3357 Argen-

269 3364 432 3431 tinensem
443 3383 517 3432 cum
535 3360 644 3452 sigillo
656 3363 786 3431 etomni
798 3362 1019 3433 emolumento
1030 3371 1062 3432 et
1078 3371 1243 3454 potestate
1261 3362 1402 3457 ponendi

268 3457 441 3548 officiatos,
459 3461 537 3529 item
555 3461 732 3529 cantoriam
749 3459 943 3552 Spirensem
961 3469 994 3530 et
1011 3460 1216 3532 scolastriam
1236 3461 1400 3552 Argenti-

269 3576 409 3626 nensem
426 3579 500 3626 cum
517 3555 750 3643 thesauraria,4
762 3579 836 3627 cum
853 3557 961 3627 miultis
980 3557 1095 3628 officiis
1114 3568 1147 3627 et
1162 3556 1347 3652 prebendis
1365 3555 1401 3626 ad

270 3655 320 3724 sui
334 3653 536 3724 voluntatem
555 3653 690 3724 collatis.
717 3653 817 3724 Venit
834 3665 943 3725 autem
962 3659 1136 3748 episcopus
1148 3653 1347 3725 Basiliensis
1365 3653 1401 3723 ad

269 3761 411 3822 castrum
422 3749 667 3822 Dahchenstein
686 3751 828 3823 ecclesie
840 3752 1111 3843 Argentinensim
1127 3755 1335 3824 constituens
1346 3751 1400 3821 lo-

269 3846 413 3918 hannem
429 3847 532 3918 Eriini
556 3849 764 3918 scolasticum
791 3853 893 3920 sancti
911 3848 1048 3938 'l'homeq
1073 3852 1232 3920 vicarium
1259 3853 1399 3945 priorem

269 3949 490 4039 episcopatum
514 3949 685 4016 autoritate
703 3947 881 4039 apostolica
901 3949 1058 4018 vicarium
1082 3947 1291 4038 generalem.
1344 3949 1400 4034 Qui

323 4093 353 4157 1)
373 4109 405 4146 sc
425 4093 456 4146 Α.
475 4093 529 4147 tund
545 4093 618 4163 Vita3
655 4093 815 4149 ctieionibus
835 4093 861 4148 B.
898 4095 929 4162 2)
949 4093 1197 4162 Augustinensibus
1218 4095 1246 4150 B.
1264 4095 1320 4151 und
1336 4095 1399 4148 Vita.

269 4163 591 4304 zptuii.epigappppptinensea.
646 4171 658 4234 )
685 4182 744 4220 cum
767 4165 932 4228 thesauraria
958 4157 1024 4223 iehit
1048 4163 1075 4222 iu
1094 4165 1122 4222 B.
1141 4165 1196 4224 und
1221 4165 1260 4224 ist
1283 4183 1334 4227 aus
1359 4165 1401 4222 der
