2982 4824
301 251 480 312 mbotttrett
499 251 691 310 steterumt
709 251 817 310 essm
834 251 1075 311 mrbbtrotttut.
1177 255 1249 330 665

119 429 264 508 maxime
280 427 392 502 divino
410 439 526 520 egeret
542 429 664 501 oumlio
680 449 760 501 esse
817 427 1027 500 eeatbolieus
1043 427 1153 516 bomo,
1170 429 1250 502 satis

118 529 253 602 videtur
267 526 448 622 probabile,
472 525 557 621 quod
580 525 675 600 nodis
692 526 782 598 fratri
805 549 845 598 us
863 525 1091 615 satisleoisset,
1116 535 1149 597 et
1165 528 1249 621 quod

118 628 183 700 illis
198 626 303 699 seems
323 627 456 698 iniurias
473 623 687 714 vindioaeset,
706 627 733 696 si
750 635 880 718 tempus
899 633 975 696 tuno
991 626 1203 718 exquisisset,
1221 628 1249 696 si

118 723 317 820 possibilitas
335 723 494 812 elisisset,
519 734 553 795 et
569 725 598 795 si
615 722 714 817 pleno
739 721 803 794 bae
824 720 941 794 iudioio
968 724 1155 794 avertisset.
1182 720 1250 794 Sed

119 821 267 896 seeundo
289 822 335 893 illi
360 819 513 910 obioiunt,
539 819 626 914 quod
649 843 722 892 oum
746 822 780 890 in
804 823 920 892 eastris
946 829 1039 892 esset
1061 822 1094 890 in
1118 819 1251 910 luscio,

119 923 214 1015 pueri
231 918 369 992 inbelles
386 927 422 991 et
436 917 606 990 inbecilles
624 917 782 990 mulieres
799 927 833 988 et
850 917 1041 990 saoerdotes
1052 940 1071 989 a
1083 920 1153 990 suis
1170 917 1251 988 lue·

118 1022 183 1090 rint
208 1020 379 1112 eaptivati,
405 1019 478 1089 torti
502 1025 536 1088 et
560 1019 688 1105 mortui,
712 1038 777 1087 neo
798 1024 909 1087 tamen
932 1015 1008 1087 talia
1032 1015 1193 1088 iacientes
1217 1019 1250 1089 in

120 1116 230 1210 aliquo
247 1125 322 1188 sunt
337 1117 448 1209 puniti.
475 1111 543 1187 set
561 1115 641 1188 satis
658 1123 693 1184 ut
709 1113 848 1185 arbitror
864 1123 972 1207 potest
988 1112 1030 1185 de
1047 1110 1164 1185 talibus
1182 1133 1251 1186 ex·

119 1215 229 1286 ausari
236 1266 247 1302 ,
279 1216 352 1307 quia
382 1215 535 1285 iustitiam
556 1209 599 1282 de
627 1210 796 1284 malebeiis
824 1210 1009 1284 faciendam
1042 1213 1252 1284 commiserat

119 1312 226 1402 alteri,
253 1333 348 1405 quam
366 1332 443 1382 eum
468 1308 645 1402 diligenter
664 1329 827 1381 exemere
851 1307 1018 1400 eradebat,
1043 1317 1077 1380 et
1093 1306 1179 1403 quod
1194 1309 1250 1380 ille

119 1409 171 1480 sio
192 1407 381 1500 negligeret
404 1405 586 1498 nesciebat,
610 1411 683 1502 quia
707 1428 783 1477 ram
806 1410 867 1478 iste
890 1410 1012 1479 minuta
1030 1408 1160 1499 magnis
1184 1405 1251 1477 do·

119 1508 216 1578 minis
233 1505 433 1596 referuntur,
450 1509 493 1576 ita
510 1516 546 1578 ut
563 1527 645 1600 sepe
662 1507 759 1577 etiam
776 1507 907 1576 nesoire
924 1501 1114 1598 probentur,
1136 1524 1201 1597 qua
1217 1507 1249 1576 in

118 1624 234 1674 eorum
252 1606 351 1676 euriis
368 1613 581 1697 pemguntur.
614 1604 751 1698 Propter
768 1600 853 1698 quod
878 1624 973 1698 mam
992 1604 1105 1697 sepios
1122 1599 1250 1693 aooidit,

117 1711 154 1772 nt
175 1723 351 1774 servorum
371 1705 516 1796 pessima
538 1723 677 1796 operae
702 1700 840 1772 dominis
863 1703 1012 1792 ignorata
1030 1710 1062 1772 et
1088 1696 1162 1770 ideo
1187 1719 1252 1772 nee

116 1802 243 1893 punita,
270 1808 442 1871 vertantur
467 1801 500 1872 in
527 1799 692 1872 infamiam
718 1798 940 1886 dominorum,
968 1795 1044 1870 dum
1075 1795 1252 1870 ereduntur

117 1899 219 1985 scire,
244 1918 308 1990 que
331 1899 495 1986 nesoiunt,
520 1906 554 1968 et
576 1897 701 1986 lasere,
724 1919 788 1992 que
810 1895 880 1969 lieri
902 1916 968 1968 non
993 1904 1156 1968 avertunt.
1190 1895 1252 1968 Hie

117 2015 204 2086 ergo
215 1993 339 2088 deipso
356 1997 458 2067 nostri
476 1997 639 2068 sermonis
650 1996 692 2066 sit
706 1994 749 2065 de
764 1997 928 2088 preteritis
946 1997 1052 2086 gestis
1069 1993 1157 2083 linis,
1176 1997 1250 2090 quia

116 2089 264 2164 nondum
282 2089 389 2163 adhue
405 2091 447 2162 ad
464 2091 562 2163 finem
584 2095 652 2164 vite
672 2095 833 2186 pervenit.
1332 2089 1335 2100 '

166 2187 330 2262 Rodolbrs
348 2211 461 2262 eomes
478 2189 521 2262 de
538 2189 773 2277 Alohisburob,
794 2188 879 2284 quod
900 2199 995 2262 sonat
1011 2209 1106 2262 mons
1124 2191 1250 2284 aooipi·

115 2289 176 2360 tris
187 2296 262 2381 post
272 2285 479 2359 Goilielmum
491 2290 641 2360 eomitem
653 2285 791 2360 Olandie
801 2306 887 2358 anno
899 2285 1018 2358 domini
1030 2286 1249 2358 moelnniiii.
1282 2365 1292 2384 ·

115 2383 899 2573 lrzltttlnlsttsallisisti
911 2381 1249 2552 tuttelstet

115 2584 190 2652 eius
209 2580 402 2654 eleotionem
419 2578 529 2652 arobie
552 2585 665 2675 isoopo
680 2579 885 2670 Magtmtino,
906 2579 1108 2650 l'reverensi
1126 2585 1160 2650 et
1179 2577 1251 2651 Co·

114 2678 271 2767 leniensi,
296 2676 484 2751 marebione
508 2603 806 2770 bdogdeburgensi,
830 2676 1028 2768 landgravio
1053 2673 1250 2769 'ibuningie2

115 2785 151 2846 et
164 2773 249 2846 duoa
260 2775 448 2868 Bauguarie
459 2775 612 2848 Henrioo.
633 2775 816 2849 Gomnmm
827 2797 910 2847 vero
928 2771 1136 2868 presentibus
1153 2776 1251 2869 prin-

114 2872 243 2968 oipibos
265 2876 299 2945 in
316 2872 536 2969 Aqutsgrenis
558 2884 632 2969 post
655 2874 850 2946 alentionem
874 2894 968 2945 suem
992 2893 1109 2944 mense
1133 2875 1250 2967 primo,

115 2968 316 3065 approbatus
334 2992 417 3043 vero
433 2992 495 3066 per
511 2970 709 3063 Gregorium
733 2969 896 3042 deoimom
912 2971 1097 3042 Romanum
1115 2970 1250 3064 pontib-

115 3091 191 3140 oem
209 3071 242 3141 in
262 3069 398 3141 oonoilio
409 3067 623 3161 [lugdunensi
641 3090 727 3142 anno
744 3067 867 3140 domini
884 3067 1083 3140 moolxnv.
1104 3067 1167 3140 Hio
1183 3067 1250 3138 de·

114 3165 229 3238 funeto
246 3176 339 3259 petre
350 3177 383 3238 et
400 3166 539 3239 iratuele
555 3170 588 3238 in
606 3167 717 3260 preliis
735 3165 944 3238 felicissimus
961 3165 1021 3236 luit
1037 3171 1071 3234 et
1086 3185 1153 3236 non
1171 3186 1250 3236 mo·-

114 3262 224 3335 dienm
241 3267 275 3335 in
292 3262 453 3357 probitate
469 3263 629 3352 famosus,
646 3265 724 3336 lioet
739 3263 859 3334 divitiis
877 3281 942 3334 non
961 3259 1173 3334 habundaret
1207 3261 1250 3334 Et

115 3363 191 3454 quin
210 3364 242 3432 in
260 3359 376 3434 talibus
401 3362 500 3433 multa
526 3365 767 3434 oommittuntur
782 3368 931 3455 peoeeta,
955 3369 990 3432 ut
1009 3381 1125 3434 vemm
1149 3363 1250 3455 peni-

113 3461 248 3530 tentiam
275 3458 413 3546 faoaret,
440 3457 599 3553 disposuit
627 3469 661 3530 et
686 3459 849 3532 ordinavit
875 3480 950 3531 oum
976 3459 1076 3530 inab-e
1103 3455 1250 3531 Corredo

112 3555 301 3649 provintiali
318 3559 466 3630 ministro
482 3560 515 3628 in
531 3555 719 3647 Alamania,
737 3567 784 3645 ut,
802 3555 931 3630 duobus
946 3555 1094 3630 honestis
1114 3565 1148 3626 et
1164 3578 1250 3649 pru-

114 3652 268 3724 dentibus
290 3652 444 3725 irotribus
461 3652 504 3726 de
520 3651 635 3726 ordine
653 3653 815 3726 Minorum
842 3651 1068 3727 eomitantibus
1095 3675 1183 3742 eum,
1208 3652 1250 3723 ad

112 3771 234 3846 papam
250 3747 449 3843 Gregorium
475 3751 636 3824 deoimum
661 3752 847 3842 oeoederet,
872 3751 915 3824 de
940 3749 1156 3844 manibusque
1179 3752 1249 3822 suis

113 3849 222 3920 mods
241 3850 371 3940 signum
389 3851 565 3944 aooiperet,
584 3853 660 3921 etin
672 3861 791 3922 terram
804 3859 949 3922 semotam
964 3869 1030 3920 non
1047 3867 1249 3920 reversurus

113 3945 156 4016 nd
179 3947 310 4040 propria
336 3944 523 4036 aoeederet,
551 3951 781 4020 remissionem
799 3947 930 4042 plenem
954 3948 1098 4018 omnium
1122 3965 1249 4038 peooa·

168 4120 197 4190 i)
215 4120 263 4177 der
281 4119 466 4192 Remigiustag
483 4121 526 4178 bel
545 4123 618 4180 niobt
636 4121 707 4179 12⁷4
731 4122 850 4180 sondern
868 4123 904 4178 im
928 4121 1062 4192 riobtigen
1084 4117 1159 4176 inbre
1178 4117 1248 4178 1273

111 4193 161 4249 eui
177 4189 256 4248 einen
275 4198 400 4262 sonntag.
436 4191 468 4262 2)
487 4193 606 4262 genreint
630 4195 737 4250 dbrban
756 4193 804 4250 der
826 4191 965 4264 nmirgral
980 4209 1033 4249 von
1054 4189 1248 4264 Brandenburg

111 4262 167 4320 und
187 4263 236 4318 der
254 4262 358 4332 bernog
375 4279 429 4320 von
448 4265 566 4321 Saebsen
587 4265 654 4322 sein.
983 4311 986 4316 ,
