3010 4822
448 245 892 310 nnmaronsaucooamnsts.
1166 247 1240 326 527

105 447 165 521 per
186 425 368 522 predictum
386 425 598 500 ludewicum
618 429 776 518 intrusus,
801 429 855 521 qui
878 423 961 497 sedit
984 427 1031 497 sic
1057 445 1121 496 sex
1144 425 1239 496 annis
1255 433 1322 492 teta

106 526 162 598 vel
181 529 280 616 circa,
304 537 337 598 et
361 525 491 598 tandem
509 529 631 598 misere
651 526 796 598 decessit
815 547 900 596 anno
919 523 1038 594 domini
1058 523 1237 594 m.cco.l.vi.

105 645 223 696 mense
241 635 391 716 augusto.
418 621 544 695 Eodem
559 646 645 696 anno
658 624 764 695 lloruit
779 621 942 694 lohannes
954 617 1112 692 Andreae
1130 643 1239 712 egre-

104 724 180 812 gius
199 718 312 793 doctor
329 725 407 794 iuris
426 725 586 811 canonici,
610 724 662 816 qui
687 722 843 792 lecturam
866 741 964 798 suam
977 717 1094 789 dictam
1112 717 1238 790 novel-

104 818 169 891 lam
188 841 289 914 super
306 821 475 892 volumine
492 819 704 890 decretalium
726 827 759 887 et
779 819 840 888 alia
859 817 957 888 multa
978 813 1062 886 hona
1082 818 1112 886 in
1131 835 1238 886 cano-

103 919 178 986 nico
197 919 266 990 iure
284 919 421 1012 scripsit.
449 917 510 1004 Qui
528 939 614 988 anuo
632 916 752 988 domini
771 915 973 986 m.ccc.l.viii.
992 935 1037 982 ex
1054 912 1237 1006 pestilentia

104 1011 283 1104 homanum,
302 1037 366 1109 que
382 1015 440 1088 luit
456 1015 603 1086 Bononie
621 1025 655 1086 et
671 1017 703 1084 in
721 1012 810 1084 ltalia
829 1011 983 1106 undique.
1001 1010 1043 1080 de
1061 1029 1122 1104 qua
1142 1014 1238 1082 etiam

104 1111 201 1202 inira,
222 1111 374 1184 decessit.

149 1209 254 1283 ¹Anno
272 1209 392 1285 domini
415 1210 620 1282 moeonia*
643 1208 684 1281 de
710 1231 826 1282 mense
851 1207 1028 1304 septembri
1056 1205 1238 1302 [sepelit]

102 1307 259 1378 Andreas
283 1307 389 1380 adhuc
410 1311 539 1380 iuvenis
564 1329 627 1380 rex
644 1309 783 1404 Apulie.
809 1318 841 1378 et
858 1305 968 1378 Sicilie
994 1305 1092 1376 heres
1117 1308 1238 1376 imme-

103 1404 229 1494 diatus,
257 1415 291 1475 et
312 1429 415 1500 nepos
442 1405 577 1499 Ruperti
605 1409 697 1498 regis
722 1400 860 1494 ibidem,
888 1404 930 1474 de
959 1425 1024 1497 quo
1050 1425 1147 1497 supra
1175 1399 1237 1474 sub

102 1501 250 1574 lchanne
274 1525 370 1597 papa,
402 1514 436 1574 et
459 1501 560 1573 irater
583 1525 761 1594 germanus
790 1505 880 1596 regis
907 1501 1072 1592 Ungarie.
1096 1522 1155 1594 per
1177 1524 1240 1571 ca·

102 1603 264 1691 naerarios
284 1623 363 1676 suos
387 1611 439 1675 est
461 1604 591 1672 occisus
615 1602 751 1673 occulte.
785 1603 846 1688 Qui
871 1598 1068 1695 deprehensi
1092 1597 1236 1670 confessi

102 1708 180 1768 sunt
197 1695 256 1770 sibi
274 1721 333 1791 pro
352 1721 394 1770 eo
415 1701 585 1792 pecuniam
610 1699 713 1772 luisse
736 1702 951 1794 promissam,
975 1707 1009 1766 et
1026 1699 1128 1767 variis
1153 1717 1239 1790 sup-

101 1796 207 1890 pliciis
230 1807 305 1866 sunt
333 1800 449 1867 necati.
482 1796 576 1870 Uxor
605 1805 714 1866 autem
742 1796 876 1891 predicti
904 1793 1042 1867 Andree
1071 1789 1238 1864 dicebatur

100 1892 281 1986 predictam
300 1903 436 1966 mortem
455 1893 675 1982 machinasse.
693 1915 769 1987 que.
789 1903 822 1964 ut
838 1893 933 1982 inira.
952 1893 1043 1964 alteri
1062 1888 1160 1962 nubit.

150 1988 278 2060 Eodem
296 2013 382 2063 anno
400 1989 599 2063 Wilhelmus
618 2011 730 2064 comes
748 1989 922 2062 Hollandie
939 2011 1013 2060 cum
1032 2011 1151 2079 magna
1170 2009 1237 2082 po-

99 2089 202 2158 tentia
220 2099 419 2160 armatorum
437 2089 557 2160 volens
578 2091 626 2159 ire
644 2097 755 2160 contra
773 2087 929 2159 Frisonos
948 2097 1081 2177 gentem
1106 2086 1239 2176 sermm,

98 2186 143 2255 de
162 2203 299 2279 quorum
316 2196 403 2260 terra
422 2185 550 2280 quidam
568 2185 774 2260 versificator
791 2185 840 2256 sio
855 2185 946 2256 dicit:

266 2283 371 2356 Frisia
392 2287 519 2356 sentina
539 2281 661 2372 mundi,
680 2287 730 2354 cui
749 2281 867 2356 munda
885 2279 1006 2354 bovina

110 2455 114 2463 ,
269 2379 330 2454 Est
347 2381 453 2472 locus,
471 2384 562 2454 urina
581 2382 705 2470 lexiva.
724 2403 835 2452 serum
854 2400 982 2475 quoque
1001 2383 1091 2469 vina.

99 2501 177 2552 cum
206 2496 326 2571 magna
351 2491 453 2572 gente
477 2501 536 2552 sua
562 2481 767 2550 est'occisus
791 2499 851 2577 per
875 2476 1011 2550 eosdem
1039 2480 1138 2570 [sept.
1159 2475 1238 2566 26].

96 2577 165 2649 Hic
182 2587 291 2648 aumm
308 2575 507 2648 Wilhelmus
531 2567 776 2670 nepos'pn'oris
801 2575 871 2664 luit.
895 2575 937 2646 de
957 2595 1021 2670 quo
1039 2573 1099 2647 sub
1117 2571 1239 2646 Fride·

96 2678 184 2762 rico.
205 2675 305 2744 irater
320 2695 507 2766 germanus¹
519 2669 710 2765 Margarete
730 2676 842 2744 uxoris
861 2671 1029 2745 Ludewici
1046 2668 1180 2766 predicti
1206 2681 1240 2742 et

98 2771 228 2866 absque
254 2770 366 2844 liberis
398 2771 550 2844 decessit.
587 2769 624 2842 ln
653 2771 745 2842 cuius
772 2771 879 2842 locum
906 2773 1068 2843 successit
1094 2767 1237 2863 predicta

98 2891 201 2942 soror
227 2879 379 2962 tanquam
410 2872 587 2962 proximior
617 2875 651 2938 et
680 2871 791 2940 senior
820 2872 906 2939 inter
933 2887 1079 2940 sorores.
1120 2863 1239 2938 llalruit

97 2970 190 3038 enim
217 2967 299 3039 alias
324 2987 458 3038 sorores
481 2965 809 3056 videlicet'reginmu
834 2965 959 3056 Anglie
982 2975 1016 3036 et
1039 2967 1238 3038 comitissam

99 3057 162 3134 niel
189 3063 456 3136 marchionissam
479 3063 695 3135 iuliacensem
724 3066 868 3134 iuniores
892 3071 1003 3132 tamen
1027 3081 1085 3146 θος
1113 3062 1237 3132 nullum

96 3173 189 3234 vero
218 3161 362 3234 fratrem.
398 3163 535 3256 Propter
561 3159 648 3257 quod
672 3181 715 3230 ex
740 3158 976 3230 consuetudine
994 3161 1097 3252 patrie
1119 3169 1237 3232 terram

99 3257 269 3331 llolandie
286 3269 320 3330 et
336 3269 442 3332 terras
462 3259 543 3330 alias
565 3262 648 3330 sicut
664 3259 766 3330 irater
782 3255 925 3329 obtinuit.

152 3356 196 3428 Et
215 3365 304 3451 uota„
322 3356 407 3450 quod
425 3377 466 3428 eo
483 3367 644 3450 tempore.
669 3375 733 3450 quc
757 3353 863 3426 adhuc
885 3353 1020 3453 predicti
1037 3351 1237 3428 Ludewicns

98 3467 135 3526 et
152 3451 341 3526 mttertous
359 3455 443 3526 inter
461 3475 499 3525 se
515 3471 576 3547 pro
596 3472 702 3544 regno
717 3453 941 3524 Romanorum
958 3445 1139 3541 cauabant.
1159 3455 1238 3546 qui-

97 3553 179 3626 dam
195 3551 291 3624 miles
306 3553 437 3624 nomine
448 3550 635 3646 Stephanus
648 3549 691 3620 de
702 3545 953 3644 Gum'ponberoh
972 3547 1015 3620 de
1032 3559 1124 3644 purte
1142 3553 1237 3622 eius-

98 3651 179 3722 dem
197 3644 365 3735 ludewici
390 3669 545 3740 guerram
567 3669 707 3721 movens
732 3651 764 3718 in
784 3646 902 3742 oppido
922 3644 1032 3736 Ulmo,
1053 3645 1237 3720 deveniens

98 3749 250 3820 adverse
266 3750 361 3842 parti,
379 3770 452 3819 cum
470 3769 533 3818 una
552 3743 604 3816 die
621 3750 850 3840 insequeretur
866 3747 1014 3817 inimicos
1033 3755 1155 3814 etcum
1172 3767 1238 3838 pa-

95 3844 231 3918 lalredo
256 3865 317 3918 sao
344 3846 452 3916 veloci
479 3846 581 3938 longe
607 3844 784 3938 complices
808 3861 887 3915 suos
911 3842 1125 3936 precederet„
1155 3861 1238 3912 unus

98 3947 237 4016 nomine
259 3943 433 4014 Heinrious
457 3941 686 4032 Swinclrreist.
711 3943 908 4034 cognomine
932 3937 1128 4032 Ungeheur.
1153 3961 1237 4010 unus

99 4043 145 4114 de
165 4044 301 4114 inimicis
320 4063 554 4138 quemcapere
575 4035 747 4135 nitebatur.
769 4043 873 4154 ipsum
893 4041 1010 4128 sagitta
1032 4043 1105 4106 eum
1123 4033 1237 4110 balista

98 4141 328 4228 transhinxit„
351 4161 397 4214 ert
418 4161 482 4232 quo
506 4137 565 4213 sibi
591 4140 702 4211 mortis
727 4133 903 4230 periculum
929 4136 1029 4213 timuit
1057 4135 1236 4213 imminere.

161 4261 189 4330 i)
202 4278 241 4334 ,so
261 4261 382 4316 hesserta
401 4260 514 4316 Bbhmer
533 4261 576 4314 dia
594 4259 677 4330 irrige
697 4258 826 4314 iabrszahl
846 4256 990 4314 mcccxlvii.
