<?xml version="1.0" encoding="UTF-8"?>
<!DOCTYPE html PUBLIC "-//W3C//DTD XHTML 1.0 Transitional//EN"
    "http://www.w3.org/TR/xhtml1/DTD/xhtml1-transitional.dtd">
<html xmlns="http://www.w3.org/1999/xhtml" xml:lang="en" lang="en">
 <head>
  <title>
</title>
<meta http-equiv="Content-Type" content="text/html;charset=utf-8" />
  <meta name='ocr-system' content='tesseract 3.04.00' />
  <meta name='ocr-capabilities' content='ocr_page ocr_carea ocr_par ocr_line ocrx_word'/>
</head>
<body>
  <div class='ocr_page' id='page_1' title='image "./fontesrerumgerm01hubegoog_0243.png"; bbox 0 0 2946 4822; ppageno 0'>
   <div class='ocr_carea' id='block_1_1' title="bbox 268 227 1090 302">
    <p class='ocr_par' dir='ltr' id='par_1_1' title="bbox 268 227 1090 302">
     <span class='ocr_line' id='line_1_1' title="bbox 268 227 1090 302; baseline -0.026 -1"><span class='ocrx_word' id='word_1_1' title='bbox 268 227 338 302; x_wconf 83' lang='grc'>166</span> <span class='ocrx_word' id='word_1_2' title='bbox 567 227 732 284; x_wconf 79' lang='lat' dir='ltr'>nuntius</span> <span class='ocrx_word' id='word_1_3' title='bbox 752 227 1090 284; x_wconf 63' lang='lat' dir='ltr'>nutuwuncuuounsu.</span> 
     </span>
    </p>
   </div>
   <div class='ocr_carea' id='block_1_2' title="bbox 264 397 1401 2056">
    <p class='ocr_par' dir='ltr' id='par_1_2' title="bbox 264 397 1401 2056">
     <span class='ocr_line' id='line_1_2' title="bbox 267 397 1396 495; baseline 0 -19"><span class='ocrx_word' id='word_1_4' title='bbox 267 401 413 476; x_wconf 87' lang='lat' dir='ltr'>similiter</span> <span class='ocrx_word' id='word_1_5' title='bbox 431 422 491 495; x_wconf 86' lang='lat' dir='ltr'>pro</span> <span class='ocrx_word' id='word_1_6' title='bbox 513 401 629 472; x_wconf 89' lang='lat' dir='ltr'>utiliori</span> <span class='ocrx_word' id='word_1_7' title='bbox 650 403 804 474; x_wconf 89' lang='lat' dir='ltr'>continue</span> <span class='ocrx_word' id='word_1_8' title='bbox 824 397 993 490; x_wconf 65' lang='lat' dir='ltr'>defecent„</span> <span class='ocrx_word' id='word_1_9' title='bbox 1009 400 1151 494; x_wconf 77' lang='lat' dir='ltr'>quadam</span> <span class='ocrx_word' id='word_1_10' title='bbox 1168 405 1245 474; x_wconf 89' lang='lat' dir='ltr'>vice</span> <span class='ocrx_word' id='word_1_11' title='bbox 1262 407 1396 476; x_wconf 75' lang='lat' dir='ltr'>vocavit</span> 
     </span>
     <span class='ocr_line' id='line_1_3' title="bbox 268 503 1396 594; baseline 0 -22"><span class='ocrx_word' id='word_1_12' title='bbox 268 521 344 572; x_wconf 88' lang='lat' dir='ltr'>eum</span> <span class='ocrx_word' id='word_1_13' title='bbox 364 521 439 590; x_wconf 41' lang='lat' dir='ltr'>rexp</span> <span class='ocrx_word' id='word_1_14' title='bbox 461 521 620 594; x_wconf 88' lang='lat' dir='ltr'>querens:</span> <span class='ocrx_word' id='word_1_15' title='bbox 648 503 677 569; x_wconf 88' lang='lat' dir='ltr'>st</span> <span class='ocrx_word' id='word_1_16' title='bbox 699 503 794 570; x_wconf 79' lang='lat' dir='ltr'>cedet</span> <span class='ocrx_word' id='word_1_17' title='bbox 812 518 884 570; x_wconf 83' lang='lat' dir='ltr'>eum</span> <span class='ocrx_word' id='word_1_18' title='bbox 903 503 1050 587; x_wconf 89' lang='lat' dir='ltr'>recipere</span> <span class='ocrx_word' id='word_1_19' title='bbox 1066 519 1132 587; x_wconf 93' lang='lat' dir='ltr'>pro</span> <span class='ocrx_word' id='word_1_20' title='bbox 1151 505 1243 570; x_wconf 84' lang='lat' dir='ltr'>socio</span> <span class='ocrx_word' id='word_1_21' title='bbox 1263 521 1396 574; x_wconf 81' lang='lat' dir='ltr'>merco-</span> 
     </span>
     <span class='ocr_line' id='line_1_4' title="bbox 267 593 1397 692; baseline 0.001 -22"><span class='ocrx_word' id='word_1_22' title='bbox 267 605 347 686; x_wconf 81' lang='lat' dir='ltr'>ture,</span> <span class='ocrx_word' id='word_1_23' title='bbox 368 606 401 668; x_wconf 88' lang='lat' dir='ltr'>ct</span> <span class='ocrx_word' id='word_1_24' title='bbox 417 601 587 670; x_wconf 82' lang='lat' dir='ltr'>coroitturn</span> <span class='ocrx_word' id='word_1_25' title='bbox 605 617 699 668; x_wconf 69' lang='lat' dir='ltr'>mum</span> <span class='ocrx_word' id='word_1_26' title='bbox 718 600 833 686; x_wconf 80' lang='lat' dir='ltr'>scorti?</span> <span class='ocrx_word' id='word_1_27' title='bbox 859 597 931 684; x_wconf 84' lang='lat' dir='ltr'>Quo</span> <span class='ocrx_word' id='word_1_28' title='bbox 942 607 1120 685; x_wconf 56' lang='lat' dir='ltr'>aunuenteq</span> <span class='ocrx_word' id='word_1_29' title='bbox 1137 593 1272 692; x_wconf 84' lang='lat' dir='ltr'>quilibet</span> <span class='ocrx_word' id='word_1_30' title='bbox 1282 621 1397 670; x_wconf 88' lang='lat' dir='ltr'>eorum</span> 
     </span>
     <span class='ocr_line' id='line_1_5' title="bbox 267 694 1399 792; baseline 0.002 -26"><span class='ocrx_word' id='word_1_31' title='bbox 267 697 377 792; x_wconf 89' lang='lat' dir='ltr'>posuit</span> <span class='ocrx_word' id='word_1_32' title='bbox 398 706 527 767; x_wconf 75' lang='lat' dir='ltr'>oenum</span> <span class='ocrx_word' id='word_1_33' title='bbox 549 717 688 768; x_wconf 83' lang='lat' dir='ltr'>marcas.</span> <span class='ocrx_word' id='word_1_34' title='bbox 715 694 805 768; x_wconf 88' lang='lat' dir='ltr'>Dixit</span> <span class='ocrx_word' id='word_1_35' title='bbox 822 704 931 766; x_wconf 87' lang='lat' dir='ltr'>autem</span> <span class='ocrx_word' id='word_1_36' title='bbox 948 717 1026 766; x_wconf 89' lang='lat' dir='ltr'>rex:</span> <span class='ocrx_word' id='word_1_37' title='bbox 1054 696 1131 766; x_wconf 85' lang='lat' dir='ltr'>Volo</span> <span class='ocrx_word' id='word_1_38' title='bbox 1148 699 1290 785; x_wconf 80' lang='lat' dir='ltr'>ormino,</span> <span class='ocrx_word' id='word_1_39' title='bbox 1311 701 1399 786; x_wconf 84' lang='lat' dir='ltr'>quod</span> 
     </span>
     <span class='ocr_line' id='line_1_6' title="bbox 270 795 1398 885; baseline -0.003 -17"><span class='ocrx_word' id='word_1_40' title='bbox 270 796 447 884; x_wconf 79' lang='lat' dir='ltr'>Arpeottrtc</span> <span class='ocrx_word' id='word_1_41' title='bbox 467 801 575 883; x_wconf 85' lang='lat' dir='ltr'>empto</span> <span class='ocrx_word' id='word_1_42' title='bbox 592 795 713 864; x_wconf 76' lang='lat' dir='ltr'><em>allecia</em></span> <span class='ocrx_word' id='word_1_43' title='bbox 731 795 1079 882; x_wconf 73' lang='lat' dir='ltr'>cataractarum,</span> <span class='ocrx_word' id='word_1_44' title='bbox 1104 795 1192 862; x_wconf 87' lang='lat' dir='ltr'>ettbt</span> <span class='ocrx_word' id='word_1_45' title='bbox 1202 798 1281 864; x_wconf 82' lang='lat' dir='ltr'>cirta</span> <span class='ocrx_word' id='word_1_46' title='bbox 1292 805 1398 885; x_wconf 85' lang='lat' dir='ltr'>erupta</span> 
     </span>
     <span class='ocr_line' id='line_1_7' title="bbox 265 890 1398 986; baseline 0.002 -23"><span class='ocrx_word' id='word_1_47' title='bbox 265 894 414 963; x_wconf 83' lang='lat' dir='ltr'>reducas.</span> <span class='ocrx_word' id='word_1_48' title='bbox 451 890 512 961; x_wconf 84' lang='lat' dir='ltr'>Cui</span> <span class='ocrx_word' id='word_1_49' title='bbox 529 891 677 982; x_wconf 59' lang='lat' dir='ltr'>consilio,</span> <span class='ocrx_word' id='word_1_50' title='bbox 699 894 849 986; x_wconf 90' lang='lat' dir='ltr'>quamvis</span> <span class='ocrx_word' id='word_1_51' title='bbox 868 893 963 964; x_wconf 86' lang='lat' dir='ltr'>nimis</span> <span class='ocrx_word' id='word_1_52' title='bbox 982 899 1016 962; x_wconf 89' lang='lat' dir='ltr'>et</span> <span class='ocrx_word' id='word_1_53' title='bbox 1035 892 1150 962; x_wconf 85' lang='lat' dir='ltr'>merito</span> <span class='ocrx_word' id='word_1_54' title='bbox 1167 895 1316 980; x_wconf 59' lang='lat' dir='ltr'>territum</span> <span class='ocrx_word' id='word_1_55' title='bbox 1337 917 1398 965; x_wconf 87' lang='lat' dir='ltr'>ac-</span> 
     </span>
     <span class='ocr_line' id='line_1_8' title="bbox 266 988 1399 1083; baseline 0.004 -25"><span class='ocrx_word' id='word_1_56' title='bbox 266 991 399 1083; x_wconf 78' lang='lat' dir='ltr'><strong>quievit.</strong></span> <span class='ocrx_word' id='word_1_57' title='bbox 441 988 522 1060; x_wconf 82' lang='lat' dir='ltr'>Erat</span> <span class='ocrx_word' id='word_1_58' title='bbox 542 999 652 1060; x_wconf 69' lang='lat' dir='ltr'>aumm</span> <span class='ocrx_word' id='word_1_59' title='bbox 673 1012 714 1060; x_wconf 91' lang='lat' dir='ltr'>eo</span> <span class='ocrx_word' id='word_1_60' title='bbox 737 1000 883 1082; x_wconf 91' lang='lat' dir='ltr'>tempore</span> <span class='ocrx_word' id='word_1_61' title='bbox 902 989 1091 1079; x_wconf 85' lang='lat' dir='ltr'>Argentinc</span> <span class='ocrx_word' id='word_1_62' title='bbox 1112 997 1201 1060; x_wconf 70' lang='lat' dir='ltr'>taum</span> <span class='ocrx_word' id='word_1_63' title='bbox 1228 991 1399 1064; x_wconf 87' lang='lat' dir='ltr'>multitudo</span> 
     </span>
     <span class='ocr_line' id='line_1_9' title="bbox 266 1085 1399 1181; baseline 0.002 -23"><span class='ocrx_word' id='word_1_64' title='bbox 266 1087 429 1177; x_wconf 61' lang='lat' dir='ltr'>allecium„</span> <span class='ocrx_word' id='word_1_65' title='bbox 458 1087 544 1181; x_wconf 92' lang='lat' dir='ltr'>quod</span> <span class='ocrx_word' id='word_1_66' title='bbox 565 1091 658 1180; x_wconf 81' lang='lat' dir='ltr'>quasi</span> <span class='ocrx_word' id='word_1_67' title='bbox 688 1109 747 1181; x_wconf 92' lang='lat' dir='ltr'>pro</span> <span class='ocrx_word' id='word_1_68' title='bbox 769 1085 868 1158; x_wconf 81' lang='lat' dir='ltr'>nihilo</span> <span class='ocrx_word' id='word_1_69' title='bbox 889 1085 1127 1158; x_wconf 70' lang='lat' dir='ltr'><strong>vendebantur.</strong></span> <span class='ocrx_word' id='word_1_70' title='bbox 1169 1085 1311 1160; x_wconf 86' lang='lat' dir='ltr'>Etcum</span> <span class='ocrx_word' id='word_1_71' title='bbox 1333 1113 1399 1162; x_wconf 86' lang='lat' dir='ltr'>ve-</span> 
     </span>
     <span class='ocr_line' id='line_1_10' title="bbox 265 1182 1399 1284; baseline 0.002 -28"><span class='ocrx_word' id='word_1_72' title='bbox 265 1187 371 1258; x_wconf 89' lang='lat' dir='ltr'>nisset</span> <span class='ocrx_word' id='word_1_73' title='bbox 392 1183 574 1273; x_wconf 70' lang='lat' dir='ltr'>octonum,</span> <span class='ocrx_word' id='word_1_74' title='bbox 602 1184 718 1256; x_wconf 89' lang='lat' dir='ltr'>accidit</span> <span class='ocrx_word' id='word_1_75' title='bbox 747 1182 909 1278; x_wconf 80' lang='lat' dir='ltr'>quoddam</span> <span class='ocrx_word' id='word_1_76' title='bbox 931 1183 1111 1278; x_wconf 79' lang='lat' dir='ltr'>periculum</span> <span class='ocrx_word' id='word_1_77' title='bbox 1137 1187 1170 1255; x_wconf 91' lang='lat' dir='ltr'>in</span> <span class='ocrx_word' id='word_1_78' title='bbox 1195 1185 1287 1274; x_wconf 58' lang='lat' dir='ltr'>lacu„</span> <span class='ocrx_word' id='word_1_79' title='bbox 1315 1187 1399 1284; x_wconf 77' lang='lat' dir='ltr'>qurod</span> 
     </span>
     <span class='ocr_line' id='line_1_11' title="bbox 265 1279 1400 1378; baseline 0 -24"><span class='ocrx_word' id='word_1_80' title='bbox 265 1303 331 1354; x_wconf 89' lang='lat' dir='ltr'>non</span> <span class='ocrx_word' id='word_1_81' title='bbox 349 1293 421 1354; x_wconf 90' lang='lat' dir='ltr'>erat</span> <span class='ocrx_word' id='word_1_82' title='bbox 441 1304 519 1376; x_wconf 89' lang='lat' dir='ltr'>spes</span> <span class='ocrx_word' id='word_1_83' title='bbox 538 1283 592 1354; x_wconf 92' lang='lat' dir='ltr'>illo</span> <span class='ocrx_word' id='word_1_84' title='bbox 609 1305 696 1354; x_wconf 93' lang='lat' dir='ltr'>anno</span> <span class='ocrx_word' id='word_1_85' title='bbox 713 1281 755 1354; x_wconf 90' lang='lat' dir='ltr'>de</span> <span class='ocrx_word' id='word_1_86' title='bbox 767 1279 924 1354; x_wconf 78' lang='lat' dir='ltr'>allecibus</span> <span class='ocrx_word' id='word_1_87' title='bbox 942 1280 1122 1376; x_wconf 68' lang='lat' dir='ltr'>capiendis,</span> <span class='ocrx_word' id='word_1_88' title='bbox 1139 1285 1183 1352; x_wconf 91' lang='lat' dir='ltr'>ita</span> <span class='ocrx_word' id='word_1_89' title='bbox 1200 1283 1290 1378; x_wconf 85' lang='lat' dir='ltr'>quod</span> <span class='ocrx_word' id='word_1_90' title='bbox 1302 1285 1400 1358; x_wconf 86' lang='lat' dir='ltr'>valde</span> 
     </span>
     <span class='ocr_line' id='line_1_12' title="bbox 265 1377 1399 1472; baseline 0.002 -20"><span class='ocrx_word' id='word_1_91' title='bbox 265 1383 298 1455; x_wconf 85' lang='lat' dir='ltr'>in</span> <span class='ocrx_word' id='word_1_92' title='bbox 317 1377 473 1454; x_wconf 76' lang='lat' dir='ltr'>allecibus</span> <span class='ocrx_word' id='word_1_93' title='bbox 491 1377 708 1452; x_wconf 83' lang='lat' dir='ltr'>lucrabantur.</span> <span class='ocrx_word' id='word_1_94' title='bbox 744 1379 874 1452; x_wconf 75' lang='lat' dir='ltr'>Accidit</span> <span class='ocrx_word' id='word_1_95' title='bbox 894 1389 1003 1450; x_wconf 90' lang='lat' dir='ltr'>autem</span> <span class='ocrx_word' id='word_1_96' title='bbox 1020 1377 1104 1472; x_wconf 76' lang='lat' dir='ltr'>(prod</span> <span class='ocrx_word' id='word_1_97' title='bbox 1122 1389 1211 1450; x_wconf 87' lang='lat' dir='ltr'>tanta</span> <span class='ocrx_word' id='word_1_98' title='bbox 1229 1381 1399 1454; x_wconf 81' lang='lat' dir='ltr'>mrdtitudo</span> 
     </span>
     <span class='ocr_line' id='line_1_13' title="bbox 264 1475 1399 1572; baseline 0.003 -24"><span class='ocrx_word' id='word_1_99' title='bbox 264 1480 333 1548; x_wconf 92' lang='lat' dir='ltr'>vini</span> <span class='ocrx_word' id='word_1_100' title='bbox 355 1476 573 1550; x_wconf 77' lang='lat' dir='ltr'>descenderat</span> <span class='ocrx_word' id='word_1_101' title='bbox 594 1477 680 1572; x_wconf 83' lang='lat' dir='ltr'>quod</span> <span class='ocrx_word' id='word_1_102' title='bbox 702 1481 779 1550; x_wconf 91' lang='lat' dir='ltr'>vina</span> <span class='ocrx_word' id='word_1_103' title='bbox 800 1478 917 1549; x_wconf 93' lang='lat' dir='ltr'>leviori</span> <span class='ocrx_word' id='word_1_104' title='bbox 938 1480 1050 1570; x_wconf 88' lang='lat' dir='ltr'>precio</span> <span class='ocrx_word' id='word_1_105' title='bbox 1077 1475 1214 1548; x_wconf 82' lang='lat' dir='ltr'>Colonia</span> <span class='ocrx_word' id='word_1_106' title='bbox 1241 1501 1343 1572; x_wconf 63' lang='lat' dir='ltr'>mam</span> <span class='ocrx_word' id='word_1_107' title='bbox 1370 1485 1399 1550; x_wconf 91' lang='lat' dir='ltr'>in</span> 
     </span>
     <span class='ocr_line' id='line_1_14' title="bbox 264 1573 1400 1669; baseline 0.002 -21"><span class='ocrx_word' id='word_1_108' title='bbox 264 1575 400 1648; x_wconf 86' lang='lat' dir='ltr'>Alsacia</span> <span class='ocrx_word' id='word_1_109' title='bbox 422 1580 634 1669; x_wconf 84' lang='lat' dir='ltr'>comparavit.</span> <span class='ocrx_word' id='word_1_110' title='bbox 667 1576 754 1648; x_wconf 88' lang='lat' dir='ltr'>Vina</span> <span class='ocrx_word' id='word_1_111' title='bbox 775 1577 874 1667; x_wconf 82' lang='lat' dir='ltr'>igitur</span> <span class='ocrx_word' id='word_1_112' title='bbox 895 1596 997 1669; x_wconf 86' lang='lat' dir='ltr'>super</span> <span class='ocrx_word' id='word_1_113' title='bbox 1017 1573 1400 1667; x_wconf 84' lang='lat' dir='ltr'>curribusArgentinam</span> 
     </span>
     <span class='ocr_line' id='line_1_15' title="bbox 264 1671 1400 1768; baseline 0.003 -24"><span class='ocrx_word' id='word_1_114' title='bbox 264 1673 454 1764; x_wconf 68' lang='lat' dir='ltr'>traducens,</span> <span class='ocrx_word' id='word_1_115' title='bbox 475 1697 548 1744; x_wconf 90' lang='lat' dir='ltr'>cum</span> <span class='ocrx_word' id='word_1_116' title='bbox 571 1677 700 1745; x_wconf 90' lang='lat' dir='ltr'>interim</span> <span class='ocrx_word' id='word_1_117' title='bbox 720 1677 822 1745; x_wconf 90' lang='lat' dir='ltr'>vinee</span> <span class='ocrx_word' id='word_1_118' title='bbox 842 1676 1013 1766; x_wconf 86' lang='lat' dir='ltr'>repentina</span> <span class='ocrx_word' id='word_1_119' title='bbox 1034 1671 1203 1764; x_wconf 74' lang='lat' dir='ltr'>geliditato</span> <span class='ocrx_word' id='word_1_120' title='bbox 1227 1677 1400 1768; x_wconf 71' lang='lat' dir='ltr'>perierint,</span> 
     </span>
     <span class='ocr_line' id='line_1_16' title="bbox 265 1769 1401 1866; baseline 0.003 -24"><span class='ocrx_word' id='word_1_121' title='bbox 265 1771 318 1842; x_wconf 88' lang='lat' dir='ltr'>illa</span> <span class='ocrx_word' id='word_1_122' title='bbox 342 1775 452 1866; x_wconf 90' lang='lat' dir='ltr'>precio</span> <span class='ocrx_word' id='word_1_123' title='bbox 474 1771 621 1842; x_wconf 89' lang='lat' dir='ltr'>vendidit</span> <span class='ocrx_word' id='word_1_124' title='bbox 642 1772 811 1866; x_wconf 69' lang='lat' dir='ltr'>triplicato7</span> <span class='ocrx_word' id='word_1_125' title='bbox 840 1774 882 1841; x_wconf 89' lang='lat' dir='ltr'>ita</span> <span class='ocrx_word' id='word_1_126' title='bbox 905 1769 989 1863; x_wconf 90' lang='lat' dir='ltr'>quod</span> <span class='ocrx_word' id='word_1_127' title='bbox 1010 1792 1073 1842; x_wconf 86' lang='lat' dir='ltr'>rex</span> <span class='ocrx_word' id='word_1_128' title='bbox 1094 1781 1127 1841; x_wconf 91' lang='lat' dir='ltr'>et</span> <span class='ocrx_word' id='word_1_129' title='bbox 1154 1773 1227 1864; x_wconf 90' lang='lat' dir='ltr'>ipse</span> <span class='ocrx_word' id='word_1_130' title='bbox 1257 1777 1401 1844; x_wconf 84' lang='lat' dir='ltr'>maxime</span> 
     </span>
     <span class='ocr_line' id='line_1_17' title="bbox 266 1868 1400 1962; baseline 0.002 -22"><span class='ocrx_word' id='word_1_131' title='bbox 266 1879 341 1940; x_wconf 90' lang='lat' dir='ltr'>sunt</span> <span class='ocrx_word' id='word_1_132' title='bbox 359 1869 483 1940; x_wconf 83' lang='lat' dir='ltr'>lucrati.</span> <span class='ocrx_word' id='word_1_133' title='bbox 527 1868 617 1941; x_wconf 80' lang='lat' dir='ltr'>Dixit</span> <span class='ocrx_word' id='word_1_134' title='bbox 638 1890 721 1960; x_wconf 83' lang='lat' dir='ltr'>ergo</span> <span class='ocrx_word' id='word_1_135' title='bbox 742 1891 820 1940; x_wconf 84' lang='lat' dir='ltr'>rex:</span> <span class='ocrx_word' id='word_1_136' title='bbox 846 1869 981 1956; x_wconf 82' lang='lat' dir='ltr'>Oportet</span> <span class='ocrx_word' id='word_1_137' title='bbox 1001 1871 1196 1957; x_wconf 76' lang='lat' dir='ltr'>cccccccccc</span> <span class='ocrx_word' id='word_1_138' title='bbox 1218 1877 1400 1962; x_wconf 82' lang='lat' dir='ltr'>corrtrcrio,</span> 
     </span>
     <span class='ocr_line' id='line_1_18' title="bbox 265 1967 982 2056; baseline -0.001 -20"><span class='ocrx_word' id='word_1_139' title='bbox 265 1986 331 2036; x_wconf 84' lang='lat' dir='ltr'>rou</span> <span class='ocrx_word' id='word_1_140' title='bbox 350 1985 477 2056; x_wconf 85' lang='lat' dir='ltr'>semper</span> <span class='ocrx_word' id='word_1_141' title='bbox 497 1972 583 2039; x_wconf 84' lang='lat' dir='ltr'>tocrt</span> <span class='ocrx_word' id='word_1_142' title='bbox 602 1969 794 2037; x_wconf 80' lang='lat' dir='ltr'>verisimilia</span> <span class='ocrx_word' id='word_1_143' title='bbox 817 1967 982 2036; x_wconf 85' lang='lat' dir='ltr'>tuchoorc.</span> 
     </span>
    </p>
   </div>
   <div class='ocr_carea' id='block_1_3' title="bbox 265 2129 749 2220">
    <p class='ocr_par' dir='ltr' id='par_1_3' title="bbox 265 2129 749 2220">
     <span class='ocr_line' id='line_1_19' title="bbox 265 2129 749 2220; baseline -0.004 -18"><span class='ocrx_word' id='word_1_144' title='bbox 265 2129 316 2202; x_wconf 84' lang='lat' dir='ltr'>Dc</span> <span class='ocrx_word' id='word_1_145' title='bbox 337 2132 482 2218; x_wconf 79' lang='lat' dir='ltr'>quodam</span> <span class='ocrx_word' id='word_1_146' title='bbox 502 2133 631 2200; x_wconf 77' lang='lat' dir='ltr'>astricto</span> <span class='ocrx_word' id='word_1_147' title='bbox 653 2133 749 2220; x_wconf 78' lang='lat' dir='ltr'>repes.</span> 
     </span>
    </p>
   </div>
   <div class='ocr_carea' id='block_1_4' title="bbox 259 2261 1471 3723">
    <p class='ocr_par' dir='ltr' id='par_1_4' title="bbox 259 2261 1471 3723">
     <span class='ocr_line' id='line_1_20' title="bbox 326 2261 1400 2360; baseline 0.008 -29"><span class='ocrx_word' id='word_1_148' title='bbox 326 2261 428 2332; x_wconf 89' lang='lat' dir='ltr'>Venit</span> <span class='ocrx_word' id='word_1_149' title='bbox 449 2271 559 2333; x_wconf 87' lang='lat' dir='ltr'>autem</span> <span class='ocrx_word' id='word_1_150' title='bbox 580 2261 719 2356; x_wconf 75' lang='lat' dir='ltr'>quadmn</span> <span class='ocrx_word' id='word_1_151' title='bbox 740 2266 815 2336; x_wconf 88' lang='lat' dir='ltr'>vice</span> <span class='ocrx_word' id='word_1_152' title='bbox 836 2265 920 2336; x_wconf 89' lang='lat' dir='ltr'>olam</span> <span class='ocrx_word' id='word_1_153' title='bbox 941 2264 983 2335; x_wconf 88' lang='lat' dir='ltr'>ud</span> <span class='ocrx_word' id='word_1_154' title='bbox 1003 2285 1120 2356; x_wconf 82' lang='lat' dir='ltr'>regem</span> <span class='ocrx_word' id='word_1_155' title='bbox 1141 2266 1175 2334; x_wconf 91' lang='lat' dir='ltr'>in</span> <span class='ocrx_word' id='word_1_156' title='bbox 1195 2263 1400 2360; x_wconf 73' lang='lat' dir='ltr'>Nurenherg</span> 
     </span>
     <span class='ocr_line' id='line_1_21' title="bbox 265 2358 1399 2458; baseline 0.006 -29"><span class='ocrx_word' id='word_1_157' title='bbox 265 2358 393 2453; x_wconf 72' lang='lat' dir='ltr'>(puidam</span> <span class='ocrx_word' id='word_1_158' title='bbox 415 2371 590 2450; x_wconf 39' lang='lat' dir='ltr'>mercatorp</span> <span class='ocrx_word' id='word_1_159' title='bbox 611 2359 758 2433; x_wconf 86' lang='lat' dir='ltr'>indicans</span> <span class='ocrx_word' id='word_1_160' title='bbox 780 2364 866 2453; x_wconf 69' lang='lat' dir='ltr'>regi,</span> <span class='ocrx_word' id='word_1_161' title='bbox 889 2361 974 2456; x_wconf 88' lang='lat' dir='ltr'>quod</span> <span class='ocrx_word' id='word_1_162' title='bbox 994 2359 1112 2458; x_wconf 88' lang='lat' dir='ltr'>hospiti</span> <span class='ocrx_word' id='word_1_163' title='bbox 1132 2359 1254 2433; x_wconf 89' lang='lat' dir='ltr'>ibidem</span> <span class='ocrx_word' id='word_1_164' title='bbox 1271 2377 1352 2438; x_wconf 90' lang='lat' dir='ltr'>uoto</span> <span class='ocrx_word' id='word_1_165' title='bbox 1369 2375 1399 2436; x_wconf 87' lang='lat' dir='ltr'>et</span> 
     </span>
     <span class='ocr_line' id='line_1_22' title="bbox 259 2457 1399 2555; baseline 0.005 -27"><span class='ocrx_word' id='word_1_166' title='bbox 259 2457 387 2530; x_wconf 84' lang='lat' dir='ltr'>famoso</span> <span class='ocrx_word' id='word_1_167' title='bbox 408 2460 605 2532; x_wconf 84' lang='lat' dir='ltr'>commiserit</span> <span class='ocrx_word' id='word_1_168' title='bbox 625 2459 782 2530; x_wconf 87' lang='lat' dir='ltr'>ducentas</span> <span class='ocrx_word' id='word_1_169' title='bbox 803 2481 950 2549; x_wconf 42' lang='lat' dir='ltr'>marcesa</span> <span class='ocrx_word' id='word_1_170' title='bbox 977 2481 1058 2555; x_wconf 80' lang='lat' dir='ltr'>quas</span> <span class='ocrx_word' id='word_1_171' title='bbox 1086 2458 1210 2553; x_wconf 88' lang='lat' dir='ltr'>hospes</span> <span class='ocrx_word' id='word_1_172' title='bbox 1232 2483 1274 2534; x_wconf 89' lang='lat' dir='ltr'>se</span> <span class='ocrx_word' id='word_1_173' title='bbox 1295 2485 1399 2536; x_wconf 85' lang='lat' dir='ltr'>rece-</span> 
     </span>
     <span class='ocr_line' id='line_1_23' title="bbox 263 2553 1402 2650; baseline 0.006 -25"><span class='ocrx_word' id='word_1_174' title='bbox 263 2559 354 2650; x_wconf 91' lang='lat' dir='ltr'>pisse</span> <span class='ocrx_word' id='word_1_175' title='bbox 375 2553 528 2646; x_wconf 81' lang='lat' dir='ltr'>negabat.</span> <span class='ocrx_word' id='word_1_176' title='bbox 571 2555 648 2627; x_wconf 85' lang='lat' dir='ltr'>Rex</span> <span class='ocrx_word' id='word_1_177' title='bbox 675 2564 783 2627; x_wconf 90' lang='lat' dir='ltr'>autem</span> <span class='ocrx_word' id='word_1_178' title='bbox 806 2560 993 2630; x_wconf 87' lang='lat' dir='ltr'>sciscitans:</span> <span class='ocrx_word' id='word_1_179' title='bbox 1019 2563 1054 2627; x_wconf 88' lang='lat' dir='ltr'>itt</span> <span class='ocrx_word' id='word_1_180' title='bbox 1075 2561 1168 2646; x_wconf 83' lang='lat' dir='ltr'>puali</span> <span class='ocrx_word' id='word_1_181' title='bbox 1196 2577 1298 2632; x_wconf 83' lang='lat' dir='ltr'>tocco</span> <span class='ocrx_word' id='word_1_182' title='bbox 1319 2571 1402 2634; x_wconf 83' lang='lat' dir='ltr'>esset</span> 
     </span>
     <span class='ocr_line' id='line_1_24' title="bbox 264 2651 1399 2743; baseline 0.007 -19"><span class='ocrx_word' id='word_1_183' title='bbox 264 2654 459 2743; x_wconf 80' lang='lat' dir='ltr'>arpentum?</span> <span class='ocrx_word' id='word_1_184' title='bbox 480 2665 698 2725; x_wconf 80' lang='lat' dir='ltr'>mercatorem</span> <span class='ocrx_word' id='word_1_185' title='bbox 719 2651 896 2726; x_wconf 88' lang='lat' dir='ltr'>abscondit.</span> <span class='ocrx_word' id='word_1_186' title='bbox 934 2654 1151 2727; x_wconf 87' lang='lat' dir='ltr'>Venientibus</span> <span class='ocrx_word' id='word_1_187' title='bbox 1174 2667 1287 2730; x_wconf 88' lang='lat' dir='ltr'>autem</span> <span class='ocrx_word' id='word_1_188' title='bbox 1309 2663 1399 2732; x_wconf 87' lang='lat' dir='ltr'>civi-</span> 
     </span>
     <span class='ocr_line' id='line_1_25' title="bbox 264 2749 1398 2848; baseline 0.007 -27"><span class='ocrx_word' id='word_1_189' title='bbox 264 2749 340 2838; x_wconf 57' lang='lat' dir='ltr'>bus„</span> <span class='ocrx_word' id='word_1_190' title='bbox 361 2759 395 2820; x_wconf 91' lang='lat' dir='ltr'>et</span> <span class='ocrx_word' id='word_1_191' title='bbox 410 2753 494 2821; x_wconf 89' lang='lat' dir='ltr'>inter</span> <span class='ocrx_word' id='word_1_192' title='bbox 513 2752 586 2823; x_wconf 89' lang='lat' dir='ltr'>illos</span> <span class='ocrx_word' id='word_1_193' title='bbox 604 2750 744 2844; x_wconf 65' lang='lat' dir='ltr'>hospite„</span> <span class='ocrx_word' id='word_1_194' title='bbox 766 2749 806 2822; x_wconf 89' lang='lat' dir='ltr'>ad</span> <span class='ocrx_word' id='word_1_195' title='bbox 825 2751 1055 2848; x_wconf 90' lang='lat' dir='ltr'>alloquendum</span> <span class='ocrx_word' id='word_1_196' title='bbox 1073 2773 1203 2844; x_wconf 65' lang='lat' dir='ltr'>regern</span> <span class='ocrx_word' id='word_1_197' title='bbox 1224 2779 1291 2828; x_wconf 88' lang='lat' dir='ltr'>rex</span> <span class='ocrx_word' id='word_1_198' title='bbox 1309 2758 1398 2829; x_wconf 86' lang='lat' dir='ltr'>allo-</span> 
     </span>
     <span class='ocr_line' id='line_1_26' title="bbox 266 2847 1398 2944; baseline 0.01 -28"><span class='ocrx_word' id='word_1_199' title='bbox 266 2869 371 2942; x_wconf 86' lang='lat' dir='ltr'>quens</span> <span class='ocrx_word' id='word_1_200' title='bbox 388 2849 501 2919; x_wconf 89' lang='lat' dir='ltr'>iocose</span> <span class='ocrx_word' id='word_1_201' title='bbox 518 2847 680 2942; x_wconf 90' lang='lat' dir='ltr'>hospitem</span> <span class='ocrx_word' id='word_1_202' title='bbox 692 2847 753 2920; x_wconf 87' lang='lat' dir='ltr'>sihi</span> <span class='ocrx_word' id='word_1_203' title='bbox 770 2860 894 2941; x_wconf 47' lang='lat' dir='ltr'>notum5</span> <span class='ocrx_word' id='word_1_204' title='bbox 913 2851 1033 2923; x_wconf 89' lang='lat' dir='ltr'>videns</span> <span class='ocrx_word' id='word_1_205' title='bbox 1046 2873 1120 2921; x_wconf 93' lang='lat' dir='ltr'>cum</span> <span class='ocrx_word' id='word_1_206' title='bbox 1136 2852 1286 2944; x_wconf 88' lang='lat' dir='ltr'>pulcram</span> <span class='ocrx_word' id='word_1_207' title='bbox 1299 2855 1398 2926; x_wconf 87' lang='lat' dir='ltr'>valde</span> 
     </span>
     <span class='ocr_line' id='line_1_27' title="bbox 265 2942 1398 3043; baseline 0.004 -25"><span class='ocrx_word' id='word_1_208' title='bbox 265 2942 389 3018; x_wconf 90' lang='lat' dir='ltr'>hahere</span> <span class='ocrx_word' id='word_1_209' title='bbox 407 2948 533 3016; x_wconf 88' lang='lat' dir='ltr'>mitram</span> <span class='ocrx_word' id='word_1_210' title='bbox 551 2949 583 3016; x_wconf 93' lang='lat' dir='ltr'>in</span> <span class='ocrx_word' id='word_1_211' title='bbox 598 2949 715 3041; x_wconf 63' lang='lat' dir='ltr'>cupite„</span> <span class='ocrx_word' id='word_1_212' title='bbox 734 2948 817 3018; x_wconf 92' lang='lat' dir='ltr'>sicut</span> <span class='ocrx_word' id='word_1_213' title='bbox 827 2957 904 3020; x_wconf 89' lang='lat' dir='ltr'>tunc</span> <span class='ocrx_word' id='word_1_214' title='bbox 913 2951 1015 3020; x_wconf 91' lang='lat' dir='ltr'>moris</span> <span class='ocrx_word' id='word_1_215' title='bbox 1027 2958 1109 3038; x_wconf 67' lang='lat' dir='ltr'>orat</span> <span class='ocrx_word' id='word_1_216' title='bbox 1128 2947 1224 3022; x_wconf 88' lang='lat' dir='ltr'>dixit:</span> <span class='ocrx_word' id='word_1_217' title='bbox 1246 2971 1282 3022; x_wconf 86' lang='lat' dir='ltr'>se</span> <span class='ocrx_word' id='word_1_218' title='bbox 1293 2973 1398 3043; x_wconf 90' lang='lat' dir='ltr'>opor-</span> 
     </span>
     <span class='ocr_line' id='line_1_28' title="bbox 263 3044 1399 3146; baseline 0.005 -30"><span class='ocrx_word' id='word_1_219' title='bbox 263 3051 331 3116; x_wconf 86' lang='lat' dir='ltr'>tere</span> <span class='ocrx_word' id='word_1_220' title='bbox 347 3045 478 3114; x_wconf 86' lang='lat' dir='ltr'>mitrom</span> <span class='ocrx_word' id='word_1_221' title='bbox 495 3048 633 3116; x_wconf 59' lang='lat' dir='ltr'>candro</span> <span class='ocrx_word' id='word_1_222' title='bbox 649 3045 779 3134; x_wconf 84' lang='lat' dir='ltr'>hebere,</span> <span class='ocrx_word' id='word_1_223' title='bbox 802 3049 906 3139; x_wconf 89' lang='lat' dir='ltr'>ipsam</span> <span class='ocrx_word' id='word_1_224' title='bbox 928 3049 1071 3118; x_wconf 83' lang='lat' dir='ltr'>extraxit</span> <span class='ocrx_word' id='word_1_225' title='bbox 1092 3044 1215 3118; x_wconf 91' lang='lat' dir='ltr'>abillo.</span> <span class='ocrx_word' id='word_1_226' title='bbox 1263 3049 1318 3122; x_wconf 88' lang='lat' dir='ltr'>De</span> <span class='ocrx_word' id='word_1_227' title='bbox 1335 3073 1399 3146; x_wconf 86' lang='lat' dir='ltr'>quo</span> 
     </span>
     <span class='ocr_line' id='line_1_29' title="bbox 262 3141 1471 3237; baseline 0.007 -24"><span class='ocrx_word' id='word_1_228' title='bbox 262 3141 384 3236; x_wconf 89' lang='lat' dir='ltr'>hospes</span> <span class='ocrx_word' id='word_1_229' title='bbox 406 3141 525 3216; x_wconf 91' lang='lat' dir='ltr'>videns</span> <span class='ocrx_word' id='word_1_230' title='bbox 548 3141 722 3234; x_wconf 80' lang='lat' dir='ltr'>gaudebat.</span> <span class='ocrx_word' id='word_1_231' title='bbox 761 3143 932 3236; x_wconf 89' lang='lat' dir='ltr'>Proposito</span> <span class='ocrx_word' id='word_1_232' title='bbox 953 3154 1062 3214; x_wconf 89' lang='lat' dir='ltr'>autem</span> <span class='ocrx_word' id='word_1_233' title='bbox 1084 3165 1240 3217; x_wconf 87' lang='lat' dir='ltr'>sermone</span> <span class='ocrx_word' id='word_1_234' title='bbox 1261 3151 1398 3237; x_wconf 72' lang='lat' dir='ltr'>civium</span> <span class='ocrx_word' id='word_1_235' title='bbox 1470 3165 1471 3172; x_wconf 75' lang='grc'>’</span> 
     </span>
     <span class='ocr_line' id='line_1_30' title="bbox 262 3241 1398 3336; baseline 0.006 -24"><span class='ocrx_word' id='word_1_236' title='bbox 262 3262 325 3312; x_wconf 89' lang='lat' dir='ltr'>rex</span> <span class='ocrx_word' id='word_1_237' title='bbox 344 3260 403 3333; x_wconf 90' lang='lat' dir='ltr'>pro</span> <span class='ocrx_word' id='word_1_238' title='bbox 421 3241 557 3312; x_wconf 89' lang='lat' dir='ltr'>consilio</span> <span class='ocrx_word' id='word_1_239' title='bbox 579 3261 745 3311; x_wconf 87' lang='lat' dir='ltr'>cameram</span> <span class='ocrx_word' id='word_1_240' title='bbox 762 3244 918 3329; x_wconf 59' lang='lat' dir='ltr'>introivit,</span> <span class='ocrx_word' id='word_1_241' title='bbox 946 3251 979 3312; x_wconf 91' lang='lat' dir='ltr'>et</span> <span class='ocrx_word' id='word_1_242' title='bbox 995 3241 1080 3312; x_wconf 89' lang='lat' dir='ltr'>clam</span> <span class='ocrx_word' id='word_1_243' title='bbox 1100 3243 1265 3336; x_wconf 88' lang='lat' dir='ltr'>quendam</span> <span class='ocrx_word' id='word_1_244' title='bbox 1283 3245 1328 3318; x_wconf 90' lang='lat' dir='ltr'>de</span> <span class='ocrx_word' id='word_1_245' title='bbox 1345 3249 1398 3318; x_wconf 91' lang='lat' dir='ltr'>ci-</span> 
     </span>
     <span class='ocr_line' id='line_1_31' title="bbox 262 3339 1471 3438; baseline 0.01 -32"><span class='ocrx_word' id='word_1_246' title='bbox 262 3340 365 3406; x_wconf 88' lang='lat' dir='ltr'>vitate</span> <span class='ocrx_word' id='word_1_247' title='bbox 386 3357 460 3406; x_wconf 89' lang='lat' dir='ltr'>cum</span> <span class='ocrx_word' id='word_1_248' title='bbox 482 3341 574 3408; x_wconf 88' lang='lat' dir='ltr'>ndtra</span> <span class='ocrx_word' id='word_1_249' title='bbox 602 3359 662 3431; x_wconf 89' lang='lat' dir='ltr'>pro</span> <span class='ocrx_word' id='word_1_250' title='bbox 683 3339 868 3430; x_wconf 80' lang='lat' dir='ltr'>intersigno</span> <span class='ocrx_word' id='word_1_251' title='bbox 895 3341 981 3410; x_wconf 89' lang='lat' dir='ltr'>misit</span> <span class='ocrx_word' id='word_1_252' title='bbox 1009 3339 1050 3408; x_wconf 89' lang='lat' dir='ltr'>ad</span> <span class='ocrx_word' id='word_1_253' title='bbox 1077 3361 1216 3412; x_wconf 85' lang='lat' dir='ltr'>uxorem</span> <span class='ocrx_word' id='word_1_254' title='bbox 1244 3340 1397 3438; x_wconf 74' lang='lat' dir='ltr'>hospitis,</span> <span class='ocrx_word' id='word_1_255' title='bbox 1470 3371 1471 3406; x_wconf 65' lang='lat' dir='ltr'>t</span> 
     </span>
     <span class='ocr_line' id='line_1_32' title="bbox 264 3431 1471 3528; baseline 0.002 -24"><span class='ocrx_word' id='word_1_256' title='bbox 264 3433 349 3528; x_wconf 89' lang='lat' dir='ltr'>quod</span> <span class='ocrx_word' id='word_1_257' title='bbox 371 3431 430 3504; x_wconf 91' lang='lat' dir='ltr'>sibi</span> <span class='ocrx_word' id='word_1_258' title='bbox 452 3432 569 3528; x_wconf 90' lang='lat' dir='ltr'>hospiti</span> <span class='ocrx_word' id='word_1_259' title='bbox 585 3437 684 3507; x_wconf 90' lang='lat' dir='ltr'>talem</span> <span class='ocrx_word' id='word_1_260' title='bbox 704 3459 836 3508; x_wconf 89' lang='lat' dir='ltr'>saccum</span> <span class='ocrx_word' id='word_1_261' title='bbox 854 3457 926 3507; x_wconf 91' lang='lat' dir='ltr'>cum</span> <span class='ocrx_word' id='word_1_262' title='bbox 946 3447 1084 3527; x_wconf 78' lang='lat' dir='ltr'>argento</span> <span class='ocrx_word' id='word_1_263' title='bbox 1101 3437 1186 3508; x_wconf 86' lang='lat' dir='ltr'>illico</span> <span class='ocrx_word' id='word_1_264' title='bbox 1203 3437 1396 3514; x_wconf 87' lang='lat' dir='ltr'>destinaret.</span> <span class='ocrx_word' id='word_1_265' title='bbox 1470 3459 1471 3506; x_wconf 72' lang='lat' dir='ltr'>t</span> 
     </span>
     <span class='ocr_line' id='line_1_33' title="bbox 262 3530 1397 3628; baseline 0.009 -29"><span class='ocrx_word' id='word_1_266' title='bbox 262 3530 357 3617; x_wconf 83' lang='lat' dir='ltr'>Quod</span> <span class='ocrx_word' id='word_1_267' title='bbox 378 3553 452 3601; x_wconf 91' lang='lat' dir='ltr'>cum</span> <span class='ocrx_word' id='word_1_268' title='bbox 473 3531 526 3602; x_wconf 88' lang='lat' dir='ltr'>illa</span> <span class='ocrx_word' id='word_1_269' title='bbox 548 3531 696 3621; x_wconf 59' lang='lat' dir='ltr'>lecisset„</span> <span class='ocrx_word' id='word_1_270' title='bbox 719 3534 773 3604; x_wconf 90' lang='lat' dir='ltr'>ille</span> <span class='ocrx_word' id='word_1_271' title='bbox 790 3537 864 3626; x_wconf 79' lang='lat' dir='ltr'>regi</span> <span class='ocrx_word' id='word_1_272' title='bbox 882 3537 1086 3628; x_wconf 84' lang='lat' dir='ltr'>presentavit</span> <span class='ocrx_word' id='word_1_273' title='bbox 1102 3545 1288 3627; x_wconf 81' lang='lat' dir='ltr'>argentum.</span> <span class='ocrx_word' id='word_1_274' title='bbox 1326 3541 1397 3628; x_wconf 79' lang='lat' dir='ltr'>Quo</span> 
     </span>
     <span class='ocr_line' id='line_1_34' title="bbox 263 3629 1471 3723; baseline 0.012 -24"><span class='ocrx_word' id='word_1_275' title='bbox 263 3637 400 3701; x_wconf 89' lang='lat' dir='ltr'>ostenso</span> <span class='ocrx_word' id='word_1_276' title='bbox 423 3633 609 3718; x_wconf 57' lang='lat' dir='ltr'>mercatori„</span> <span class='ocrx_word' id='word_1_277' title='bbox 631 3641 664 3701; x_wconf 88' lang='lat' dir='ltr'>et</span> <span class='ocrx_word' id='word_1_278' title='bbox 685 3631 739 3702; x_wconf 93' lang='lat' dir='ltr'>illo</span> <span class='ocrx_word' id='word_1_279' title='bbox 761 3629 889 3702; x_wconf 88' lang='lat' dir='ltr'>dicente</span> <span class='ocrx_word' id='word_1_280' title='bbox 911 3653 1006 3703; x_wconf 90' lang='lat' dir='ltr'>suum</span> <span class='ocrx_word' id='word_1_281' title='bbox 1028 3653 1119 3723; x_wconf 65' lang='lat' dir='ltr'>esse,</span> <span class='ocrx_word' id='word_1_282' title='bbox 1146 3653 1209 3704; x_wconf 87' lang='lat' dir='ltr'>rex</span> <span class='ocrx_word' id='word_1_283' title='bbox 1230 3632 1397 3708; x_wconf 88' lang='lat' dir='ltr'>absconso</span> <span class='ocrx_word' id='word_1_284' title='bbox 1470 3641 1471 3714; x_wconf 56' lang='lat'>3</span> 
     </span>
    </p>
   </div>
   <div class='ocr_carea' id='block_1_5' title="bbox 262 3719 1471 4090">
    <p class='ocr_par' dir='ltr' id='par_1_5' title="bbox 262 3719 1471 4090">
     <span class='ocr_line' id='line_1_35' title="bbox 263 3719 1471 3828; baseline 0.007 -32"><span class='ocrx_word' id='word_1_285' title='bbox 263 3735 415 3818; x_wconf 64' lang='lat' dir='ltr'>argento</span> <span class='ocrx_word' id='word_1_286' title='bbox 443 3737 562 3799; x_wconf 88' lang='lat' dir='ltr'>vocato</span> <span class='ocrx_word' id='word_1_287' title='bbox 583 3726 625 3798; x_wconf 88' lang='lat' dir='ltr'>ad</span> <span class='ocrx_word' id='word_1_288' title='bbox 651 3751 691 3800; x_wconf 90' lang='lat' dir='ltr'>se</span> <span class='ocrx_word' id='word_1_289' title='bbox 718 3728 858 3822; x_wconf 52' lang='lat' dir='ltr'>hospiteq</span> <span class='ocrx_word' id='word_1_290' title='bbox 888 3730 959 3802; x_wconf 92' lang='lat' dir='ltr'>solo</span> <span class='ocrx_word' id='word_1_291' title='bbox 987 3732 1017 3799; x_wconf 92' lang='lat' dir='ltr'>ei</span> <span class='ocrx_word' id='word_1_292' title='bbox 1045 3732 1213 3824; x_wconf 89' lang='lat' dir='ltr'>querelam</span> <span class='ocrx_word' id='word_1_293' title='bbox 1242 3738 1397 3828; x_wconf 87' lang='lat' dir='ltr'>exposuit</span> <span class='ocrx_word' id='word_1_294' title='bbox 1470 3719 1471 3752; x_wconf 78' lang='lat'><em>³</em></span> 
     </span>
     <span class='ocr_line' id='line_1_36' title="bbox 263 3825 1471 3920; baseline 0.006 -25"><span class='ocrx_word' id='word_1_295' title='bbox 263 3827 466 3896; x_wconf 83' lang='lat' dir='ltr'>mercatoris.</span> <span class='ocrx_word' id='word_1_296' title='bbox 492 3825 565 3912; x_wconf 83' lang='lat' dir='ltr'>Quo</span> <span class='ocrx_word' id='word_1_297' title='bbox 581 3835 728 3916; x_wconf 84' lang='lat' dir='ltr'>negante</span> <span class='ocrx_word' id='word_1_298' title='bbox 744 3831 887 3920; x_wconf 47' lang='lat' dir='ltr'>precisea</span> <span class='ocrx_word' id='word_1_299' title='bbox 906 3838 1089 3900; x_wconf 87' lang='lat' dir='ltr'>mercatore</span> <span class='ocrx_word' id='word_1_300' title='bbox 1105 3849 1189 3900; x_wconf 89' lang='lat' dir='ltr'>vero</span> <span class='ocrx_word' id='word_1_301' title='bbox 1207 3843 1395 3918; x_wconf 57' lang='lat' dir='ltr'>asserente</span> <span class='ocrx_word' id='word_1_302' title='bbox 1470 3833 1471 3838; x_wconf 72' lang='grc'>’</span> 
     </span>
     <span class='ocr_line' id='line_1_37' title="bbox 262 3921 1395 4090; baseline 0.008 -98"><span class='ocrx_word' id='word_1_303' title='bbox 262 3925 422 3994; x_wconf 89' lang='lat' dir='ltr'>instanter</span> <span class='ocrx_word' id='word_1_304' title='bbox 432 3921 668 4090; x_wconf 64' lang='lat' dir='ltr'>rexJuoducto</span> <span class='ocrx_word' id='word_1_305' title='bbox 681 3946 778 3996; x_wconf 86' lang='lat' dir='ltr'>sacco</span> <span class='ocrx_word' id='word_1_306' title='bbox 789 3923 949 4020; x_wconf 90' lang='lat' dir='ltr'>hospitem</span> <span class='ocrx_word' id='word_1_307' title='bbox 960 3927 1056 3998; x_wconf 91' lang='lat' dir='ltr'>nimis</span> <span class='ocrx_word' id='word_1_308' title='bbox 1068 3929 1213 3998; x_wconf 87' lang='lat' dir='ltr'>territum</span> <span class='ocrx_word' id='word_1_309' title='bbox 1225 3927 1268 3998; x_wconf 88' lang='lat' dir='ltr'>de</span> <span class='ocrx_word' id='word_1_310' title='bbox 1279 3929 1395 4000; x_wconf 86' lang='lat' dir='ltr'>iraude</span> 
     </span>
    </p>
   </div>
   <div class='ocr_carea' id='block_1_6' title="bbox 263 4019 1394 4317">
    <p class='ocr_par' dir='ltr' id='par_1_6' title="bbox 263 4019 1394 4317">
     <span class='ocr_line' id='line_1_38' title="bbox 263 4019 1394 4119; baseline 0.007 -29"><span class='ocrx_word' id='word_1_311' title='bbox 263 4019 497 4108; x_wconf 65' lang='lat' dir='ltr'>convicianti</span> <span class='ocrx_word' id='word_1_312' title='bbox 521 4023 628 4114; x_wconf 88' lang='lat' dir='ltr'>itoque</span> <span class='ocrx_word' id='word_1_313' title='bbox 649 4025 822 4093; x_wconf 89' lang='lat' dir='ltr'>mercatori</span> <span class='ocrx_word' id='word_1_314' title='bbox 844 4030 995 4114; x_wconf 65' lang='lat' dir='ltr'>argentm</span> <span class='ocrx_word' id='word_1_315' title='bbox 1016 4022 1177 4119; x_wconf 89' lang='lat' dir='ltr'>hospitem</span> <span class='ocrx_word' id='word_1_316' title='bbox 1198 4025 1394 4118; x_wconf 88' lang='lat' dir='ltr'>predivitem</span> 
     </span>
     <span class='ocr_line' id='line_1_39' title="bbox 264 4114 1393 4216; baseline 0.007 -30"><span class='ocrx_word' id='word_1_317' title='bbox 264 4120 298 4186; x_wconf 91' lang='lat' dir='ltr'>in</span> <span class='ocrx_word' id='word_1_318' title='bbox 320 4114 505 4188; x_wconf 88' lang='lat' dir='ltr'>substancia</span> <span class='ocrx_word' id='word_1_319' title='bbox 532 4117 692 4190; x_wconf 90' lang='lat' dir='ltr'>houomm</span> <span class='ocrx_word' id='word_1_320' title='bbox 713 4119 889 4192; x_wconf 78' lang='lat' dir='ltr'>mulctavit.</span> <span class='ocrx_word' id='word_1_321' title='bbox 1011 4122 1088 4194; x_wconf 85' lang='lat' dir='ltr'>Rex</span> <span class='ocrx_word' id='word_1_322' title='bbox 1116 4122 1255 4216; x_wconf 87' lang='lat' dir='ltr'>quadam</span> <span class='ocrx_word' id='word_1_323' title='bbox 1279 4127 1393 4196; x_wconf 82' lang='lat' dir='ltr'>vicen</span> 
     </span>
     <span class='ocr_line' id='line_1_40' title="bbox 266 4213 1393 4317; baseline 0.011 -35"><span class='ocrx_word' id='word_1_324' title='bbox 266 4213 421 4283; x_wconf 82' lang='lat' dir='ltr'>Heinriro</span> <span class='ocrx_word' id='word_1_325' title='bbox 444 4213 630 4286; x_wconf 86' lang='lat' dir='ltr'>marchione</span> <span class='ocrx_word' id='word_1_326' title='bbox 653 4215 875 4310; x_wconf 62' lang='lat' dir='ltr'>deHahberg‚</span> <span class='ocrx_word' id='word_1_327' title='bbox 897 4223 948 4317; x_wconf 87' lang='lat' dir='ltr'>qui</span> <span class='ocrx_word' id='word_1_328' title='bbox 970 4243 1072 4314; x_wconf 87' lang='lat' dir='ltr'>parce</span> <span class='ocrx_word' id='word_1_329' title='bbox 1094 4219 1262 4293; x_wconf 81' lang='lat' dir='ltr'>dicebatur</span> <span class='ocrx_word' id='word_1_330' title='bbox 1283 4225 1393 4294; x_wconf 88' lang='lat' dir='ltr'>vesci:</span> 
     </span>
    </p>
   </div>
   <div class='ocr_carea' id='block_1_7' title="bbox 0 0 1478 4821">
    <p class='ocr_par' dir='ltr' id='par_1_7' title="bbox 0 0 1478 4821">
     <span class='ocr_line' id='line_1_41' title="bbox 0 0 1478 4821; baseline 0 0"><span class='ocrx_word' id='word_1_331' title='bbox 0 0 1478 4821; x_wconf 95' lang='lat' dir='ltr'> </span> 
     </span>
    </p>
   </div>
  </div>
 </body>
</html>
