2918 4824
378 231 544 292 mmums
564 230 903 292 mownnemeausrs.
1135 235 1207 308 249

62 411 227 500 Qualiter
251 409 446 481 Berbtolm
465 411 709 498 Arqenomee
732 413 902 498 episcopos
926 427 999 478 eom
1023 410 1208 478 civitatibus
1225 423 1294 482 tstt

168 517 205 578 et
221 509 401 578 baronibus
417 510 548 578 Atracio
564 511 637 598 regi
657 508 832 578 insistebat.

109 661 256 733 Interea
283 661 479 734 Berhtoldus
503 666 678 757 episcopus
695 661 967 752 Argentinensis,
996 663 1207 732 convenien-

60 759 151 834 tibus
171 759 366 852 Argentine
384 759 568 833 civitatibus
587 770 620 830 et
644 757 819 834 baronibus
843 759 911 850 lige
928 757 1080 846 Alsacie7
1103 761 1206 853 ipsius

59 863 159 950 regis
180 858 467 930 commendacioni
484 861 655 948 insistens,
673 882 712 930 ac
723 879 761 930 se
773 877 849 926 eum
867 864 1132 926 manutenturum
1150 855 1206 926 es-

59 957 224 1045 timans,
242 979 316 1028 cum
333 965 493 1030 etomnes
505 952 779 1046 deLiehtenberg
796 949 857 1027 sibi
873 953 1038 1042 faverent,
1056 955 1206 1025 civitates

58 1055 225 1144 Alsacie,
250 1057 401 1125 timentes
420 1051 552 1144 infringi
575 1052 677 1145 ligem
694 1055 798 1147 pacisq
826 1053 918 1146 quasi
936 1050 1057 1122 invitas
1075 1049 1117 1120 ad
1135 1053 1206 1122 eius

59 1151 301 1224 obedienciam
317 1152 493 1223 inclinavit
519 1143 1207 1245 SicqueArgentinereceptusbonorifice,

61 1255 180 1344 ipsum
199 1252 392 1344 episcopum
409 1252 442 1320 in
459 1245 616 1340 grobbes
635 1247 791 1337 ecclesie
815 1245 946 1318 indutus
963 1243 1132 1336 regalibus
1150 1249 1208 1315 in-

61 1350 206 1440 signiis,
223 1345 350 1418 hebens
369 1368 525 1418 coronam
542 1368 676 1418 auream
695 1349 728 1416 in
746 1347 850 1439 capite
864 1367 904 1415 ac
914 1364 1046 1437 pomum
1059 1355 1091 1414 et
1103 1365 1207 1436 scep-

60 1456 156 1515 trum
181 1449 217 1515 in
240 1441 405 1534 menibus,
433 1442 474 1515 de
498 1447 567 1516 suis
591 1441 773 1534 regalibus,
797 1443 933 1536 prestito
957 1438 1018 1512 sibi
1042 1439 1206 1532 homagio.

63 1543 303 1636 sollempniter
318 1544 499 1614 investivit.
526 1539 656 1612 Deinde
674 1562 734 1635 per
751 1543 902 1612 civitates
921 1541 1047 1630 imperii
1058 1539 1208 1627 Alsacie
1269 1535 1273 1542 '

63 1664 135 1734 que
154 1649 189 1710 et
208 1639 340 1730 singule
364 1642 471 1734 ipsum
494 1649 702 1733 receperant,
725 1636 892 1709 Besileam
915 1635 1072 1708 ascendit.
1115 1634 1208 1728 Spo-

62 1737 184 1831 pondit
204 1739 291 1809 enim
310 1733 507 1828 civitatibus,
532 1759 570 1810 se
588 1736 834 1807 relaxacionen
857 1754 1077 1828 processuum
1099 1754 1209 1829 papa-

65 1836 151 1906 lium
172 1845 373 1906 curaturum.

65 2005 119 2075 De
145 2007 295 2092 quedem
314 2005 494 2076 concordio
518 2012 661 2076 tractato
681 2025 744 2094 per
764 2005 952 2075 Coerodum
970 2003 1011 2076 oe
1029 2001 1153 2094 Kyrbel
1167 2021 1210 2072 oc

176 2103 412 2173 Toeoeretsem.

117 2255 257 2328 laterae
275 2251 447 2328 Comedus
465 2254 507 2326 de
526 2254 652 2346 Kirkel
670 2257 818 2328 minister
835 2253 1030 2346 bloguntine
1049 2251 1153 2343 sedis,
1171 2277 1212 2324 ec

65 2355 299 2426 Treverensis
317 2353 538 2426 omnimodam
552 2352 760 2426 concordiem
771 2362 995 2425 tractaverant
1005 2355 1090 2422 inter
1100 2349 1211 2422 Hein-

67 2457 178 2526 ricum
197 2449 480 2546 archiepiscopum
491 2451 721 2543 Mogontinum
739 2475 779 2522 ac
788 2471 906 2541 regem
919 2461 952 2521 et
963 2449 1212 2520 Treverensem

68 2549 238 2644 opidaque
255 2549 436 2643 imperialia
453 2547 706 2636 inWetereibe;
724 2548 899 2620 Gerlecum
918 2569 1047 2642 proque
1065 2544 1213 2618 deNes·

70 2669 186 2736 sowaq
203 2649 377 2740 provisum
395 2647 499 2738 sedis,
518 2657 744 2742 competenter
754 2644 967 2741 providerant
977 2649 1011 2716 in
1022 2647 1090 2716 vita
1101 2643 1212 2714 Hein-

69 2749 144 2834 rici,
162 2754 240 2838 post
258 2746 330 2816 eius
347 2742 469 2816 obitum
486 2744 604 2818 sedem
622 2748 728 2840 ipsam
744 2742 927 2815 hebitmum
940 2746 1057 2838 quiete.
1084 2741 1212 2813 Verum

69 2846 146 2937 ipse
164 2839 328 2914 Gerlecus
346 2841 389 2913 de
406 2846 557 2936 potencie
575 2848 621 2913 et¹
642 2842 801 2914 adiutorio
819 2839 989 2914 confidens
1013 2844 1120 2932 regis,
1144 2861 1213 2910 ne-

71 2942 172 3032 gocio
190 2939 385 3034 imperfecto
402 2940 578 3014 escendit²
602 2938 861 3028 Quodvidentes
873 2936 1213 3029 Heinricusblogun-

70 3041 174 3127 tinum
200 3036 372 3110 Conradm
397 3041 545 3112 minister
568 3043 653 3128 eius
678 3049 712 3110 et
734 3037 879 3131 predicte
903 3035 1012 3129 opidaa
1037 3057 1076 3108 se
1099 3033 1211 3107 liberis

72 3135 221 3206 debmeti
237 3138 392 3230 principis
410 3137 615 3229 colligarunt.
659 3135 754 3224 Quod
777 3143 892 3226 totum,
917 3137 945 3208 si
963 3132 1004 3203 de
1023 3134 1210 3225 Argentine

73 3232 308 3306 descendisset
325 3255 400 3323 rex„
418 3235 572 3308 celeriter
589 3233 777 3329 expeditum
795 3232 922 3304 luisset.

121 3329 225 3402 Venit
243 3341 353 3403 eutem
368 3331 536 3404 Basileam
552 3334 667 3425 vigilie
685 3331 810 3404 'lhomc
832 3329 919 3420 [dec.
932 3329 1012 3420 20]Ἵ
1030 3327 1085 3400 ubi
1102 3331 1211 3400 inter-

74 3429 196 3500 dictum
212 3430 332 3524 papale
350 3429 405 3501 diu
422 3441 594 3504 servatum
610 3431 687 3518 iuit3
705 3451 770 3501 nec
786 3451 863 3500 eum
879 3427 1211 3522 recipereBosilien-

74 3547 130 3598 ses
148 3525 371 3617 intenderant,
388 3530 452 3601 nisi
469 3525 667 3600 rehaberent
684 3527 805 3600 dimne.
841 3527 883 3600 Et
894 3549 974 3598 ecce
985 3531 1018 3598 in
1033 3547 1110 3598 sero
1121 3527 1213 3596 venit

75 3623 131 3695 Ν.3
149 3625 195 3697 de
216 3623 360 3696 Rendek
384 3630 571 3720 prepositus
588 3624 880 3718 Bebenbergensis
904 3624 947 3695 de
971 3628 1073 3713 curie,
1097 3622 1212 3692 serens

76 3724 345 3794 commissionem
363 3723 481 3795 lactem
492 3722 765 3816 Babenbergensi
784 3728 941 3820 episcopo
960 3722 1001 3792 de
1019 3717 1212 3794 absolucio-

75 3819 171 3892 nibus
190 3831 224 3891 et
241 3819 505 3894 relexacionibus
523 3821 751 3916 impendendis
770 3833 804 3894 et
821 3844 920 3894 onem
931 3816 1212 3892 elausembullem

74 3921 146 4010 regi
165 3915 334 3990 directam.
377 3917 420 3990 Et
437 3922 576 4011 gavisus
593 3943 657 3992 rex
674 3923 760 3993 misit
776 3921 863 3992 illico
880 3941 939 4013 pro
958 3916 1211 4007 Argentinensb

73 4014 263 4104 Besiliensi„
288 4014 561 4110 Bebenbergensi
580 4029 612 4088 et
629 4016 862 4112 Herbipolensi
881 4017 1045 4111 episcopis
1063 4033 1211 4107 presen-

128 4163 158 4233 l)
178 4165 237 4220 eius
257 4165 328 4236 lolgt
347 4167 418 4222 noch
436 4166 463 4224 in
482 4167 510 4224 Β.
547 4167 773 4239 tetigerimus
793 4173 862 4224 seint
880 4167 911 4224 Α.
931 4163 984 4221 bei.
1022 4162 1052 4234 3)
1072 4163 1212 4235 blanquer-

77 4236 135 4308 des,
153 4236 207 4293 wie
228 4237 295 4293 eueb
314 4237 347 4292 Α.
367 4237 420 4292 liet.
