2900 4820
274 249 347 322 236
575 246 740 306 uarmrns
759 243 1098 306 nmumnauncmsrs.
1226 216 1230 222 '

192 437 262 496 isco
281 424 429 514 Qualiter
455 442 517 496 rec
543 426 660 514 Anptr'e
686 425 793 496 doluit
823 427 864 495 de
892 425 1055 496 occisione
1081 425 1169 516 repis
1197 425 1411 498 acreacre

375 526 618 594 alemanorum.

326 673 461 764 Anglus
480 679 601 761 auten.
624 683 699 766 post
720 692 893 744 recessum
914 673 1129 760 inimicorum,
1152 671 1276 744 videns
1295 671 1411 742 Bohe-
1434 747 1435 756 .

278 794 367 844 mum
385 771 544 858 occisum.
562 767 679 842 dolens
697 791 798 864 super
815 792 904 858 eum,
922 768 1017 842 dixit:
1037 771 1128 840 Alter
1144 773 1247 840 tecnas
1256 771 1412 842 Bobenia

278 889 389 961 repere
405 865 554 938 deceret!
579 866 826 961 Celebransque
841 868 1117 961 sollempnissima
1129 870 1294 960 exequias
1305 871 1412 962 ipsum

279 971 313 1039 in
334 963 560 1058 Littzelnburg
583 988 658 1036 cum
681 963 853 1036 duodecim
879 964 1072 1056 terranis.
1099 962 1297 1038 habentibus
1322 989 1413 1036 arma

278 1063 437 1137 Bohemie
455 1062 613 1136 deorsum
629 1085 744 1154 versa.
768 1066 956 1138 transmisit.
997 1063 1109 1136 Doluit
1125 1073 1236 1134 autern
1260 1062 1306 1134 cle
1323 1063 1414 1134 Ala-

278 1165 421 1251 mannis.
440 1160 571 1234 dicens:
593 1161 638 1232 Et
655 1162 734 1232 berre
754 1163 790 1231 lrr'
804 1166 1002 1252 perpacatis
1021 1170 1157 1232 mortem
1177 1182 1251 1231 cum
1270 1163 1413 1250 Franco,
1434 1213 1435 1216 ,

221 1251 229 1270 '
279 1265 336 1349 par·
357 1280 412 1332 eos
432 1263 510 1329 ortr'o
526 1262 744 1348 persequitur,
771 1279 831 1330 aec
852 1265 899 1329 eis
919 1263 1092 1348 pataream
1114 1263 1276 1348 turpior,-
1302 1268 1338 1330 et
1355 1281 1413 1349 cpc

280 1379 335 1430 eoa
356 1360 496 1446 rtttr‘prrrs
516 1361 661 1446 tarpirer
681 1361 810 1428 rorem.
841 1357 983 1430 Karolus
1001 1367 1112 1428 autern
1129 1379 1203 1428 cum
1222 1360 1327 1430 armis
1345 1361 1412 1428 im·
1434 1359 1435 1446 f

279 1453 456 1551 perialibus
480 1455 613 1548 fugiens
632 1454 673 1526 de
691 1455 842 1528 conflictu
859 1478 935 1528 cum
951 1455 1036 1545 aliis.
1061 1476 1136 1527 cum
1153 1478 1173 1526 a
1191 1453 1325 1526 Franco
1349 1456 1414 1526 ali-
1434 1451 1435 1516 Ῐ

280 1552 355 1649 quid
378 1563 507 1647 peteret
534 1555 650 1626 saltem
677 1575 737 1647 pro
761 1551 1021 1624 Alamannorum
1048 1556 1228 1646 expensis.
1255 1553 1304 1624 nil
1328 1549 1435 1624 dedit

280 1650 397 1722 eidem.
439 1649 618 1724 Dicebatur
635 1661 764 1741 autern,
788 1650 874 1746 quod
890 1649 1039 1722 Francus
1056 1673 1213 1741 magnam
1237 1653 1414 1746 pecuniam
1434 1655 1435 1744 l

280 1748 407 1820 dederit
432 1747 568 1820 Iohanni
593 1748 720 1820 Boemo
746 1750 830 1843 patri
858 1770 918 1842 pro
947 1747 1108 1842 stipendio
1135 1748 1435 1840 Alamannoruml

279 1868 376 1941 quam
402 1846 458 1917 illc
483 1849 531 1919 eis
556 1869 622 1919 non
646 1849 843 1936 assignans,
868 1845 1057 1918 Coloniensi
1082 1845 1333 1941 archiepiscopo
1357 1841 1435 1939 prul

279 1947 497 2016 coronacione
514 1943 570 2016 lilii
588 1943 765 2018 destinarit.
802 1940 903 2016 Filius
920 1953 1031 2016 autem
1047 1941 1165 2016 Franci
1182 1967 1223 2015 ac
1239 1943 1311 2016 dux
1320 1943 1412 2014 Bur-

280 2039 403 2132 gundie
423 2045 605 2116 erustentes
629 2045 661 2112 in
679 2040 861 2113 Wasoonia
886 2063 960 2112 cum
976 2043 1094 2133 viginti
1117 2039 1247 2114 milibus
1264 2045 1301 2112 in
1318 2039 1414 2112 obsi·

279 2139 377 2212 dione
395 2139 564 2212 cuiusdam
587 2141 794 2228 municionis,
818 2141 938 2233 optime
961 2161 1021 2232 per
1044 2142 1196 2210 comitem
1220 2137 1262 2209 de
1281 2138 1410 2210 Herbe¹
1434 2131 1435 2224 l

279 2260 317 2308 ca
341 2239 486 2308 itaneum
501 2237 607 2329 Angli
624 2239 711 2309 victe
729 2249 865 2327 treugas
887 2237 1037 2308 lecerunt
1054 2260 1128 2308 curn
1146 2240 1279 2326 comite,
1305 2241 1414 2308 animo

281 2259 499 2408 subveniendi
524 2333 664 2406 Franco.
721 2333 789 2405 Sed
817 2344 992 2428 antequam
1020 2333 1235 2425 advenerint,
1262 2333 1413 2406 Francus

280 2435 387 2505 victus
407 2443 510 2506 estut
526 2432 699 2527 prefertur.
1434 2435 1435 2526 l

328 2527 481 2602 Fiecerat
498 2541 607 2602 autem
618 2528 764 2604 Francus
775 2528 956 2602 Robertum
974 2533 1124 2602 comitem
1138 2527 1413 2610 Atrebatensem.

280 2630 441 2701 sororium
459 2639 493 2700 et
510 2631 794 2720 consanguineum
811 2651 920 2717 suum.
942 2627 983 2698 de
1001 2631 1165 2718 comitatu,
1189 2649 1249 2723 pro
1267 2651 1310 2700 eo
1327 2627 1413 2722 quod

280 2725 423 2798 dixerat:
446 2747 482 2797 re
503 2729 598 2817 scire,
620 2731 773 2817 iuvenem,
795 2746 889 2816 qoem
908 2746 1017 2796 ccccm
1038 2731 1140 2798 cauit
1156 2729 1291 2816 Arrptrrs,
1311 2727 1413 2812 [cicc

276 2825 383 2907 filiam
394 2829 559 2912 prronrtcm
568 2827 687 2896 Korotr‘
703 2827 950 2914 reclamacio,
968 2833 1001 2894 et
1017 2821 1058 2896 ob
1076 2823 1216 2918 quedam
1230 2825 1308 2914 alia.
1327 2847 1413 2895 con·
1434 2837 1435 2842 ’

278 2920 392 2993 serens
410 2925 596 2994 comitatum
614 2921 687 2994 duci
696 2921 902 3014 Burgundio,
919 2924 1013 2994 cuius
1032 2944 1181 2995 sororem
1191 2920 1291 2994 habet
1300 2921 1328 2994 F
1328 2945 1412 2992 rnn-

279 3041 348 3092 cus.
391 3021 454 3108 Qui
471 3017 637 3094 Robertus
653 3020 769 3113 Anglo
786 3021 957 3092 ferventer
974 3017 1110 3092 adhesit.

282 3189 431 3282 Qualiter
450 3210 511 3260 rec
528 3192 644 3282 Acptte
664 3193 699 3260 r‘rr
718 3191 827 3262 redito
847 3191 896 3261 ort
914 3207 1006 3260 more
1024 3191 1146 3260 incenit
1160 3193 1312 3282 reptatam
1325 3213 1411 3282 por-

378 3297 498 3360 tantem
517 3290 582 3360 atti
600 3291 767 3360 otctrrcttc.

328 3442 462 3534 Anglus
480 3451 589 3513 autem
606 3453 681 3536 post
691 3442 862 3514 victoriam
878 3439 1014 3512 rediens
1027 3438 1070 3511 ad
1087 3461 1191 3529 mare.
1208 3438 1344 3514 obviam
1356 3443 1410 3512 iu-

279 3541 373 3610 venit
388 3543 552 3632 reginam.
577 3561 641 3635 que
658 3563 733 3612 cum
749 3535 945 3611 victualibus
963 3541 1137 3611 transierat
1154 3549 1188 3610 et
1205 3561 1279 3610 cum
1299 3551 1409 3631 geute.
1434 3601 1435 3632 ¹

281 3633 416 3709 Obsedit
433 3649 543 3710 autem
560 3641 726 3711 civitatem
743 3636 835 3708 Kalis
852 3639 1058 3727 maritimam,
1081 3633 1259 3708 habentem
1281 3647 1408 3732 portum
1434 3637 1435 3640 ’

279 3737 542 3832 propinquiorem
560 3735 870 3828 versusnngliam.
895 3755 940 3806 ex
956 3757 1020 3828 qua
1038 3735 1178 3830 dampna
1202 3735 1342 3828 plurima
1361 3745 1410 3804 est

280 3854 479 3930 perpessus3
503 3855 568 3930 que
586 3845 637 3908 est
654 3834 695 3906 de
713 3837 865 3907 comitatu
882 3829 1094 3905 Atrebatensi
1117 3832 1264 3928 predicto
1282 3843 1317 3904 et
1339 3831 1409 3904 duct

280 3930 473 4024 Burgrmdie
491 3941 544 4006 est
561 3931 716 4006 subiecta.

328 4030 419 4102 Licet
435 4041 543 4102 autem
561 4027 601 4102 ab
620 4034 750 4126 antiquo
767 4034 851 4103 inter
862 4032 993 4124 Anglos
1006 4029 1197 4102 etFrancos
1209 4051 1312 4124 super
1323 4037 1406 4099 terra

279 4123 462 4201 Wasconie
478 4130 519 4202 lis
537 4129 634 4200 hrcrit
650 4131 853 4222 immortalis.
877 4151 1012 4204 causam
1031 4139 1141 4200 tamen
1159 4128 1313 4224 specialis
1336 4127 1407 4198 dis-

336 4257 364 4327 1)
384 4274 415 4314 so
435 4261 477 4328 tl.⁷
495 4257 581 4314 llerke
600 4259 628 4317 B.
