2900 4820
279 251 499 312 cobttnttntto
518 253 683 314 matutae
703 253 1042 316 NUEWENllUllGllNSlS.
1150 262 1223 336 277

100 428 296 524 Nirenberg
318 429 361 502 dc
384 455 500 506 mense
524 434 635 528 aprili.
659 431 897 510 concordantes
921 436 1073 527 omnino,
1097 445 1132 510 et
1147 459 1222 512 oum
1238 434 1309 494 ¹³5⁰

98 555 156 604 rex
181 552 248 602 non
272 541 386 627 posset
412 529 613 604 concordare
641 543 855 628 occupatores
882 531 1123 608 marchionatus
1147 559 1222 610 oum

98 627 295 721 marchione,
324 627 409 726 quod
437 629 612 722 cederent.
641 634 713 725 ipse
740 629 918 704 marchioni
946 629 1111 706 adherens
1139 633 1221 708 alios

97 749 205 799 coram
230 749 268 800 se
292 731 403 801 citavit
429 728 603 824 fictumque
630 726 853 800 marchionem
881 727 1038 804 bannivit.
1073 730 1222 805 blarchio

99 825 397 920 quoquetanceam,
415 827 543 916 clavos.
560 837 687 921 partem
701 829 807 898 crucis
819 825 937 900 Christi
949 839 982 900 et
992 829 1055 901 alia
1065 831 1220 922 insignia,

97 947 157 1020 que
175 928 346 1014 imperinm
363 923 523 1015 bouum.
540 946 600 1018 per
617 923 830 996 Ludewicum
846 928 1078 1020 imperatorem
1094 937 1221 1021 patrem

97 1045 191 1097 sunm
208 1022 333 1110 relicta,
351 1025 424 1114 regi
441 1025 646 1116 presentavit
664 1025 770 1114 [marn
782 1021 846 1113 12]
864 1033 998 1118 recepta
1010 1023 1222 1096 cauciouede

95 1119 290 1192 reducendis
307 1120 390 1191 inira
408 1124 582 1192 temninum
594 1121 653 1195 vel
669 1125 702 1192 in
713 1117 913 1212 Niirenberg
925 1121 981 1195 vel
998 1124 1032 1191 in
1042 1119 1221 1193 Franlten-

95 1219 156 1291 lort
178 1241 240 1313 per
261 1239 392 1309 regem.
417 1217 503 1312 quod
519 1239 585 1289 non
608 1219 716 1290 luerat
738 1219 918 1311 impleam.
942 1217 1003 1292 sed
1021 1241 1061 1290 ea
1078 1219 1221 1312 Pragam

95 1316 257 1410 perducuit.
276 1313 318 1385 de
335 1337 399 1410 quo
415 1314 572 1386 Bobemia
588 1319 723 1388 nimium
740 1313 973 1406 gratulabatur.

140 1412 306 1486 lohannes
324 1424 452 1502 autem.
475 1413 578 1484 frater
594 1417 708 1506 regis.
726 1411 825 1484 liliam
842 1410 933 1486 ducis
952 1414 1106 1505 Polonie,
1124 1437 1222 1510 (ιιιιιιιι

95 1511 134 1582 de
150 1511 341 1606 Troppowe
363 1514 542 1602 nominant,
566 1513 670 1584 inscio
692 1531 777 1601 rege
801 1508 893 1582 duxit
908 1532 1061 1603 uxorem.
1084 1511 1127 1584 de
1144 1535 1221 1608 quo,

96 1631 194 1703 quum
211 1608 300 1680 muln·
318 1609 382 1680 sint
399 1607 578 1680 eorundem
590 1610 727 1681 Polonio
744 1606 863 1680 ducum
881 1611 1080 1702 attingentes
1098 1631 1221 1686 versus

93 1706 296 1797 bohemiam,
313 1709 423 1802 utique
440 1727 504 1778 rex
520 1705 735 1801 perturbatur.

139 1805 261 1876 Postea
280 1827 366 1876 anno
389 1805 431 1874 lii.
450 1825 568 1878 mense
586 1809 711 1896 marcii.
733 1803 940 1879 Wenccslao
960 1805 1050 1878 fratri
1066 1808 1159 1898 regis
1177 1827 1223 1878 cx

94 1901 320 1994 Francigena‚
343 1903 446 1974 invito
468 1923 565 1994 rege,
588 1901 653 1974 lilia
677 1903 769 1976 ducis
791 1901 974 1976 brabancie
997 1905 1166 1999 copulatur
1189 1913 1224 1976 et

95 2010 181 2072 terra
200 1997 424 2092 Liitnelnburg
439 2001 473 2070 in
490 2003 641 2071 comitem
658 2004 795 2073 assumit
812 2001 964 2073 eundem.

140 2095 342 2170 Ludewicus
367 2107 474 2168 autem
493 2097 635 2169 marchio
654 2096 696 2169 de
713 2119 830 2171 mense
853 2100 921 2170 iulii
938 2109 972 2172 ct
989 2101 1144 2190 augusto¹
1164 2101 1222 2170 iu·

93 2195 242 2290 graditur
258 2195 435 2266 marchiam
451 2217 526 2266 cum
543 2195 631 2268 mille
643 2195 790 2268 ducentis
808 2197 947 2288 galeatis
965 2197 1102 2292 plurima
1118 2219 1222 2268 reac-

94 2299 242 2388 qnirens.
260 2297 312 2364 cui
327 2315 389 2387 per
406 2302 506 2364 totum
525 2315 646 2364 annum
662 2296 852 2389 preteritum
865 2317 929 2366 rex
938 2293 1042 2366 Dacie
1055 2316 1129 2365 cum
1146 2303 1221 2365 trc-

95 2397 200 2464 centis
218 2389 358 2482 galeatis
378 2401 412 2462 ct
428 2392 614 2484 quingentis
633 2391 796 2464 scutiferis
819 2390 934 2464 aderat
949 2395 982 2462 in
1000 2390 1222 2462 marchionatu

94 2513 167 2562 cum
192 2489 348 2560 Romario
372 2487 473 2558 fratre
498 2487 693 2562 marchionis
720 2490 815 2561 virili.
845 2489 908 2576 Qui
929 2512 993 2560 rex
1015 2488 1056 2560 ad
1080 2492 1223 2582 priorem

94 2599 230 2680 gentem
254 2607 349 2658 suam
368 2584 526 2658 ducentos
550 2586 701 2678 galeatos
719 2595 752 2658 et
769 2590 967 2682 quingentos
990 2587 1162 2660 scutiferos
1180 2584 1224 2655 dc

94 2706 184 2758 novo
202 2686 389 2756 nansmisit.
422 2679 568 2755 blarcbio
585 2705 715 2778 quoquc
732 2683 978 2779 Myssencnsis.
996 2683 1081 2756 filius
1100 2684 1224 2758 sororis

95 2781 306 2871 marchionis.
331 2781 478 2853 similiter
500 2779 542 2851 ad
566 2791 701 2874 gentem
717 2803 778 2876 per
802 2803 924 2854 annum
946 2781 1067 2855 ibidem
1083 2779 1225 2853 habitam

94 2878 296 2952 tantumdem
313 2881 500 2951 transmisit

145 2977 295 3070 Recepta
314 2987 422 3048 autem
439 2977 539 3048 multa
556 2979 694 3072 pecunia
708 2976 795 3048 idem
807 2974 1006 3051 Ludewicus
1018 2977 1083 3050 lilio
1094 2976 1227 3050 blastini

96 3075 305 3148 Veronensis
317 3095 467 3147 somrem
478 3097 584 3166 suam.
597 3073 760 3171 quondam
770 3071 939 3147 ludewici
949 3077 1102 3170 principis
1113 3074 1226 3163 liliam.

96 3175 302 3246 matrimonio
320 3172 502 3265 copulavit3
527 3193 571 3243 ex
588 3194 652 3267 quo
675 3193 738 3244 rex
754 3170 915 3263 Unguis.
939 3176 1032 3245 cuius
1054 3173 1157 3243 frater
1173 3175 1226 3244 si-

97 3271 218 3342 militer
228 3272 300 3342 eius
312 3273 458 3342 sororius
470 3279 533 3358 est.
547 3269 737 3436 plurimum.
747 3272 995 3360 necimmerito.
1006 3267 1225 3342 conturbatur.

144 3369 319 3459 Peregrini
346 3388 488 3462 quoque.
514 3370 546 3438 iu
569 3369 622 3439 ilei
649 3367 726 3438 licet
752 3365 894 3462 undique
922 3369 1117 3462 competenti
1145 3387 1227 3460 pace

97 3469 290 3559 potirentur.
309 3468 394 3536 circa
404 3473 517 3559 partes
527 3465 613 3536 Reni
631 3465 803 3559 plurimum
821 3465 989 3559 periclitati
1000 3465 1143 3556 luerunt,
1160 3473 1227 3535 tam

97 3567 129 3634 in
148 3561 380 3636 submersione
397 3565 530 3634 navium
548 3566 633 3634 circa
646 3561 817 3634 Brisacum
834 3572 867 3634 et
883 3563 1084 3658 Rvnowiam
1102 3583 1147 3634 ex
1164 3583 1228 3655 quo

97 3662 417 3756 plurimiperierunt.
437 3681 532 3754 quam
545 3662 720 3732 invasione
733 3658 926 3754 predonum.
953 3659 1229 3733 bertoldus'enim

99 3829 262 3885 schrittlicbe
288 3828 438 3954 mundape
457 3829 497 3882 sie
516 3845 549 3884 au
568 3828 676 3884 andern.
707 3827 848 3884 ledenialls
867 3827 905 3885 ist
922 3828 966 3884 die
991 3829 1118 3896 ordnung
1136 3823 1231 3894 lalacb,

100 3901 126 3955 in
145 3900 250 3956 welche
269 3899 338 3956 Urat.
360 3917 394 3956 un
421 3941 429 3968 ‚
454 3899 507 3954 mm
527 3898 653 3969 lolgend‚
679 3899 777 3956 Studer
801 3899 844 3954 die
870 3899 964 3972 capital
983 3899 1112 3969 gebracht
1135 3895 1229 3976 haben.

99 3971 190 4026 tndem
210 3970 347 4026 dieselben
366 3971 424 4026 hier
443 3971 491 4025 das
510 3985 595 4040 ganas
619 3971 698 4027 sttiolr
715 3986 769 4025 von
789 3969 890 4026 Eodem
916 3985 986 4025 anuo
1025 3969 1229 4040 uinquagasrmo

101 4044 148 4098 avt
171 4059 193 4098 s.
216 4042 272 4098 28)
296 4042 338 4096 bis
363 4043 553 4115 parlamentum
579 4042 671 4100 babuit
694 4041 721 4097 in
746 4041 908 4110 Trydentino
934 4058 956 4096 a.
1054 4037 1230 4106 eiuscbaltem

100 4113 209 4169 werden
228 4119 370 4240 vordginge
389 4111 527 4184 berichtet,
546 4113 588 4169 die
607 4119 697 4186 opiter
716 4111 754 4168 als
774 4113 844 4169 noch
859 4113 931 4169 nicht
950 4111 1102 4182 gescbebco
1115 4125 1231 4166 voratas·

103 4191 209 4254 geaetat
226 4200 296 4240 am.

158 4271 188 4346 1)
207 4271 278 4332 1350
296 4278 363 4352 sept.
385 4271 414 4330 11
437 4273 570 4334 urbandet
588 4272 702 4346 Ludwig
721 4274 791 4331 nocb
810 4273 836 4332 in
855 4271 993 4333 llinobao.
1018 4273 1049 4330 bl.
1063 4269 1171 4350 11351,
1188 4269 1232 4334 93.
