2960 4832
379 197 553 256 bemanus
568 199 612 254 DE
626 196 889 256 offlssnnnovnn.
1124 201 1189 273 121

63 381 270 462 peregerunt.
300 369 340 441 Et
363 368 496 464 predicti
521 370 641 442 domini
668 369 823 442 videlicet
846 393 929 464 papa
958 381 991 442 et
1018 373 1194 466 imperator
1214 382 1274 440 tsot

65 477 91 536 et
107 467 207 582 duces
226 470 351 561 optime
369 465 618 540 concordabant.
641 465 737 541 Unde
756 467 854 540 multa
872 466 956 539 bona
976 466 1193 562 sperabantur

64 586 244 657 pmvemre.

65 793 130 858 item
144 793 235 878 qnod
244 793 388 878 quedem
397 795 544 882 societur,
554 795 694 882 popolus
706 793 858 880 Sntbone,
876 795 1191 890 irrnrnpernntciei-

152 897 251 958 mnne
268 895 376 960 suncti
393 891 532 978 Spiritus
548 895 644 960 situm
660 909 758 978 snper
776 891 953 960 dodonem.

121 1040 248 1114 Eodem
275 1065 362 1114 auno
382 1039 441 1114 bri.
467 1047 584 1114 mense
607 1045 743 1114 ianuarii
761 1041 838 1114 dum
862 1042 1003 1114 medium
1029 1043 1191 1114 silentium

67 1149 205 1211 tenerent
223 1143 335 1210 omnia
355 1149 389 1210 et
406 1145 493 1211 curia
512 1152 604 1214 esset
621 1144 652 1210 in
672 1149 755 1214 statu
777 1143 910 1234 optima
935 1145 1027 1212 venit
1051 1143 1192 1212 societas

67 1238 241 1329 ingreium
262 1248 297 1308 et
314 1238 452 1310 aliarum
469 1238 674 1312 diversarum
694 1242 859 1330 gencium
877 1240 1016 1334 populus
1035 1237 1193 1325 Satisne,

68 1339 111 1428 (pii
120 1347 396 1428 pervagaverant
405 1335 432 1406 F
432 1339 576 1408 ranciam
583 1335 839 1426 botharingiam¹
853 1336 1193 1432 atqueBurgundiam„

68 1443 95 1501 et
103 1437 304 1526 immperunt
314 1437 347 1504 in
358 1437 523 1506 civitatem
535 1434 783 1528 sanotiSpiritus
795 1437 889 1507 sitam
901 1435 1193 1528 superRodanum,

70 1530 149 1600 stibi
167 1529 351 1602 transibant
367 1531 540 1604 Rodanum
558 1533 723 1620 fluvium&
742 1555 846 1626 usque
864 1532 905 1603 ad
923 1536 1086 1604 civitatem
1101 1531 1194 1602 Avi-
1285 1601 1289 1610 .

68 1648 215 1698 anensem
234 1627 496 1700 dominabantur.
515 1629 556 1700 Et
573 1652 645 1700 oum
664 1652 747 1724 papa
765 1629 974 1702 Innocentius
993 1633 1137 1704 misisset
1151 1628 1193 1698 ad

70 1747 133 1794 eos:
156 1730 319 1814 nunquid
341 1731 409 1815 ipse
427 1737 458 1798 et
472 1732 524 1798 sni
535 1736 669 1816 possent
684 1748 752 1798 esse
768 1733 876 1798 morri
893 1731 935 1798 ab
953 1730 1022 1798 ets?
1046 1749 1193 1820 respon-

70 1820 188 1894 demut:
217 1829 311 1912 qood
326 1828 500 1894 necessitas
523 1829 625 1914 tepens
648 1845 714 1894 non
731 1827 871 1913 dederet,
899 1826 1015 1897 dantes
1043 1824 1193 1915 intelligi.¹

72 1919 144 2010 quud
161 1922 287 1992 vellent
306 1925 457 2016 recipere
474 1920 658 2016 ubicunque
669 1933 806 2016 possent
823 1922 972 2012 divicias
991 1931 1024 1993 et
1042 1922 1194 1994 victualia

71 2021 212 2109 reperire.
231 2017 269 2090 ln
282 2019 347 2091 hoc
357 2029 465 2090 autem
476 2023 585 2114 punita
598 2030 651 2092 est
667 2024 755 2090 coria
767 2020 852 2114 quod
863 2045 882 2091 a
895 2023 1050 2114 principio
1061 2029 1194 2114 propter

74 2113 142 2186 tales
160 2120 337 2188 societates
362 2127 427 2188 tam
445 2121 476 2188 in
494 2116 686 2188 lombardia
711 2140 807 2212 quam
825 2121 856 2188 in
875 2117 1012 2189 Francia
1031 2139 1091 2210 per
1108 2139 1194 2186 oen·
1228 2166 1229 2169 ,

74 2231 169 2284 suram
196 2215 457 2288 ecclesiasticam
482 2225 513 2284 et
536 2237 597 2309 per
620 2218 868 2286 invoceeionem
889 2213 1009 2288 brachii
1035 2214 1194 2286 secularis

76 2311 208 2398 duomse
227 2335 293 2384 non
313 2317 511 2406 conpescuit.

78 2535 139 2602 tten
156 2539 242 2621 qnod
258 2540 359 2606 direes
376 2538 504 2605 nostrie
522 2545 747 2624 preceperant,
772 2539 861 2623 qnod
883 2554 993 2604 oneres
1015 2555 1077 2605 sno
1094 2535 1195 2619 feodo

160 2633 200 2701 ab
217 2636 299 2722 ipses
316 2638 351 2703 in
368 2637 468 2722 opido
485 2636 649 2722 Zoeinpen
666 2638 854 2723 reciperent.

116 2783 190 2854 Item
210 2808 332 2858 mense
348 2787 484 2857 ianuarii
504 2787 548 2856 in.
567 2785 631 2860 kal.
656 2783 735 2856 febr.
758 2787 836 2878 [ian.
862 2785 925 2876 24]
946 2784 1096 2860 dominus
1120 2787 1195 2859 Ru-

80 2879 170 2956 dolius
183 2895 215 2955 et
231 2884 384 2956 dominus
397 2881 582 2956 Fridericus
594 2883 712 2956 iratres
728 2894 759 2954 et
773 2884 874 2954 disces
888 2883 1025 2956 Austrie
1043 2883 1140 2956 Stirie
1164 2897 1196 2956 et

81 2973 465 3076 Karintbie'precepenmt
481 2979 631 3054 omnibus
650 2981 786 3053 vasallis
804 2980 963 3052 nobilibus
982 2992 1015 3051 et
1032 2980 1195 3076 plebcgr'sa

82 3083 108 3143 nt
123 3075 157 3147 ad
173 3079 351 3172 predictam
369 3078 453 3149 diem
471 3081 688 3150 convenirent
705 3076 745 3149 ad
764 3082 927 3150 civitatem
946 3077 1197 3170 Zovingenscm

83 3170 176 3248 torst.
199 3175 309 3272 dyoc„
334 3187 367 3247 et
389 3175 508 3246 ibidem
532 3173 572 3246 ab
597 3174 722 3248 eisdem
747 3176 882 3248 ducibus
907 3199 966 3248 sua
991 3172 1086 3246 feoda
1104 3179 1196 3246 reci-

84 3285 196 3363 perent,
219 3275 305 3369 quod
329 3274 478 3345 iecerunt
501 3277 642 3346 crastina
667 3272 729 3344 die.
757 3271 897 3368 Insuper
920 3273 1051 3344 inerunt
1077 3271 1194 3345 ibidem

85 3362 232 3443 hastiludia
250 3396 373 3464 magna
385 3395 403 3442 a
416 3371 557 3444 diversis
576 3369 745 3444 comitibus
758 3395 796 3442 ac
807 3373 877 3444 abis
895 3367 1069 3462 nobilibus,
1087 3381 1121 3442 et
1160 3394 1197 3442 er
1261 3388 1263 3394 ’

87 3464 202 3540 tdduum
210 3493 378 3566 expensas
385 3467 519 3564 predicti
531 3467 651 3540 domini
663 3468 764 3542 duces
772 3394 1197 3542 ministrabantdominabus

88 3566 372 3654 quasadduxerant.
390 3565 536 3639 Eterant
553 3563 594 3636 ibi
607 3569 755 3656 comites
775 3567 834 3638 sed
846 3569 988 3640 maiores
1001 3577 1110 3638 erant:
1129 3565 1198 3638 dux

90 3654 262 3738 budewicus
280 3665 437 3736 Bawarie
455 3674 487 3734 et
505 3686 616 3736 comes
628 3663 745 3738 Tirolis
757 3663 1010 3737 etEberhardus
1029 3686 1142 3736 mures
1155 3663 1196 3733 de

88 3751 292 3854 Winenberg7
312 3766 364 3856 qui
375 3761 538 3856 predictos
550 3760 652 3834 duces
664 3773 698 3832 et
708 3765 843 3835 comites
855 3765 1006 3834 imitavit
1015 3760 1056 3833 ad
1068 3762 1210 3855 nuptias¹

91 3849 242 4023 idiggpuam
260 3860 388 3931 tradidit
406 3859 478 3930 duci
496 3859 718 3952 LothoringiQ
738 3870 771 3931 et
787 3859 907 3932 festum
925 3856 1035 3930 habuit
1052 3861 1083 3928 in
1101 3855 1198 3928 Stut-

92 3969 124 4036 gd
167 3978 195 4026 n.

120 4098 350 4178 iibintberinginm
365 4108 405 4162 bs.
442 4107 474 4175 2)
488 4107 545 4164 bier
565 4109 643 4164 stand
668 4109 735 4164 nocb
759 4107 793 4162 ist
817 4107 880 4162 eber
901 4105 1009 4175 gedigt:
1029 4113 1057 4161 et
1071 4114 1200 4178 ceperunt

95 4172 181 4238 ⁰1²¹an
193 4177 284 4238 dictum
299 4179 385 4250 rista,
399 4185 424 4234 et
438 4179 482 4235 ibi.
