3014 4822
506 255 637 314 ιιιιιιιιι
655 251 830 312 columne:
1160 259 1231 334 465

104 435 233 510 nauis
250 443 284 506 et
299 431 474 506 oonuordie
491 434 660 526 nugonem
677 435 711 504 in
725 441 862 520 tanum,
885 442 922 503 ut
937 433 1106 503 rarissime
1122 431 1234 504 oren-

104 530 246 606 emon
263 530 442 602 verberum
465 543 522 602 aot
538 530 714 602 veriorum
739 534 771 600 in
795 541 827 602 te
849 531 1024 621 contingat.
1056 530 1104 601 Te
1128 533 1234 606 eoinru

103 627 260 702 numen
281 632 452 724 uumerus
474 651 578 702 sexus
602 629 741 723 popolus
758 626 913 716 devotus,
937 625 1123 718 benignum·
1137 634 1234 723 paci-⁴

103 725 199 816 oeus,
217 730 315 816 mitis
333 726 475 816 tonitru
494 726 635 812 sobrius„
653 725 803 814 oliabilis,
821 730 906 820 pius,
924 735 1129 816 mansuetus
1145 747 1234 820 pru·⁴

103 823 343 913 dirumpamus
361 824 497 918 pulcher
514 837 550 896 et
564 823 710 918 pudierrs

149 921 191 994 ln
201 934 241 993 te
257 926 362 994 eriam
377 933 457 994 sunt
472 924 687 995 ecelesiarum
698 934 733 994 et
742 925 1012 994 monasteriorum
1026 945 1068 992 uo
1082 921 1234 1016 ospello-

103 1041 177 1094 ιιι
199 1019 370 1092 mutumne
395 1019 602 1114 pulolrrarum
631 1023 781 1114 eopiosa·
810 1019 944 1090 Glaurlis
972 1039 1113 1113 namque
1140 1023 1172 1090 in
1201 1031 1234 1091 to

104 1117 256 1192 uudoeiru
272 1129 539 1211 sumptuosarum
556 1115 755 1188 ediliumom
773 1119 912 1208 eollegia
931 1119 1094 1210 speoiosa,
1112 1137 1235 1189 monn-

104 1213 240 1287 uberum
256 1215 392 1286 irntmm
402 1227 437 1286 ot
447 1217 583 1286 aliorum
593 1217 824 1306 religiosorum
836 1215 1019 1286 ιιιιοιίιοίιιι1
1035 1217 1234 1286 monasterio

104 1311 182 1384 ilino
200 1323 234 1384 et
250 1313 396 1384 lormuse
414 1317 602 1408 oomposito.
634 1314 790 1384 Similiter
807 1311 978 1384 duodecim
997 1315 1235 1385 sanctimonia-

103 1409 398 1484 liummnnnsrerin
416 1409 550 1504 puiolrra
568 1411 739 1484 et.rleoora
759 1433 835 1482 oum
852 1413 968 1501 uiginti
985 1409 1235 1505 porroolriolium

104 1508 321 1582 numum
337 1510 466 1604 templis
484 1509 547 1580 rleo
564 1519 600 1582 et
615 1513 736 1582 sanetis
755 1511 824 1580 suis
842 1509 987 1599 gloriose
997 1517 1031 1578 et
1049 1509 1234 1603 solempni-

103 1615 160 1677 tar,
176 1605 335 1678 mesatis
353 1619 386 1678 et
402 1612 610 1696 ιιιιιιιῑιιιεῑιιἢ
635 1631 709 1678 cunr
733 1605 868 1699 oapellis
891 1607 974 1676 ultra
993 1616 1122 1678 eentum
1146 1605 1234 1676 beno

104 1713 139 1774 et
152 1704 312 1776 rleoenter
328 1705 486 1776 oonleotis
504 1716 538 1776 et
554 1709 687 1778 ornatis.

151 1804 297 1874 Primum
321 1815 374 1874 ost
396 1807 494 1894 igitur
511 1807 542 1874 in
562 1815 593 1873 te
611 1807 841 1876 ounonioorum
865 1804 1036 1874 illustrium
1057 1804 1243 1895 collegium·

104 1899 374 1972 amttuosrssine
401 1906 433 1972 in
461 1899 627 1973 altitudine
655 1921 777 1994 magna
804 1903 924 1974 loetum
949 1911 982 1972 et
1009 1901 1177 1974 elevatum
1201 1903 1235 1974 in
1358 1927 1372 1936 ··

104 1997 229 2070 honora
248 1997 334 2071 beati
352 2001 438 2072 Petri
456 2001 677 2094 apostolorum
701 2003 853 2094 principis
871 1999 1000 2092 locuple
1018 1998 1174 2088 dotatum
1201 2001 1234 2072 in

104 2119 169 2192 quo
192 2108 380 2170 sanatorum
404 2119 576 2188 magorum
600 2119 793 2192 eorporam
762 2102 769 2115 '
761 2097 919 2168 mturnlm
944 2117 1031 2190 pene
1055 2119 1154 2169 aurea
1173 2117 1240 2168 re-·

103 2205 269 2288 ponuntur
297 2199 514 2282 sanctissima„
545 2217 585 2266 ao
612 2207 799 2267 sanctorum
827 2194 944 2265 Felicis
973 2203 1007 2263 et
1033 2193 1173 2266 Naboris
1202 2204 1236 2266 et

104 2291 290 2385 Gregorii
281 2315 314 2364 m
340 2294 436 2364 simili
457 2292 567 2364 tumba
590 2303 794 2388 reponuntur
815 2313 953 2386 ourpora
977 2295 1138 2384 preciosa.
1175 2289 1236 2364 Est

104 2411 211 2462 eum
236 2395 270 2462 in
293 2390 411 2462 eadem
435 2392 576 2464 eooleeio
602 2413 720 2482 oorpus
744 2390 840 2460 beate
863 2387 1075 2479 Ernitrurlis²
1101 2388 1235 2462 baculus

105 2491 212 2560 saneti
227 2490 315 2560 Petri
332 2499 365 2560 et
381 2498 478 2582 ooput
501 2493 604 2561 annoti
621 2489 775 2560 Silvestri
799 2511 873 2558 enm
900 2485 1045 2582 pluribus
1064 2489 1134 2560 aliis
1152 2501 1237 2582 pre-

105 2589 205 2657 oiosis
221 2587 367 2680 reliquiis
385 2585 504 2658 ibidem
522 2585 700 2657 honorilice
718 2589 924 2656 conservatis
942 2594 975 2654 et
992 2586 1141 2656 reclusis.

126 2717 129 2724 ·
153 2681 345 2754 Seemrdum
369 2688 600 2756 canonioorum
623 2683 800 2775 oollegiom
818 2694 869 2754 est
885 2683 1056 2754 illustrium
1081 2681 1237 2755 domino-

104 2779 237 2852 nrurub
254 2781 382 2852 Helena
407 2794 519 2853 saneta
546 2786 658 2872 magni
678 2781 879 2852 Constantini
905 2783 1109 2872 imperatoris
1134 2777 1237 2854 matre

105 2881 185 2948 runo
211 2878 448 2972 pulchritudine
472 2889 705 2968 oonstruunn,
730 2878 807 2950 tlive
832 2879 974 2950 dotatum
1000 2891 1033 2950 et
1056 2883 1088 2950 in
1112 2878 1240 2954 honore

105 2980 209 3048 muti
222 2975 384 3048 Gereonis
402 2975 582 3070 maiatum,
601 2979 692 3048 ornus
705 2997 823 3069 eorpus
841 2974 960 3045 ibidem
971 2979 1004 3047 in
1016 2975 1123 3048 tumba
1135 2999 1238 3050 aureo

106 3077 284 3168 requiescit
300 3073 518 3168 pulcherrima
536 3099 576 3145 uo
593 3079 696 3146 saneti
706 3074 859 3164 Gregorii
870 3073 989 3162 oleon„
1008 3079 1100 3147 ouius
1118 3097 1237 3169 eorpus

105 3175 137 3240 in
166 3173 264 3243 sinrili
291 3171 398 3242 tumba
427 3176 594 3265 reponitur
619 3175 780 3266 preciosa.
817 3171 900 3241 Sunt
926 3175 1031 3242 eciam
1059 3175 1091 3242 in
1119 3171 1239 3244 eadem

105 3270 251 3342 eeclesia
268 3279 413 3340 trecenta
431 3281 467 3341 et
481 3272 656 3360 sexaginta
675 3279 862 3342 sanctorum
880 3279 1060 3360 martirum
1079 3267 1237 3360 [Mauru-

104 3385 177 3438 rum
193 3369 280 3437 ¹itant
295 3369 467 3438 'oooxviii
491 3375 672 3460 martyrum
688 3365 931 3456 ThebeorumP
956 3365 1074 3438 Christi
1097 3371 1130 3440 in
1153 3389 1238 3462 pooe

104 3484 243 3557 uurporo
263 3464 389 3558 sepulta
406 3469 568 3558 precioso.
607 3466 659 3536 Ae
676 3485 795 3558 eorpus
820 3467 924 3537 sancti
941 3461 1103 3536 Hillibaldi
1122 3475 1236 3536 sancte

104 3562 251 3634 eoolesio
268 3561 475 3634 Coloniensis
493 3562 738 3656 arehiepisoopi.

153 3657 307 3730 Teroium
324 3672 375 3730 est
392 3660 561 3754 pulchrum
578 3661 781 3751 collegium
771 3681 803 3731 ιιι
821 3658 980 3732 honorem
998 3661 1101 3732 sancti
1118 3659 1235 3731 Seve-

104 3759 165 3828 rini
187 3757 334 3850 modiolo
359 3758 502 3830 eoelesie
525 3757 685 3852 pontilicis
708 3757 920 3851 solempniter
944 3767 1175 3848 constructum
1202 3760 1236 3826 in

104 3871 185 3948 quo
177 3857 292 3925 oniam
309 3852 448 3925 habetur
464 3857 566 3926 saneti
577 3855 732 3925 Severini
745 3868 864 3948 eorpus
882 3857 1088 3948 preolosmn'
1079 3877 1111 3924 m
1125 3851 1253 3973 tumbo'

105 3965 207 4032 aoros
225 3946 452 4050 sollempniter
465 3954 668 4025 tumulatum.
734 3969 738 3976 ·
762 3981 764 3988 ·
1247 4035 1250 4042 ,

136 4050 328 4138 &mum
329 4068 417 4122 vero
431 4059 486 4124 est
501 4054 603 4124 saneti
618 4049 789 4122 Cmriberti
805 4047 981 4142 eollegium
999 4053 1185 4146 speciosum
1203 4057 1254 4132 et·

106 4195 292 4328 sudium
307 4183 383 4268 migr
401 4181 477 4256 lnA.
497 4180 615 4258 sibrand.
651 4197 682 4270 2)
701 4201 762 4258 W·
786 4197 938 4274 lrmgardis.
975 4201 1006 4270 3]
1024 4199 1101 4260 iuA.
1122 4199 1238 4278 lellend

141 4291 153 4326 ς
214 4316 219 4327 Ι
872 4291 874 4296 .

157 4388 295 4432 souma
309 4345 452 4432 ronrns'r.
991 4388 1027 4452 30
