3036 4822
241 245 313 320 348
505 241 673 301 cititottlcn
691 241 887 300 PRAESULUll
905 241 1105 300 srutssttsnnt

240 431 435 518 perpetuum
451 441 512 515 per
529 420 668 512 gloriam
685 419 805 490 vivere
822 418 1058 509 intelliguntur„
1075 423 1123 491 nt*
1143 419 1244 513 inqnit
1258 419 1375 515 impe·-

240 531 330 592 rator
356 519 553 591 lastinianus
580 521 677 590 instit.
706 521 747 586 dc
773 523 1068 587 committentem
1094 523 1188 606 ,‚ttem
1214 521 1375 607 nepotes<

241 619 344 690 Vivat
358 616 662 708 igiturindominol
680 616 741 701 Qui
752 611 830 685 obiit
842 612 1065 687 annodomini
1076 619 1374 688 mcoecxxxniiii.

240 719 318 789 xiiii.
336 735 415 786 nov.
434 713 581 808 sepultus
599 714 696 807 Spire
711 715 745 784 in
763 733 901 806 corpore
919 713 1072 786 ecclesie.
1101 713 1185 785 Item
1202 733 1289 784 anno
1306 713 1374 786 do-

242 817 320 885 mini
337 815 572 884 meccaxniii.
592 816 677 884 circa
695 810 816 882 lestum
840 813 944 883 sancti
960 809 1114 884 Iohannis
1131 809 1272 904 baptiste
1288 834 1375 906 pre-

241 913 328 984 latus
360 908 517 981 Rabanns
548 914 724 1005 episcopus
753 907 913 979 diffidavit
944 911 1037 981 cives
1066 909 1272 1004 Spirenses.³
1308 912 1374 998 Qut

243 1011 351 1082 statim
366 1017 442 1102 post
458 1005 691 1080 diffidationem
708 1005 885 1078 ecelesiam
902 1009 1006 1078 saneti
1017 1005 1173 1078 Germani
1187 1015 1281 1079 extra
1293 1030 1375 1080 mu·-

240 1128 297 1178 ros
315 1127 390 1176 eum
406 1101 557 1176 amnibus
581 1101 830 1176 habitationibus
855 1103 1157 1176 circumiacentibus
1174 1125 1235 1199 per
1259 1108 1375 1198 ignem

242 1203 532 1276 devastaciones
565 1204 638 1290 Que
662 1212 772 1273 temen
795 1203 905 1273 omnia
928 1211 1002 1295 post
1025 1202 1173 1275 sedatam
1196 1203 1287 1274 litem
1309 1225 1375 1275 re-

242 1312 391 1374 staurare
415 1303 519 1372 eoacti
537 1310 624 1390 sunt,
648 1309 683 1370 ut
705 1309 794 1394 patet
809 1301 842 1369 in
863 1298 1037 1370 eoncordia
1054 1299 1258 1391 Sigismundi
1280 1304 1375 1394 regis

242 1399 493 1471 Romanomm.⁵

290 1494 499 1568 lleinbardus
518 1495 559 1566 de
576 1495 739 1568 Helmstat
755 1496 833 1567 lviii.
852 1494 995 1566 ecclesie
1012 1493 1179 1590 Spirensis
1198 1499 1376 1591 episcopus

242 1587 382 1666 resedlt⁶
399 1597 432 1664 in
450 1617 490 1665 aa
509 1596 603 1666 annis
619 1596 700 1666 xvii.
737 1594 799 1680 Qui
816 1589 942 1663 obiitin
959 1601 1068 1666 castro
1085 1591 1269 1664 Udenbeim
1288 1617 1377 1666 anno

242 1691 364 1763 domini
381 1692 596 1780 mcccclvl,
612 1713 691 1763 ιιιιιι.
708 1689 773 1762 kal.
792 1690 904 1784 aprilis
925 1691 1032 1780 [mitra
1045 1689 1129 1781 1913
1146 1691 1243 1786 Spire
1259 1695 1293 1762 in
1310 1715 1378 1764 ee-

241 1790 344 1862 clesie
371 1811 509 1883 corpore
537 1789 695 1882 seprdtus.
731 1786 812 1859 ltem
843 1808 930 1858 anno
954 1787 1074 1860 domini
1097 1789 1252 1860 mccccl.
1277 1800 1378 1862 sexto

242 1886 295 1958 dia
311 1890 436 1958 mensis
461 1889 536 1958 maii
559 1897 634 1980 post
659 1890 797 1980 primam
813 1885 927 1956 boram
945 1884 1052 1956 medie
1077 1889 1182 1958 noctis
1199 1907 1259 1980 per
1275 1890 1379 1958 inco-

241 1987 322 2056 n'am
335 1994 369 2055 et
381 1984 618 2076 negligentiam
638 2003 765 2073 eorum„
784 1986 837 2076 qui
854 2003 1018 2074 organum
1033 1982 1216 2055 reformare
1233 1983 1378 2058 debuis-

242 2090 328 2171 sent,
345 2085 433 2173 ignis
445 2080 575 2154 validus
593 2085 679 2152 eirca
696 2101 861 2172 organum
879 2101 1042 2152 accensus
1061 2079 1250 2154 devastavit
1267 2102 1379 2173 orga-
1510 2175 1511 2180 Ἰ

240 2201 320 2250 num
337 2201 411 2250 aum
428 2183 521 2268 turri,
539 2181 706 2272 campanis
725 2189 758 2248 et
774 2181 868 2250 tectis
887 2177 1030 2250 ecclesie
1047 2177 1225 2272 Spirensis.

290 2275 430 2350 Sifridus
456 2276 497 2347 de
515 2276 694 2366 Veningen
718 2276 808 2347 lviiii.
834 2272 976 2348 ecclesie
993 2275 1160 2369 Spirensis
1185 2279 1379 2373 episcopus,

241 2375 367 2447 eleetos
390 2378 424 2445 in
448 2377 671 2468 episcopatum
696 2393 783 2444 anno
806 2372 927 2444 domini
954 2375 1176 2464 moccelnd,
1202 2377 1297 2448 xxix.
1322 2375 1379 2447 die

242 2475 359 2561 martii,
384 2471 503 2543 eodem
528 2493 616 2542 anno
640 2470 850 2542 confirmatus
875 2481 928 2542 est
951 2469 1117 2544 aCalixto
1141 2493 1237 2566 papa.
1273 2474 1380 2546 Anno
1510 2503 1511 2520 ι

240 2573 345 2664 primo
369 2572 576 2664 episcopatus
603 2571 653 2638 sui
678 2578 821 2640 castrum
839 2565 1039 2638 Wersawe⁷
1058 2589 1117 2662 pro
1142 2579 1215 2640 octo
1233 2569 1379 2644 millibus
1510 2641 1511 2658 1

241 2668 374 2740 llorenis
402 2665 549 2738 redemit.
588 2664 711 2735 Limina
740 2686 868 2758 quoque
897 2675 1083 2737 sanctornm
1109 2666 1196 2738 Petri
1225 2678 1259 2739 et
1284 2669 1381 2740 Pauli
1510 2673 1511 2742 l

242 2764 464 2858 apostolorum
481 2765 612 2857 propria
630 2765 662 2832 in
680 2783 824 2856 persona
841 2763 989 2834 visitavit
1010 2762 1155 2854 [1459]‚
1179 2757 1274 2837 a-Pio
1291 2787 1380 2861 papa
1510 2765 1511 2814 ἶ

242 2860 390 2934 secundo
406 2859 628 2951 indulgentias
647 2860 791 2932 ecclesie
810 2881 871 2932 sue
885 2868 918 2929 et
931 2863 987 2931 toti
1004 2859 1128 2933 diocesi
1141 2861 1290 2955 Spirensi
1308 2867 1381 2934 im-
1510 2889 1511 2944 t

241 2958 410 3053 patrando.
446 2956 484 3028 ln
511 2979 574 3052 qua
602 2957 727 3029 resedit
754 2959 848 3028 annis
879 2955 994 3046 tribus,
1023 2955 1192 3031 mensibus
1220 2963 1380 3055 quinqueq

241 3055 357 3128 diebus
380 3054 522 3145 duobus
549 3055 649 3126 multa
676 3053 761 3126 bona
790 3053 934 3127 ecclesie
960 3077 1022 3128 sue
1048 3067 1082 3126 et
1111 3077 1226 3128 eornm
1251 3056 1382 3130 diocesi
1510 3053 1511 3074 ³

242 3154 402 3226 laniendo.
444 3153 505 3240 Qui
530 3151 608 3224 obiit
631 3150 856 3243 Heidelberge
880 3174 967 3222 anno
994 3152 1114 3226 domini
1139 3156 1379 3228 maccelvliii.

242 3250 389 3368 secunda
416 3250 470 3321 dle
495 3253 619 3321 mensis
650 3247 859 3344 septembris
887 3249 1035 3343 sepultos
1060 3250 1157 3345 Spire
1180 3254 1214 3323 in
1237 3275 1382 3348 corpore

243 3350 455 3518 ecpppppmes
479 3446 546 3518 Nix
571 3447 613 3518 de
637 3443 820 3518 Hebeneek
844 3443 948 3516 dictus
972 3444 1143 3538 Entnberg
1165 3448 1210 3519 lx.
1233 3448 1382 3520 ecclesie

241 3541 410 3638 Spirensis
427 3549 603 3639 episeopus
622 3544 749 3614 electus
767 3565 854 3614 anno
873 3543 993 3616 donnini
1019 3544 1268 3634 maccelvint,
1294 3549 1379 3620 xvii.

242 3641 296 3712 die
313 3641 519 3736 septembris.
545 3640 614 3714 lste
626 3638 791 3712 lohannes
810 3643 984 3734 episcopus
1004 3644 1109 3714 minus
1128 3642 1267 3736 provide
1285 3644 1381 3714 utili-
1510 3683 1511 3712 t

241 3741 297 3811 tati
314 3737 492 3833 reipublice
510 3738 689 3812 consulens
705 3736 833 3809 adhesit
845 3736 1038 3832 quibusdam
1055 3737 1252 3834 principibus
1265 3751 1381 3813 conda
1510 3767 1511 3792 ι

240 3835 408 3910 dominum
434 3836 657 3926 Fridericum‚
683 3834 827 3907 Bavarie
854 3834 993 3927 ducem,
1021 3840 1170 3908 comitem
1199 3838 1380 3932 palatinum
1510 3855 1511 3876 ¹

295 4041 324 4109 l)
343 4047 418 4098 nt-
432 4049 545 4114 nepotes
565 4041 631 4097 lebll
643 4041 686 4096 bei
698 4041 760 4095 Ece.
796 4039 827 4108 2)
847 4039 907 4095 W.:
927 4042 961 4096 de
979 4046 1131 4098 exantlatos.
1167 4041 1199 4108 3)
1218 4041 1384 4100 Febdebrlel

241 4113 289 4168 des
309 4112 430 4168 blscbols
450 4131 472 4168 v.
489 4113 558 4168 1422
578 4113 631 4168 lun.
646 4112 688 4167 15.
707 4111 830 4181 Remllng
847 4110 899 4166 UB.
918 4112 945 4180 2,
965 4111 1025 4170 122,
1062 4114 1093 4180 4)
1114 4112 1184 4168 1422
1203 4111 1288 4168 iuni
1311 4115 1378 4170 nacla

241 4183 364 4252 llemling
382 4183 478 4240 Gescb.
498 4185 524 4239 d.
537 4182 663 4240 llisebdle
682 4199 715 4238 nu
729 4184 831 4254 Speyer
849 4183 876 4246 2,
894 4184 929 4239 35
950 4183 967 4238 i.
1004 4187 1035 4252 5)
1055 4183 1117 4240 Urk.
1136 4199 1160 4238 v.
1176 4183 1246 4238 1422
1268 4199 1331 4254 aug.
1343 4185 1382 4240 28

241 4253 268 4310 in
287 4253 443 4310 bebmrmn's
463 4257 579 4327 Speprer
597 4255 696 4310 claren.
716 4271 741 4326 p.
760 4253 822 4310 815.
859 4253 889 4322 d)
909 4255 969 4310 W.:
997 4255 1076 4311 sedit
1112 4254 1143 4325 7)
1162 4254 1221 4310 W.:
1240 4253 1381 4312 Wesawe.
