2960 4832
400 229 573 288 mucor
587 229 632 288 rur
645 229 910 290 cussanuovnn.
1151 235 1222 309 103

84 405 296 477 decretorum
314 413 348 474 ot
364 425 449 476 unus
468 406 682 499 iurisperitus
706 406 957 500 postulaverunt
972 406 1137 478 dominum
1154 405 1224 478 Al-
1238 417 1310 476 rsus

83 503 214 575 bertum
231 513 344 574 natum
362 501 404 572 de
422 499 624 594 Hohenbcrg
644 505 834 597 episcopum
852 503 1110 594 Frisingensem.
1128 504 1224 591 Qua-

81 613 156 672 tnor
173 623 263 671 vero
280 602 428 671 canonici
445 600 716 694 supersederant
740 601 799 674 sed
817 611 885 674 tres
910 598 1064 674 absentes
1082 600 1223 672 fuerunt

80 697 122 769 Et
149 701 201 769 sic
225 709 303 770 rota
328 719 442 768 eorum
466 695 599 769 diversa
619 699 762 786 mourut,
790 709 824 768 et
847 698 947 770 unde¹
967 721 1052 793 pape
1073 697 1224 770 dillinioio

80 793 330 890 prestolabatur
346 797 418 888 quis
442 798 493 866 cui
516 795 727 889 preferretur.
751 795 819 867 Sed
836 799 1013 889 imperator
1030 795 1226 892 supplicavit

79 915 141 987 pro
152 890 497 986 episcopottindenst
515 913 575 986 pro
585 915 649 987 quc
665 889 766 964 trihus
777 891 904 966 vicibus
915 915 1013 966 manu
1024 915 1084 966 sua
1096 894 1226 985 scripsit

78 1013 179 1084 pape.
199 989 274 1060 Nec
291 988 463 1060 exauditus
480 989 539 1060 fuit
554 1013 614 1083 pro
631 1012 672 1062 eo
690 988 750 1062 sed
773 1011 833 1085 pro
850 993 1007 1086 episcopo
1024 987 1224 1064 Balneuber·

79 1089 198 1178 gensi,
218 1085 280 1160 sed
296 1097 406 1158 tarueu
423 1108 489 1158 uon
505 1085 624 1160 hahuit.

83 1260 166 1328 item
184 1259 277 1344 ptrod
293 1260 388 1326 tuna2
405 1255 470 1342 snit
484 1261 651 1346 eclppaota
667 1267 743 1328 onte
759 1261 900 1328 madium
916 1259 1020 1328 metti
1042 1259 1078 1328 in
1094 1259 1222 1328 martin

131 1399 288 1472 ltemxn
300 1399 365 1472 tal.
377 1401 488 1471 marcii
506 1409 582 1472 ante
598 1401 703 1472 noctis
721 1398 863 1470 medium
881 1398 940 1470 fuit
955 1398 1031 1470 luna
1043 1397 1221 1492 eclypsata.

87 1571 189 1659 (larod
205 1571 355 1638 ominus
368 1589 463 1658 popo
479 1572 568 1638 misit
588 1573 670 1640 daos
687 1571 875 1641 cardinales
898 1571 955 1660 qni
974 1587 1067 1658 repes
1083 1567 1223 1640 Fronde

186 1675 221 1738 et
235 1667 352 1756 Artptie
368 1670 585 1738 recmnlicre
602 1668 761 1738 dederent.

131 1801 218 1871 ltem
241 1821 358 1872 mense
380 1802 470 1889 tunt,
493 1821 526 1869 x.
545 1797 609 1870 lral.
634 1799 714 1888 iulii„
738 1801 823 1871 misit
844 1821 929 1893 papa
949 1797 1158 1870 Innocentius
1177 1801 1222 1868 vi.

80 1899 167 1969 duos
193 1895 379 1968 cardinales
404 1899 456 1990 qui
484 1893 525 1966 de
550 1919 632 1990 paee
659 1899 743 1966 inter
764 1917 867 1988 reges
885 1895 1023 1967 Francia
1048 1905 1082 1966 et
1097 1895 1222 1988 Anglia

80 1993 360 2186 plrtappalfpaerpagpd
378 1995 450 2065 sine
466 1993 601 2066 utidtate
617 1996 748 2066 reversi
766 2003 853 2084 sunt
870 2013 955 2084 rege
965 1992 1105 2066 Francia
1115 2003 1223 2090 capto,

83 2281 184 2369 (laod
192 2279 401 2350 Innocentius
406 2299 501 2369 papa
514 2283 673 2350 emeruit
681 2279 709 2372 [
704 2283 777 2368 repr·
791 2277 957 2372 llnporia]
968 2297 1097 2350 mecam
1107 2287 1224 2352 wana

183 2379 334 2459 nfideles
358 2387 390 2447 ct
409 2381 620 2467 admotam,
648 2387 680 2449 el
694 2380 784 2465 qnod
799 2381 959 2447 decimam
971 2375 1223 2470 decimarumfin

185 2494 366 2566 repausato
383 2478 859 2564 cuaaatamrapradtcos.
952 2499 959 2512 ·

130 2605 215 2679 Item
223 2603 1222 2698 menseiuliiveneruntambaxiatoresregisUngarieLude-

83 2709 172 2794 wisi,
184 2727 273 2778 unus
281 2708 467 2799 prepositus
479 2716 513 2776 et
522 2729 607 2778 unus
616 2705 724 2794 miles„
736 2701 851 2798 quibus
862 2727 945 2799 papa
955 2703 1166 2778 Innocentius
1176 2707 1221 2776 vi.

82 2807 216 2874 nomine
233 2805 326 2896 regis
337 2801 472 2897 predicti
490 2807 543 2897 qui
559 2800 1072 2876 tancTervisiuminlomhardia
1082 2799 1223 2891 obsedit,

82 2904 252 2972 concessit
268 2923 401 2972 cruoem
425 2911 536 2972 contra
564 2899 714 2972 infideles
733 2911 766 2971 et
783 2903 984 2974 scismaticos
1009 2910 1043 2970 et
1063 2899 1222 2972 decimam

81 2997 286 3069 deeimarum
309 3001 343 3068 in
365 3019 473 3090 regno
496 3021 574 3072 suo·
594 2997 638 3068 Et
660 3001 859 3092 prepositum
882 2996 959 3069 lecit
982 2999 1171 3090 episcopum
1189 3006 1224 3069 et

81 3096 263 3168 eeclesiam
288 3094 518 3167 Collacensem
540 3097 584 3166 illi
608 3098 784 3183 concessit
811 3097 903 3166 ouius
932 3094 1106 3166 ecelesiam
1134 3092 1223 3166 dedit

81 3195 261 3287 preposito.
279 3192 321 3265 Et
337 3192 378 3264 ad
396 3202 509 3266 votum
527 3213 623 3266 suum
641 3203 717 3265 sunt
732 3194 872 3265 reversi.

82 3383 160 3452 ltem
178 3383 273 3468 quod
287 3383 437 3450 doniam
454 3385 633 3469 imperator
650 3381 791 3450 Korona
811 3381 901 3448 matt
921 3381 1080 3464 quosdam
1097 3381 1139 3448 de
1153 3384 1222 3452 aris

183 3483 427 3647 mmm
441 3483 593 3568 episcopo
604 3479 765 3548 Mindnrsi
777 3479 967 3566 movtderct
981 3479 1022 3548 de
1032 3479 1222 3568 epoccpm

129 3711 214 3784 ltem
232 3733 349 3782 mense
367 3707 562 3805 septembris
580 3732 666 3780 anno
683 3709 739 3782 lvi.
759 3711 900 3782 crastino
913 3709 1089 3782 nativitatis
1107 3719 1222 3780 sancte

85 3814 190 3884 llarie
209 3819 376 3882 venerunt
392 3806 634 3884 ambasiatores
652 3811 855 3902 imperatoris
866 3805 977 3877 Karoli
994 3807 1048 3877 iiii.
1067 3804 1221 3878 videlicet

83 3931 195 3983 tomes
212 3905 423 3980 Barchardus
441 3905 483 3977 de
499 3903 732 3999 Megdeburge
750 3908 909 3997 magister
926 3905 1015 3974 curis
1032 3913 1065 3974 et
1085 3903 1138 3974 alii
1155 3902 1220 3976 duo

84 4007 215 4096 militesq
234 4015 268 4076 et
284 4007 455 4099 pecierunt
471 4028 490 4074 a
508 4027 591 4099 papa
608 4003 799 4076 Innocentio
810 4005 854 4072 vi.
867 4001 1042 4072 ecclesiam
1051 3999 1220 4074 Constan-

87 4109 226 4177 tiensem
251 4125 312 4197 pro
336 4105 490 4196 episcopo
507 4101 671 4174 llindensi
690 4101 746 4174 vel
763 4122 822 4194 pro
840 4098 970 4170 domiuo
986 4097 1098 4170 Ulrico
1122 4122 1220 4199 supra

125 4234 152 4304 l)
167 4234 231 4294 inde
245 4231 326 4292 sollte
340 4250 369 4290 cs
384 4232 458 4290 wohl
471 4233 588 4291 heissen.
616 4232 647 4304 2)
662 4233 704 4288 sol
719 4232 790 4292 steht
803 4229 869 4302 irrig
881 4230 908 4288 iu
923 4229 970 4288 der
983 4229 1024 4292 ht.
