2960 4832
358 189 879 252 uunmcusouomssumovut.
1139 193 1188 270 53

82 375 171 457 ciere,
194 391 233 440 oc
253 365 366 440 Latino
388 369 595 461 intelligens,
612 367 820 463 reliquosque
843 365 990 462 perfecte
1018 365 1187 462 eloquens.
1204 363 1274 426 ¹³4⁰

81 469 131 556 Qu
146 467 216 538 licet
231 489 312 538 casu
329 470 450 554 visum
476 470 596 562 apertis
614 477 725 538 tamen
742 477 776 538 et
793 467 889 539 claris
909 466 1026 555 oculis
1043 467 1190 540 emiserit

81 565 125 634 diu
140 574 213 635 onte
227 564 410 636 conflictum
426 568 459 634 in
477 586 541 659 quo
558 563 646 654 obiit,
664 564 889 636 nichilominus
903 574 1013 634 tumen
1024 566 1072 636 sio
1089 583 1188 638 cecus

79 660 152 732 bello
165 665 328 732 interesse
345 661 459 750 voluit,
475 671 614 734 mortem
630 663 729 733 telem
747 661 800 732 diu
811 671 887 733 unte
897 671 1039 756 optatus
1056 659 1188 733 dicens:

78 780 174 847 scpro
189 761 374 848 republica
390 758 554 850 affectare,
572 770 611 831 ut
623 765 658 830 in
675 763 758 831 bello
771 762 905 849 publico
921 780 994 830 nem
1002 761 1069 843 fide
1079 767 1112 828 ct
1126 759 1190 830 bo-

78 876 145 926 nore
160 858 263 927 debito
280 867 467 928 moreretur.
484 858 556 930 llec
573 856 634 930 sibi
644 867 751 952 optata
761 862 883 951 pariter
899 867 1094 930 evenerunt.
1105 855 1190 928 Nam

79 977 140 1025 cum
155 955 216 1026 fide
233 964 266 1025 et
283 955 401 1027 levore
418 956 561 1028 ecclesie
578 955 740 1027 katholice
757 963 924 1026 certamen
934 958 1108 1045 ingressus
1126 965 1190 1044 est,

79 1063 185 1124 etcum
201 1056 345 1125 maximo
361 1051 709 1147 honoreinteremptus
720 1063 772 1126 est
782 1076 856 1124 cum
866 1052 966 1124 fratre
976 1055 1067 1142 regis
1078 1051 1189 1124 Fran·

79 1155 119 1220 cie
133 1154 243 1221 comite
259 1149 302 1221 dc
320 1149 468 1239 Elleson„
486 1149 803 1238 duceLotborinpieq
821 1172 895 1222 cum
906 1153 1023 1222 comite
1034 1148 1189 1239 deBlots,

79 1269 140 1318 cum
154 1251 267 1319 comite
285 1247 329 1318 de
344 1249 480 1337 Alsum„
498 1271 572 1320 cum
589 1251 706 1320 comite
717 1248 912 1338 Heiriourte,
929 1269 1003 1318 curn
1020 1249 1136 1318 comite
1148 1245 1190 1318 de

80 1343 207 1416 Abernel
224 1355 257 1416 et
273 1347 347 1418 eius
364 1344 443 1434 titio„
460 1369 535 1418 cum
546 1349 663 1417 comite
681 1344 723 1416 de
734 1345 858 1432 Selino,
870 1367 943 1416 cum
955 1347 1072 1416 comite
1083 1342 1189 1416 Fluu-

79 1441 135 1512 drie
151 1451 182 1514 et
197 1465 271 1514 cum
282 1442 371 1514 mille
382 1445 568 1537 quingentis
579 1441 730 1514 militibus
748 1441 921 1538 equitibus,
939 1465 978 1514 no
994 1443 1110 1532 viginti
1120 1444 1189 1514 rni-

79 1537 148 1610 lbus
163 1540 318 1634 peditum„
336 1544 389 1634 qui
406 1539 524 1612 eedem
541 1540 594 1611 die
612 1541 761 1612 feruntur
777 1543 877 1612 occisi
893 1543 927 1611 in
944 1539 1056 1635 prelio.
1074 1537 1188 1612 Karo-

79 1637 120 1708 lus
140 1659 218 1708 vero
240 1649 320 1710 tuuc
342 1637 467 1710 electus
490 1641 523 1708 in
539 1659 656 1729 regem
673 1639 909 1727 Romanorumq
926 1636 1045 1709 videns
1062 1647 1187 1730 petrem

80 1755 159 1805 suum
180 1759 253 1807 cum
280 1734 482 1806 multitudine
506 1735 641 1806 militum
664 1739 821 1825 occisum,
845 1757 885 1806 ac
908 1756 1025 1826 regem
1048 1732 1187 1806 Francis

80 1853 140 1902 cum
155 1837 219 1904 suis
236 1836 291 1928 qui
309 1831 415 1902 adhuc
432 1842 526 1904 erunt
542 1837 734 1926 superstites
746 1853 945 1905 conversum
961 1835 995 1902 in
1011 1831 1137 1923 fugam„
1155 1839 1189 1904 et

81 1951 111 1998 se
126 1929 242 2004 duobus
260 1927 455 2002 vulneribus
474 1933 666 2016 sauciatum,
684 1953 725 2001 uc
740 1939 875 2022 gentem
885 1932 977 2021 regis
988 1929 1113 2020 Anglic
1130 1931 1187 2000 iu-

81 2025 293 2120 superebilem,
317 2049 379 2121 per
401 2026 559 2121 quosdam
583 2049 661 2100 suos
686 2029 804 2099 milites
820 2031 942 2100 invitus
967 2030 1059 2121 quasi
1077 2036 1110 2096 et
1125 2047 1188 2098 re-

81 2127 168 2196 nitens
184 2124 224 2196 de
242 2136 348 2196 turma
367 2123 515 2212 eductus,
537 2124 700 2196 recedens
725 2122 843 2196 abinde
866 2123 1014 2197 salvatus
1038 2133 1102 2213 est,
1119 2145 1188 2196 vu-

81 2217 147 2291 dens
168 2220 444 2313 ntuzetnburg,
469 2244 647 2315 secumque
665 2221 832 2294 adducens
850 2232 977 2317 petrem
993 2225 1139 2292 occisum
1156 2229 1190 2294 et

81 2317 179 2391 mutos
201 2321 394 2391 vulneratos
419 2342 465 2390 ex
487 2323 570 2408 suis,
593 2317 713 2390 ibidem
737 2341 849 2391 euram
873 2339 987 2389 eorum
1011 2321 1088 2409 egit.
1111 2316 1189 2390 Rex

81 2433 149 2486 vero
163 2417 284 2508 Anglie
302 2419 400 2511 potito
411 2419 547 2488 victorie
558 2438 618 2511 per
626 2415 759 2487 biduum
770 2427 844 2511 post
855 2415 1037 2487 conflictum
1047 2418 1081 2484 in
1092 2437 1188 2486 coru·

81 2524 262 2602 pectoratus
280 2523 346 2602 est
364 2535 519 2605 magnam
536 2514 792 2586 misericordiam
803 2513 996 2607 impendens
1008 2513 1076 2585 suis
1094 2514 1188 2584 occi-

83 2611 118 2676 sis
132 2630 185 2682 eos
200 2610 380 2683 honorilice
398 2610 602 2704 sepeliendo,
618 2613 810 2683 vulneratos
834 2632 918 2684 vero
934 2611 1093 2682 relovens
1110 2631 1189 2680 me·-

83 2702 207 2778 dicmdo.
224 2706 267 2779 Et
282 2708 347 2780 hec
364 2730 475 2801 pugna
486 2713 660 2782 commissa
673 2709 731 2781 luit
742 2731 827 2780 anuo
839 2708 959 2781 domini
969 2707 1189 2798 m.ccc.xl.vi.‚

82 2806 156 2873 xxvi.
179 2803 229 2875 die
252 2809 377 2878 mensis
402 2809 532 2898 augusti
555 2809 640 2877 inter
663 2805 781 2880 Crisim
798 2817 832 2877 et
846 2806 967 2878 Albam
991 2805 1112 2877 trillem.
1136 2802 1189 2874 De

84 2920 133 2989 quo
146 2901 213 2973 loco
229 2925 294 2975 rex
310 2903 435 2994 Anglie
453 2906 512 2974 ivit
528 2907 561 2974 in
580 2902 792 2993 Osterollumq
811 2902 895 2999 quod
907 2907 1004 2976 situm
1021 2912 1191 2998 estsuper

83 2997 166 3088 ripum
181 3004 277 3072 maris
296 3010 331 3072 et
346 2999 388 3071 ibi
405 3023 479 3072 cum
498 3003 566 3073 suis
583 3011 754 3072 recreatus
772 3011 833 3073 est.
851 3001 1015 3094 Philippus
1033 3021 1117 3071 vero
1128 3022 1191 3074 rex

69 3089 198 3166 vFrancis
220 3101 272 3169 cui
294 3097 375 3189 lugu
399 3119 532 3170 suorum
555 3099 691 3169 multum
714 3098 886 3192 displicuit
910 3119 1046 3193 quorum
1064 3097 1189 3190 aliquos

84 3207 195 3263 suorum
215 3193 336 3266 obinde
358 3199 469 3266 necari
486 3195 665 3284 mandavit,
690 3218 728 3270 se
746 3200 778 3266 in
795 3199 961 3266 civitatem
977 3193 1190 3266 Ambionen-

85 3305 140 3357 sem
159 3296 279 3386 recepit
302 3315 377 3364 cum
404 3295 492 3380 suisp
521 3292 676 3365 videlicet
704 3292 948 3386 archiepiscopo
971 3290 1190 3376 Scenoncnsi,

85 3387 398 3481 episeopolleldensi
410 3393 527 3461 comite
536 3388 778 3462 Antisidorensi
790 3401 823 3460 et
833 3388 1024 3485 quibusdem
1035 3390 1120 3478 eliis„
1137 3393 1190 3485 qui

85 3483 248 3576 perfugam
265 3487 385 3560 salvati
402 3490 509 3580 ipsum
525 3507 643 3577 regem
660 3485 894 3583 sequebantur„v
910 3486 1060 3560 dolentes
1072 3487 1113 3559 de
1123 3485 1190 3560 ho-

85 3596 149 3647 nore
162 3583 282 3674 perdito
294 3594 327 3655 et
337 3584 486 3656 conflictu
504 3595 643 3679 excepto
659 3588 692 3655 in
703 3587 804 3678 patria
815 3589 944 3680 proprio
961 3608 1023 3681 per
1039 3585 1190 3658 advenas

86 3671 276 3846 fflffanfs'
294 3685 348 3775 qui
366 3680 426 3754 sibi
442 3701 584 3772 regnum
601 3680 820 3754 vendicabant
835 3692 870 3753 et
884 3681 1028 3756 rebelles
1047 3681 1107 3756 sibi
1124 3681 1190 3752 de-

121 3792 134 3840 s
181 3798 241 3848 en.

90 3953 230 4038 Ottmodo
246 3966 373 4035 obsedit
386 3983 446 4035 rec
463 3969 579 4056 Anplte
590 3971 751 4038 ciuitatem
764 3971 883 4056 Cattos,
895 3972 1072 4038 etoictorta
1090 3988 1189 4057 qnam

165 4059 271 4131 tamn
285 4071 401 4132 contra
417 4084 525 4154 repom
543 4066 741 4136 Scltotorum.

127 4165 299 4290 Edwardus
316 4198 387 4290 'rex
402 4176 540 4274 Aegle,
565 4182 616 4252 cui
632 4179 762 4253 fortune
781 4183 900 4274 arrisit,
923 4191 998 4288 post
1012 4181 1191 4287 predictam
