2904 4822
273 237 323 310 34
595 236 1109 298 numerousnsmessouuovsn.

277 447 446 536 Quomodo
458 469 553 539 popo
570 453 648 538 copi
663 449 744 534 fecit
758 451 996 522 nsorsoioioom
1013 472 1105 522 onom
1123 473 1195 522 eom
1209 454 1406 542 qottosoon

371 553 439 619 sois
461 552 671 639 complicibus
693 559 727 621 et
747 555 826 639 noto
845 559 878 621 et
898 553 1059 639 quomodo
1075 571 1137 622 roo
1153 555 1272 643 Aeolio
1289 555 1408 623 bollum

373 650 492 717 novole
515 669 586 718 com
609 669 687 738 rogo
704 649 844 719 Francia
860 653 1032 738 ooroditor
1048 654 1158 742 oiotor,
1176 660 1210 722 et
1224 653 1410 722 obsessione

372 749 511 816 enectis
527 747 739 817 Tomeooensts
755 756 812 818 oto.
1265 751 1345 839 Cop.
1363 755 1410 820 oi.

192 917 261 976 1340
322 917 422 989 Anno
433 927 542 988 autem
553 917 673 990 domini
684 915 841 988 meccxl.
860 939 977 990 mense
988 918 1098 1011 aprilis
1109 917 1311 990 Benedictus
1322 941 1410 1012 pape

272 1017 327 1090 xii.
352 1017 423 1109 capi
446 1015 523 1086 fecit
546 1038 643 1087 suum
665 1013 902 1087 marschaloum
926 1025 959 1086 et
982 1014 1141 1109 quosdam
1164 1037 1245 1089 suos
1263 1017 1411 1110 compli-

273 1135 344 1203 ces5
362 1115 416 1206 qui
433 1121 590 1206 ceperant
606 1112 768 1208 quendam
785 1112 826 1182 de
837 1111 945 1184 Flisco
961 1111 1105 1184 nobilem
1120 1112 1335 1202 londensem
1356 1117 1411 1207 qui

272 1214 394 1283 missus
418 1209 477 1281 iuit
499 1233 560 1304 per
575 1231 693 1302 regem
710 1211 835 1302 Anglie
851 1208 1056 1282 Edwardum
1072 1210 1113 1281 ad
1131 1233 1251 1306 papam
1291 1211 1411 1282 redic-

272 1317 350 1379 tum.
370 1305 552 1380 Confessus
564 1319 674 1379 autem
684 1307 916 1402 fuitprediotus
930 1307 1152 1380 marschnlous
1171 1233 1333 1402 quoddoo
1351 1309 1414 1378 fe-

273 1416 364 1477 cerat
379 1414 415 1476 ut
431 1406 651 1499 complaceret
667 1409 740 1498 regi
750 1404 943 1478 Ludewioo¹
956 1405 1171 1496 Francorum,
1189 1415 1272 1478 etse
1285 1405 1414 1478 exinde

272 1506 442 1597 recepisse
460 1506 520 1574 xvi
543 1505 630 1574 milia
647 1503 857 1592 florenorum
882 1513 916 1573 et
932 1511 966 1573 ut
976 1501 1165 1574 thesaurum
1177 1503 1321 1576 ecclesie
1331 1503 1415 1576 Ro-

272 1623 370 1672 mane
386 1603 460 1691 regi
470 1599 623 1671 traderet.
640 1599 695 1672 Ex
711 1623 775 1694 quo
791 1600 876 1672 facto
893 1623 977 1694 papa
995 1601 1132 1671 multum
1146 1599 1306 1691 turbatur,
1323 1609 1416 1674 tum2

272 1701 346 1792 quia
364 1696 529 1792 predictus
545 1697 720 1770 Ianuensis
738 1707 949 1770 assecuratus
967 1698 1026 1768 fuit
1042 1695 1082 1768 ab
1100 1721 1154 1787 eo,
1178 1704 1262 1769 tum²
1281 1703 1362 1793 quia
1382 1703 1414 1770 in
1446 1695 1447 1706 ³

214 1814 218 1820 ·
273 1798 404 1868 civitate
422 1793 655 1884 Avinionensig
672 1793 727 1864 uhi
745 1804 822 1867 tunc
838 1817 921 1888 papa
932 1794 1069 1884 resedit
1088 1794 1129 1864 de
1146 1805 1243 1866 nocte
1260 1793 1304 1866 de
1321 1797 1414 1868 lecto

273 1913 335 1964 suo
351 1915 416 1964 une
434 1913 508 1962 cum
525 1893 591 1964 idio
602 1913 663 1966 suo
673 1903 826 1987 receptus
837 1893 966 1986 suitper
976 1891 1214 1964 narsotdoum
1223 1891 1416 1987 predictum

273 1991 327 2084 qui
344 1991 605 2062 etiammortuus
623 1992 783 2083 reperinrr
799 1994 832 2061 in
851 2011 999 2079 earcere„
1018 1994 1190 2083 suspensis
1209 1989 1414 2085 quibusdam
1446 2017 1447 2032 ¹

272 2089 307 2158 in
322 2085 491 2160 Avinione
515 2091 568 2182 qui
590 2087 735 2182 predicte
751 2088 930 2160 traditionis
954 2084 1143 2158 dicebantur
1159 2088 1317 2160 fautores.
1337 2078 1416 2176 Qud
1446 2117 1447 2120 ¹

271 2184 358 2256 fecto
374 2179 483 2257 iussit⁵
494 2207 578 2279 papa
590 2207 684 2258 suam
694 2185 894 2278 legationem
906 2185 947 2256 ad
957 2207 1074 2276 regem
1085 2184 1236 2275 Francis„
1247 2197 1416 2280 repetens

273 2292 403 2376 captum
426 2305 500 2354 oum
524 2283 726 2370 esiconem
749 2307 812 2356 rex
833 2285 959 2354 remisit
976 2304 1050 2353 oum
1067 2281 1145 2374 filio,
1169 2305 1208 2355 se
1226 2305 1416 2356 excusans,

272 2378 341 2451 Sed
363 2403 448 2474 papa
466 2381 552 2452 male
569 2390 740 2452 contentus
759 2403 877 2472 regem
894 2390 927 2452 et
943 2379 1102 2474 quosdam
1119 2379 1305 2452 cardinales
1324 2404 1416 2454 sus·
1446 2395 1447 2466 j

272 2487 386 2572 pectes
410 2477 632 2569 indignatione
656 2500 715 2552 sua
738 2483 955 2572 persequitur.
1055 2477 1156 2549 Anno
1184 2489 1296 2550 autem
1325 2503 1418 2574 pre·
1446 2535 1447 2544 2

272 2573 358 2644 dicto
375 2597 491 2648 mense
508 2576 575 2646 iulii
591 2597 655 2650 rex
669 2575 795 2668 Anglie
808 2575 996 2648 Edwardus
1008 2577 1125 2646 iterum
1141 2597 1260 2668 regem
1277 2575 1417 2672 Philip-

272 2693 350 2764 pum
373 2670 575 2744 Francorum
597 2672 766 2766 agreditur
788 2683 822 2744 et
844 2683 1036 2765 cumgente
1054 2671 1265 2746 eiusbcllum
1283 2675 1417 2748 navale

271 2767 464 2860 ingreditur,
487 2773 521 2841 in
543 2792 607 2864 quo
631 2781 766 2862 gentem
790 2773 861 2844 eius
880 2781 1014 2866 superat
1030 2769 1122 2842 etde
1140 2769 1303 2844 Franchis
1323 2771 1416 2844 sub·
1446 2783 1447 2786 ’

272 2877 466 2958 merguntur
475 2868 574 2940 multa
586 2867 983 2963 miliaatqueoccidunturq
995 2866 1417 2964 multiquebaronescand-

271 2963 928 3060 unturinvigiliabeatilohannisbaptiste
940 2970 1020 3056 [iun.
1029 2964 1092 3054 23]
1102 2964 1342 3061 inquabellum
1355 2973 1417 3039 iu-
1446 3025 1447 3064 ss

148 3095 153 3104 ·
272 3064 386 3155 cipitur
397 3063 1020 3158 etusqueincrastinumprotendimnet
1030 3085 1093 3134 rex
1103 3063 1228 3154 Anglie
1239 3065 1447 3138 vulnera-¹

270 3163 589 3232 turctviotortamen
597 3159 1040 3256 gloriosetriumphatcontra
1049 3172 1183 3252 gentem
1191 3161 1418 3252 regisFran·
1446 3163 1447 3256 3

272 3255 415 3328 chorum.
426 3256 469 3328 Et
482 3255 523 3326 de
536 3258 696 3352 triumpho
704 3260 758 3330 illo
767 3263 929 3332 transiens
942 3279 1016 3330 cum
1027 3256 1171 3331 subsidio
1182 3257 1418 3334 Flandreusi-
1446 3263 1447 3286 ¹

270 3376 338 3444 umq
351 3352 645 3426 ducisBrawancie
659 3360 823 3429 etoomitis
830 3356 1020 3428 Hannonis4
1031 3367 1063 3426 et
1069 3357 1248 3450 aliquorum
1256 3357 1418 3432 Alama-

269 3472 387 3523 norum
398 3455 562 3524 civitatem
572 3453 829 3542 Tomacensema
847 3477 943 3548 quam
953 3477 1016 3526 rex
1025 3452 1226 3526 Francorum
1236 3453 1419 3550 Philippus

270 3545 422 3639 habehat,
440 3548 579 3639 obsedit
596 3549 721 3624 habens
740 3554 772 3623 in
790 3574 851 3625 suo
863 3555 1010 3622 exercitu
1022 3549 1339 3644 ccomiliapeditum
1353 3577 1419 3626 ar-

270 3657 431 3718 matorum
448 3657 482 3734 et
496 3651 543 3720 xii
559 3649 646 3720 milia
664 3653 806 3742 equitum
824 3651 1037 3740 galeatorum.
1056 3649 1133 3720 Rex
1150 3671 1232 3719 vero
1248 3647 1419 3723 Franoo-
1446 3691 1447 3696 =

270 3765 343 3816 rum
360 3741 499 3816 habehat
508 3767 557 3818 xx
567 3747 653 3816 milia
665 3751 808 3842 equitum
819 3758 852 3818 et
863 3757 993 3817 centum
1003 3769 1052 3818 xx
1063 3748 1149 3817 milia
1161 3745 1309 3838 peditum
1320 3745 1420 3820 bene

270 3852 482 3932 armatorum7
501 3865 638 3938 quorum
655 3855 781 3938 partem
798 3848 884 3916 misit
900 3848 933 3916 in
951 3841 1156 3916 Tornaehum
1173 3853 1208 3939 ut
1224 3865 1304 3914 eam
1324 3869 1420 3917 cus-

269 3937 421 4029 todirent,
445 3963 519 4012 cum
541 3940 674 4035 reliquis
693 3936 776 4013 nero
794 3963 893 4037 supra
909 3945 1012 4035 ripam
1029 3942 1170 4012 fluminis
1188 3940 1421 4034 quodvocn-

269 4045 322 4108 tur
421 4039 433 4082 ⁵
452 4041 589 4132 positus,
606 4037 728 4110 bellum
745 4049 929 4134 campestre
939 4062 1007 4111 non
1025 4033 1168 4112 audens⁶
1184 4037 1321 4130 ingredi
1334 4065 1420 4112 cum
1446 4077 1447 4084 κ

306 4181 335 4250 1)
354 4181 472 4255 Phiiippo
492 4187 570 4243 solite
590 4203 619 4242 es
634 4187 751 4243 ineissen.
770 4186 800 4256 2)
820 4187 881 4243 dum
900 4187 940 4243 hs
961 4187 991 4255 3)
1010 4185 1103 4242 misit?
1138 4185 1169 4255 4)
1188 4185 1348 4244 Hunnowie
1375 4191 1421 4246 he.

270 4255 300 4324 5)
319 4253 390 4309 icere
409 4255 484 4310 stelle
503 4259 530 4315 in
549 4258 597 4314 der
614 4260 656 4314 hs.
691 4260 722 4328 6)
741 4259 851 4316 audiens
865 4259 906 4314 hs.
1446 4301 1447 4304 η
