2904 4822
251 185 301 258 40
580 176 756 246 numurus
775 178 819 237 aa
832 175 1095 238 russanuovun

171 370 238 428 tete
252 358 397 451 „nistros
413 352 551 428 idoneos
569 355 622 449 qui
638 351 738 426 lidam
754 349 946 424 oadrolicam
960 353 995 422 in
1011 347 1166 424 anteana
1183 347 1246 424 sibi
1261 349 1387 442 linguis

252 466 312 548 „et
320 453 447 550 populis
458 452 596 524 feliciter
611 460 846 548 propagarunt,
863 471 924 544 per
939 471 1077 544 quoram
1086 452 1200 522 merita
1212 458 1247 519 et
1257 449 1387 522 sollici-

253 551 422 646 „tudinem
439 555 539 622 vinea
557 550 677 622 domini
693 547 836 621 Sabaoth
852 551 886 618 in
903 548 990 620 oultu
1006 558 1041 619 et
1055 547 1162 618 fructu
1178 544 1301 617 ibidem
1317 548 1387 618 mi-

253 650 368 744 „rilioe
384 647 582 720 fecundavit.
601 646 669 718 Sed
686 646 772 742 quod
789 645 965 717 dolendum
982 657 1034 718 est
1049 649 1152 738 ipsius
1175 647 1277 715 vinee
1300 666 1387 737 pro·

253 751 417 843 „pagines
434 744 679 838 degenerantur
695 751 727 818 in
744 743 927 833 labruscas„
945 755 978 815 et
994 747 1213 816 exterminant
1228 763 1306 814 eam
1316 745 1387 836 apri

253 845 320 937 „de
332 845 435 936 silva„
454 844 706 939 singularesque
723 843 784 914 seri
802 841 982 935 depasount
999 841 1148 912 eandem.
1166 838 1255 911 Dum
1270 843 1387 934 impo-

253 945 413 1036 „sitiones
437 950 472 1011 et
493 943 702 1037 provisiones
727 940 817 1014 sedis
836 939 1027 1033 apostolioe„
1051 961 1114 1032 que
1131 938 1227 1010 solito
1244 941 1387 1029 gravius
1442 987 1443 990 =

254 1038 498 1132 „invalescunt
515 1041 618 1133 ipsius
636 1040 800 1132 peoulium
817 1048 929 1110 oontra
946 1040 1033 1131 piam
1050 1035 1253 1108 voluntatem
1271 1045 1306 1106 et
1323 1057 1387 1106 or-

252 1136 675 1230 „dinationamdonatorum
685 1157 802 1207 manus
810 1145 971 1229 occupant
980 1133 1189 1226 indignorum
1200 1141 1233 1204 et
1242 1155 1387 1226 preser-

253 1238 333 1328 „tim
350 1243 595 1324 extraneorum„
614 1237 729 1306 eteius
740 1233 915 1325 dignitates
927 1243 961 1303 et
975 1229 1135 1304 beneficia
1146 1233 1281 1324 pinguia
1300 1253 1387 1325 per-

253 1333 368 1424 „sonis
393 1329 605 1402 oonleruntur
628 1329 837 1424 alienigenis
866 1329 1057 1424 plerumque
1086 1327 1180 1400 nobis
1206 1333 1386 1423 suspende„
1442 1371 1443 1410 3

253 1430 330 1525 „qui
348 1451 414 1499 non
430 1428 627 1501 residentia
645 1429 737 1501 dietis
753 1427 936 1516 benefieiis„
954 1437 987 1498 et
1003 1427 1114 1502 vultus
1133 1429 1388 1499 oomndssorum

253 1529 327 1620 „eis
350 1545 508 1620 pecorum
531 1547 597 1598 non
621 1537 818 1618 agnoscunt„
841 1526 988 1618 linguam
1009 1547 1077 1596 non
1100 1523 1299 1615 intelligunt„
1324 1523 1388 1596 sed

253 1626 459 1718 „ammarum
483 1645 561 1696 eura
578 1624 732 1716 negleota
749 1625 842 1695 velut
858 1625 1053 1694 meroenan'i
1069 1620 1276 1694 solummodo
1293 1632 1387 1693 tem·
1442 1671 1443 1678 κ

253 1721 500 1816 „poralialuora
512 1732 660 1816 querunt.
678 1721 721 1792 Et
732 1723 780 1794 sio
789 1720 974 1792 diminuitur
985 1719 1104 1792 Christi
1114 1719 1233 1807 oultus„
1251 1721 1388 1790 anima-

253 1843 349 1912 „rum
358 1843 436 1891 eura
451 1819 643 1911 negligitur„
652 1817 848 1892 subtrahitur
857 1817 1072 1912 hospitalitas„
1086 1816 1304 1890 eoolesiarum
1315 1820 1387 1888 iura
1442 1901 1443 1906 η

252 1926 427 2012 „pereunt
444 1926 543 1988 ruunt
558 1917 685 1990 edilioia
696 1917 901 2004 elericorum„
918 1925 1103 1986 attenuatur
1112 1914 1222 2008 populi
1233 1913 1387 1986 devocio.
1442 1963 1443 1986 2

252 2013 395 2106 „Clerioi
406 2011 480 2084 dieti
490 2017 599 2106 regni„
617 2017 680 2085 viri
690 2036 812 2106 magne
823 2013 989 2084 literature
1001 2023 1033 2084 et
1044 2015 1308 2084 conversationis
1319 2009 1387 2083 ho-
1442 2083 1443 2090 ,

251 2120 384 2204 „neste„
401 2113 455 2205 qui
472 2134 584 2182 auram
602 2121 635 2183 et
644 2114 796 2202 regimen
807 2113 987 2181 enimenim
997 2119 1135 2204 possent
1150 2107 1192 2180 ibi
1211 2106 1389 2182 salubriter

252 2231 453 2304 „peragere
472 2217 505 2279 et
520 2207 627 2280 forent
643 2211 834 2303 prorostris
852 2205 1031 2302 etpubliois
1043 2207 1186 2278 oonsiliis
1197 2211 1387 2301 opportrmi„
1442 2205 1443 2292 ᾗ

252 2304 417 2398 „studium
430 2303 588 2378 deserunt
603 2307 958 2401 propter'promotionis
970 2326 1117 2396 congrue
1129 2327 1225 2400 spem
1243 2301 1386 2375 ablatam
1442 2377 1443 2388 ἶ

252 2426 339 2498 „que
358 2403 468 2476 divine
487 2407 608 2476 seimus
625 2426 692 2474 non
711 2425 789 2476 essa
807 2402 923 2496 plaoita
941 2403 1116 2488 voluntati3
1140 2405 1217 2497 quin
1233 2405 1336 2472 immo
1354 2405 1386 2472 in
1442 2443 1443 2454 κ

251 2523 383 2594 „grava
400 2510 549 2572 nostrum
566 2509 600 2571 et
615 2499 759 2572 fidelium
769 2511 954 2572 nostrorum
966 2498 1345 2594 versaturpreiudioium
1355 2510 1388 2570 et
1442 2591 1443 2594 Ἴ

252 2595 491 2690 „inestimabile
515 2597 708 2692 perieulum„
731 2602 795 2671 nisi
819 2621 919 2693 super
941 2597 1005 2670 hoo
1027 2600 1127 2670 eioius
1151 2607 1185 2668 et
1201 2597 1385 2670 oonsultius
1442 2685 1443 2688 Ἴ

251 2717 467 2788 „caveamus
487 2693 640 2768 Nomius
657 2705 847 2790 patronatus
864 2693 950 2791 quod
967 2718 1029 2769 nos
1047 2705 1080 2766 et
1096 2693 1213 2767 fideles
1230 2697 1336 2766 nostri
1354 2697 1386 2765 in

250 2789 390 2886 „talibus
414 2790 596 2864 obtinemus
613 2791 781 2866 benefieiis
800 2803 995 2880 enervatur3
1018 2797 1107 2865 ouria
1125 2801 1251 2881 nostra„
1268 2796 1304 2864 in
1322 2813 1385 2886 qua
1442 2783 1443 2848 Ϊ

251 2889 444 2982 „dumtaxat
460 2913 562 2964 cause
580 2913 681 2985 super
697 2895 768 2962 iure
779 2901 968 2985 patronatus
980 2890 1137 2964 dictorum
1147 2888 1386 2960 beneficiorum

250 2989 404 3081 „traotari
422 2986 553 3078 debent„
570 2987 750 3074 deluditur3
767 2999 801 3059 et
817 2991 944 3060 siolura
956 3010 1078 3060 eorone
1088 2997 1201 3062 nostre
1211 2991 1309 3078 regie
1319 2998 1386 3058 tam

251 3084 434 3182 „probrose
458 3109 555 3182 quam
578 3085 758 3180 dampnose
782 3085 964 3180 depereunt
987 3096 1020 3157 et
1034 3087 1131 3178 regni
1147 3084 1325 3156 thesaurus
1344 3083 1386 3154 ad
1442 3101 1443 3156 t

250 3194 467 3276 „extraneos7
484 3205 528 3254 ne
545 3182 690 3255 dicamus
708 3193 839 3256 nostros
856 3183 1042 3272 malivolos„
1060 3193 1256 3276 asportatur„
1275 3179 1386 3253 subtili
1442 3199 1443 3278 f

250 3282 411 3374 „forsitan
422 3284 620 3371 coniectura„
638 3291 672 3352 ut
682 3284 779 3374 regni
790 3280 951 3375 depresso
965 3280 1161 3370 sacerdotio„
1179 3284 1296 3352 eteius
1314 3303 1385 3353 ex·
1442 3319 1443 3382 3

251 3378 391 3470 „hausto
408 3377 576 3469 thesemo„
594 3378 749 3450 reddatur
764 3401 907 3470 regnum
924 3376 1060 3452 debilius
1078 3380 1111 3448 in
1128 3378 1293 3450 adversis.
1312 3378 1385 3466 Que
1442 3395 1443 3446 4

249 3477 405 3568 „singula
423 3485 456 3546 et
473 3475 535 3548 alia
547 3499 610 3571 que
622 3499 667 3549 ex
676 3479 845 3570 premissis
863 3474 1232 3569 seeuntprinoommoda
1251 3475 1386 3547 fuerumt
1442 3481 1443 3518 l

249 3597 381 3668 „nuper
398 3595 508 3644 eoram
525 3572 619 3646 nobis
637 3578 670 3644 in
688 3574 891 3668 parlamento
907 3583 1020 3646 nostro
1038 3573 1189 3665 generali
1206 3594 1268 3666 per
1285 3595 1384 3644 oom-
1442 3575 1443 3620 ³

250 3674 497 3764 „munitatatem
514 3669 588 3742 dieti
606 3675 702 3764 regni
719 3671 828 3766 palam
845 3674 1008 3766 exposita„
1025 3673 1170 3742 unanimi
1186 3680 1221 3740 et
1237 3668 1383 3742 ferventi
1442 3675 1443 3678 ’

249 3771 435 3866 „peticione
446 3766 628 3857 subiuncta„
638 3779 674 3840 ut
684 3768 835 3864 predictis
848 3766 1038 3864 dispendiiS„
1057 3790 1121 3862 que
1131 3767 1215 3838 dicte
1226 3789 1384 3839 eommu-
1442 3765 1443 3796 ³

249 3871 375 3959 „nitati
389 3865 544 3938 videntur
560 3863 797 3955 intollerabilia„
821 3867 973 3938 celeriter
989 3887 1210 3938 oeourramus.
1229 3863 1302 3936 Nos
1316 3877 1383 3938 du-

249 3977 339 4056 „tem
356 3963 545 4056 Angh'oane
563 3962 814 4060 depressionem
832 3962 988 4055 eoalesie„
1007 3961 1302 4034 exheredationem
1319 3985 1382 4034 co-
1442 4033 1443 4036 ,

248 4085 354 4154 „rone
370 4064 479 4153 regie„
497 4085 537 4134 ao
553 4063 639 4135 mala
655 4061 799 4158 prediola
817 4084 881 4156 que
899 4059 1132 4136 dissimulanda
1145 4059 1265 4132 diubus
1283 4059 1381 4134 addi-
1442 4139 1443 4144 ,

286 4190 315 4264 l)
335 4190 503 4248 oommentati
521 4191 562 4254 hs.
