2960 4832
358 277 869 340 immmensosmassennovan.
1114 274 1184 350 113

62 475 104 544 lte
113 477 346 562 exstirpatione
353 477 536 562 predonum
550 476 583 542 in
592 475 726 542 Boeotio
740 481 772 541 ct
787 473 926 558 protom
938 473 1010 540 otto
1020 469 1074 538 lic
1083 487 1184 558 repc-

149 578 290 642 mater.

102 705 282 800 Imperator
306 725 389 778 vero
407 705 548 776 Karalus
568 701 709 776 'inanens
728 706 759 773 in
776 701 934 773 Bohemia
958 701 1077 776 striduit
1100 724 1184 794 pre·
1205 719 1270 776 taes

62 805 153 876 dones
178 806 384 897 enstirparcq
413 825 549 896 quorum
577 803 696 873 multos
723 800 837 872 occidit
861 811 895 870 ct
922 800 963 870 dc
990 819 1096 892 regno
1124 821 1184 874 suo

63 903 185 994 legavit.
211 901 303 972 Misit
320 905 418 970 etiam
436 899 607 971 Albertum
631 902 781 970 comitem
802 898 844 968 dc
862 895 1083 990 magdeburg„
1107 921 1185 968 ma-

63 1003 187 1090 giarum
204 1003 298 1070 curie
316 1021 390 1086 suc,
414 1003 445 1070 in
463 994 737 1090 langobardiam„
762 1007 795 1066 et
813 995 885 1068 illos
902 995 1094 1089 pacificavit.
1123 994 1185 1082 Qui

64 1119 209 1170 reversus
234 1097 295 1167 iait
320 1095 516 1168 Constancie
540 1099 584 1165 vi.
608 1092 681 1166 idus
704 1094 769 1166 iulii
792 1093 862 1184 [iul.
882 1093 960 1182 101„
978 1093 1128 1166 referens
1148 1114 1186 1164 se

64 1216 165 1286 pacem
188 1199 221 1264 in
245 1191 475 1286 Longobardia
499 1193 632 1264 iecisse.
660 1190 732 1264 Nec
754 1191 852 1262 alium
876 1200 983 1263 actum
1011 1189 1186 1263 notabilem

67 1291 150 1362 dicto¹
169 1315 255 1362 anno
274 1292 354 1363 lviii.
374 1313 478 1384 usque
501 1312 560 1382 per
583 1299 684 1360 totum
708 1311 859 1360 mensam
875 1290 941 1360 iulii
959 1289 1069 1360 audivi
1086 1286 1126 1358 ab
1145 1311 1187 1358 eo

68 1387 134 1459 ficri.
231 1388 302 1459 Sed
320 1393 353 1459 in
371 1391 457 1458 iunio
475 1387 543 1458 dux
561 1389 695 1458 Austrie
713 1384 863 1458 dominus
875 1383 1032 1460 Albcrtus
1050 1385 1187 1459 deditio

72 1509 195 1558 uxorem
206 1487 306 1558 liliam
326 1509 419 1558 suam
431 1485 495 1555 lilio
513 1481 784 1574 tucissscwcac
802 1487 853 1578 qui
873 1495 943 1555 crat
959 1487 1062 1555 eciam
1074 1505 1186 1556 comes

68 1581 211 1676 lhpclis.
230 1583 274 1655 Et
291 1586 409 1679 nupcie
428 1583 492 1656 lrlie
513 1605 574 1656 suc
599 1592 674 1654 sunt
697 1577 862 1655 celebrate
883 1586 914 1654 in
935 1585 1067 1654 civitate
1085 1581 1187 1654 Pata-

71 1702 171 1752 ncnsr.

74 1867 112 1936 lic
131 1879 227 1942 morte
251 1871 419 1958 mandam
437 1871 560 1940 Attente·
583 1873 677 1940 tamt
694 1873 822 1940 Armate
845 1872 944 1941 Stiria
965 1877 997 1940 ct
1017 1869 1187 1940 Karictlic

153 1978 183 2039 ct
196 1973 296 2040 ctiam
314 1971 355 2039 dc
373 1971 534 2038 commoni
546 1971 741 2056 pestilencia
758 1969 886 2038 Sweot'a.
962 2025 964 2030 .

114 2099 221 2174 llensc
232 2101 301 2173 iulii
310 2123 370 2173 xv.
377 2099 441 2172 kal.
454 2103 585 2192 augusti
599 2101 669 2192 [iul.
679 2099 741 2190 18]
755 2123 841 2172 anno
852 2100 973 2172 domini
985 2103 1186 2174 mccclvii.

75 2194 136 2267 obiit
150 2197 297 2273 dominus
309 2196 468 2271 Albanius
486 2196 553 2270 dux
570 2199 706 2270 Austrie
717 2197 815 2269 Stirie
833 2211 866 2278 ct
882 2198 1063 2289 Kremnia
1081 2200 1188 2271 relin-

77 2316 161 2385 quens
172 2307 292 2392 postse
304 2305 443 2392 quanmr
459 2295 558 2367 filios:
575 2295 764 2386 Rudoliam,
781 2295 994 2388 Fm'dericnm„
1011 2296 1191 2390 Litpoldum
1279 2337 1283 2344 ·

77 2401 101 2459 et
116 2392 289 2484 Alteram,
316 2405 349 2466 et
367 2392 448 2466 duas
466 2391 559 2466 filias.
585 2395 725 2488 Sapiens
751 2405 785 2465 et
806 2393 960 2488 pacificus
984 2396 1136 2564 Princeps
1159 2407 1192 2466 et

80 2491 133 2560 scis
144 2490 431 2565 inimicisterribilis
443 2501 476 2561 et
486 2495 554 2564 suis
565 2495 736 2564 assistens.
781 2493 977 2580 Quomense
1011 2495 1190 2576 anicienses

80 2596 105 2654 et
123 2587 168 2658 alii
186 2587 403 2682 Francigeni,
431 2589 607 2683 populares
631 2599 758 2680 tamenq
786 2587 913 2662 nobiles
938 2593 1011 2683 regi
1036 2589 1190 2662 faventes

82 2684 256 2778 tenderunt„
275 2699 442 2778 etmagna
454 2685 512 2756 luit
528 2684 569 2759 ibi
581 2685 751 2758 tribulatio.
812 2687 884 2774 Quo
902 2691 1007 2760 eciam
1024 2710 1139 2761 mense
1158 2699 1192 2760 et

82 2783 306 2870 precedentibus
333 2783 509 2856 mortalitas
527 2787 632 2876 vigrrit
649 2787 681 2855 in
699 2785 836 2878 dyocesi
855 2785 1022 2857 Constant.
1048 2789 1191 2860 maxime

84 2879 151 2949 circa
165 2879 347 2956 Danubium
364 2885 395 2952 in
414 2881 509 2953 lllma
534 2894 567 2953 et
589 2881 754 2977 usquead
775 2884 882 2955 lacum
900 2887 931 2954 in
951 2881 1139 2957 Constantia
1158 2894 1192 2953 et

84 2973 139 3044 aliis
152 2977 226 3054 locis
244 2985 366 3054 circum
384 2975 573 3052 iacentibus.
591 2977 633 3050 m
650 2979 780 3053 duravit
797 2981 837 3051 ad
856 3004 977 3054 annum
994 2982 1049 3055 lix.
1069 2993 1102 3052 et
1115 2991 1209 3051 tuno·

86 3075 152 3163 cepit
166 3099 305 3150 cessare.
325 3077 393 3149 Sed
411 3101 429 3146 a
448 3075 533 3150 lesto
551 3080 654 3150 sancti
670 3075 778 3150 lacobi
796 3101 902 3174 usque
920 3075 961 3150 ad
976 3101 1096 3150 annum
1108 3101 1192 3172 pre-

87 3171 213 3263 scriptam
224 3178 455 3272 quinquaginta
474 3185 543 3247 eex'
555 3175 701 3248 scolares
718 3179 751 3246 in
764 3175 959 3249 Constancia
971 3179 1087 3247 mortui
1106 3185 1190 3248 sunt.

90 3259 227 3344 litomnes
238 3273 421 3346 habuerunt
432 3275 634 3366 apostemata
647 3276 698 3368 qui
709 3273 762 3344 illa
774 3273 964 3367 pestilencia
976 3273 1194 3347 decesserunt

90 3368 209 3458 exceptis
222 3373 437 3465 paucissimis.
537 3369 693 3464 Etlm‘gus
711 3374 830 3465 incepit
846 3376 879 3442 in
897 3374 1010 3464 vigilia
1068 3379 1070 3384 ’
1178 3378 1193 3418 ²

92 3464 148 3529 anni
162 3463 211 3536 lix.
229 3479 261 3540 et
276 3468 408 3541 duravit
425 3490 530 3562 usque
552 3467 594 3540 ad
616 3467 882 3564 purificationem.
901 3469 943 3542 Et
960 3469 1117 3566 deinceps
1135 3471 1194 3542 luit

92 3561 193 3650 tempus
208 3561 325 3637 bonum
343 3576 376 3636 et
392 3575 617 3661 temperatum.
636 3565 678 3637 Et
694 3588 755 3661 per
771 3577 873 3637 totum
890 3572 1038 3640 martium
1056 3591 1120 3640 nec
1136 3571 1195 3642 nix

95 3655 248 3751 accingas
265 3661 400 3735 narsei
418 3662 504 3736 hene
522 3686 596 3735 oum
615 3668 791 3737 serenitate
809 3666 930 3760 incepit
947 3677 979 3736 et
997 3666 1194 3762 compluvia

94 3750 193 3857 podica
214 3769 246 3830 ct
270 3771 450 3856 temperata
478 3765 511 3832 in
534 3761 600 3832 fine
621 3765 745 3834 mensis
764 3761 875 3835 linivit.
904 3762 946 3833 Et
970 3767 1041 3835 eius
1064 3764 1194 3835 lanacio

98 3853 189 3956 tocepit
202 3858 273 3929 xiiii.
291 3881 431 3930 numero
445 3863 534 3930 aurei
553 3861 679 3930 numeri
698 3858 879 3931 secundam
890 3883 1007 3932 veram
1019 3869 1194 3953 computa-

46 3995 47 3998 ,
98 3947 191 4020 torem
201 3975 258 4048 que
269 3954 434 4029 servanda
446 3965 510 4046 cst
527 3955 679 4048 necfallit
695 3955 816 4046 nisiad
827 3980 949 4052 paucas
961 3956 1058 4030 horas
1070 3979 1195 4052 prece-

46 4023 48 4072 *
100 4033 254 4150 denisdiei.
271 4056 371 4126 Anno
382 4065 491 4124 autem
502 4053 547 4126 lx.
560 4057 688 4128 eritxv.
706 4051 748 4125 Et
759 4057 993 4127 sicascensive
1005 4053 1196 4128 atdescen-

48 4159 49 4192 ÷
101 4151 156 4207 scre
170 4141 325 4247 deinceps„
344 4161 376 4222 et
392 4149 612 4246 incipiendum
629 4162 680 4226 est
697 4156 729 4224 in
746 4155 902 4226 ianuario.

132 4264 673 4352 tmmmmmmmm

141 4355 254 4409 nonenim
267 4373 375 4414 ronnas
389 4373 410 4411 4.
778 4361 781 4368 ’
966 4376 984 4428 g
