3012 4820
270 243 343 318 598
503 217 507 224 ’
664 241 828 300 nicomas
846 237 1010 298 mnomra.

187 427 258 488 1538
271 419 397 515 imperii
415 429 448 490 et
464 411 664 512 prelatorum
681 427 714 487 et
731 419 910 510 principum
927 409 1106 486 electomm
1129 417 1257 507 imperii
1281 425 1317 484 et
1339 413 1403 486 uli-

272 540 365 590 orum
393 519 572 610 principum
606 539 646 586 ac
675 514 819 586 fidelium
854 515 979 608 imperii
1007 523 1041 582 et
1067 522 1181 583 contra
1208 514 1261 582 ius
1289 511 1405 604 prelati

272 616 392 687 domini
410 612 566 686 Ludovici
583 615 788 707 imperatoris
804 612 942 702 legitimi
958 619 993 681 et
1003 607 1145 682 fidelium
1158 611 1264 704 ipsius
1281 632 1325 680 ac
1340 613 1406 679 im-

271 716 352 808 perii
371 711 491 784 foetum
510 721 568 783 est
578 733 639 805 per
655 710 820 781 dominum
837 707 1017 780 iohannem
1033 709 1113 779 xxii.
1131 707 1176 778 'et
1189 705 1406 779 Benedictum

270 813 327 907 xii.
346 809 575 903 multipliciter,
592 818 688 902 prout
704 807 840 882 inferius
855 809 1051 904 continetur.

319 928 428 998 Primo
446 927 532 996 enim
549 923 633 996 iacta
652 933 728 996 suut
743 922 947 1016 infrascripta
965 929 1096 1010 sutum,
1114 923 1143 993 si
1166 923 1217 993 sic
1240 918 1304 992 diei
1323 943 1407 1016 pos-

271 1034 359 1114 sunt
376 1033 411 1094 ut
428 1021 589 1117 quoddam
607 1031 760 1094 statutum
779 1023 807 1093 si
824 1029 978 1093 statutum
988 1015 1051 1091 dici
1060 1028 1182 1114 potest,
1199 1017 1288 1114 quod
1307 1021 1404 1112 posi-

272 1134 340 1197 tum
359 1124 427 1212 [est
444 1122 519 1214 per]
539 1117 705 1191 dominum
721 1116 901 1190 iohannem
916 1119 997 1220 xxii
1025 1120 1059 1188 in
1082 1115 1185 1206 libro,
1212 1119 1267 1211 qui
1293 1115 1409 1188 dicitur

273 1222 457 1314 septimus„¹
479 1215 540 1290 sub
557 1217 648 1289 titulo
664 1215 717 1288 De
733 1220 805 1288 iure
821 1213 982 1305 tumulo,
1044 1213 1086 1286 od
1103 1223 1258 1288 statutum
1278 1217 1407 1308 incipit:

274 1321 414 1391 Romani
437 1319 620 1406 pnncipcc
644 1317 723 1386 item
748 1311 909 1408 quoddam
935 1313 999 1384 aliu
1039 1321 1206 1402 sutumm,
1233 1316 1263 1384 si
1280 1311 1407 1384 sicilici

274 1425 395 1512 potest,
411 1417 551 1509 positum
568 1416 601 1484 iu
620 1411 738 1483 eodem
755 1410 837 1483 libro
855 1413 910 1483 vii.
930 1408 991 1483 sub
1009 1409 1099 1482 tinulo
1115 1407 1169 1480 De
1186 1413 1361 1481 sentencia
1378 1419 1408 1480 et

273 1537 323 1587 re.
341 1512 416 1584 iudi.
433 1509 521 1607 quod
536 1513 645 1605 incipit
662 1512 843 1580 Posterolie
859 1528 959 1598 ooro;
983 1530 1044 1603 per
1061 1529 1124 1601 que
1145 1517 1279 1597 sutura,
1297 1529 1408 1602 ymmo

275 1615 388 1686 verius
413 1609 584 1697 resumta,
608 1606 752 1702 predicta
780 1611 869 1695 ima,
897 1602 1151 1678 consuetudines
1176 1627 1216 1676 ao
1239 1603 1407 1678 libertates

274 1710 405 1802 imperii·
419 1717 453 1777 et
468 1706 667 1800 prelatorum
684 1729 724 1776 nc
733 1707 923 1799 principum
940 1705 1120 1777 electorum
1142 1705 1270 1797 imperii
1292 1713 1329 1773 et
1343 1705 1408 1774 im-

275 1807 407 1902 perialis
425 1803 590 1896 dignitatis
601 1805 844 1898 preeminencie
864 1825 905 1873 oc
922 1811 1069 1895 potestas
1086 1811 1119 1873 et
1135 1804 1315 1874 auotoritas
1327 1798 1408 1873 sub-

275 1913 449 1975 vertuntur
466 1911 499 1972 et
516 1899 726 1973 destruuntur
736 1899 781 1971 da
795 1899 894 1987 lactc,
906 1903 989 1971 siout
1000 1921 1046 1972 ox
1058 1902 1205 1993 ipsorum
1216 1907 1408 1971 statutorum
1482 1975 1483 1984 ἵ

275 2003 480 2094 inspectione
498 1998 660 2089 colligitur
677 1996 859 2068 evidenter.
891 1995 934 2068 Et
950 2018 1010 2090 per
1027 1999 1089 2068 ista
1107 2005 1225 2068 sumta
1241 2016 1330 2090 papa
1350 1993 1406 2066 sibi

231 2178 233 2182 .
276 2096 319 2168 de
336 2097 422 2168 iacto
438 2105 576 2190 usurpat
592 2098 815 2166 auctoritatem
833 2103 866 2166 et
883 2093 1138 2166 iurisdictionem
1161 2095 1195 2164 in
1212 2093 1409 2187 temperali-
1482 2105 1483 2172 ξ

276 2193 338 2267 bus
356 2203 390 2265 et
406 2214 507 2288 super
523 2203 624 2265 toturn
644 2195 814 2285 imperium
831 2201 944 2262 contra
962 2189 1072 2263 divina
1100 2201 1134 2263 et
1157 2201 1270 2262 contra
1296 2211 1410 2263 sacms

276 2313 423 2364 canones
441 2302 474 2363 et
491 2301 678 2378 sauctorum
696 2299 828 2386 patrum
839 2287 972 2360 decreta
986 2297 1019 2360 et
1044 2286 1259 2360 diffiniciones
1276 2291 1362 2360 siout
1379 2290 1410 2356 in
1482 2271 1483 2359 l

277 2391 446 2483 sentencia
462 2389 527 2460 late
545 2411 606 2482 per
622 2384 788 2459 dominum
804 2385 1006 2458 Ludovicum
1029 2409 1081 2458 run
1100 2387 1327 2460 Romanorum
1344 2390 1410 2457 inr-

276 2497 476 2582 peratorem,
494 2507 558 2579 que
574 2487 684 2580 incipit
701 2487 884 2556 todoctao
901 2493 1045 2573 pourton,
1073 2486 1225 2578 superius
1249 2494 1305 2556 est
1329 2505 1410 2578 pro-

277 2583 387 2656 batum
405 2593 439 2654 et
456 2587 538 2656 sicut
555 2585 659 2654 eciam
677 2580 833 2676 probatur
849 2586 882 2652 in
900 2577 1110 2676 processibus
1137 2591 1171 2652 et
1188 2583 1413 2673 allegucioni-

277 2681 339 2756 bus
357 2692 391 2753 et
402 2679 600 2770 recentius,
611 2679 704 2752 iactis
717 2701 778 2774 per
786 2678 873 2751 boue
883 2681 1042 2750 memorie
1052 2679 1217 2756 dominum
1231 2679 1412 2752 Henricum

276 2779 500 2852 Romanorum
519 2781 749 2873 imperatorem
767 2787 880 2849 contra
904 2777 989 2849 dicta
1017 2787 1154 2866 statutaq
1180 2785 1215 2849 et
1237 2781 1347 2848 eciam
1371 2799 1414 2849 ex

276 2879 349 2950 eliis
368 2877 476 2948 multis
499 2874 684 2947 nacionibus
708 2885 741 2946 et
763 2874 905 2964 iuribus,
940 2898 1003 2969 que
1027 2873 1235 2968 presentibus
1259 2879 1413 2948 inserere

276 2977 373 3046 nimis
390 2974 478 3046 foret·
491 2974 663 3066 prolixum.
689 2972 762 3059 Qua
779 2970 909 3067 quidem
927 2983 1058 3062 statuto,
1076 2976 1104 3045 si
1122 2975 1171 3046 sic
1187 2971 1248 3044 dici
1260 2983 1413 3067 possunt

275 3072 355 3144 licet
370 3072 502 3144 iuerunt
527 3074 632 3166 primo
666 3071 836 3163 compilata
868 3093 929 3164 per
952 3069 1118 3142 dominum
1142 3070 1358 3164 clementem,
1379 3093 1412 3142 v.
1481 3143 1482 3146 ,

275 3179 425 3264 tempore
442 3170 717 3261 congregacionis
735 3169 933 3261 prelatorum
956 3167 1058 3240 lncte²
1075 3172 1108 3240 iu
1126 3169 1277 3260 Vienna,
1302 3179 1412 3240 tameo
1481 3165 1482 3256 ᾗ

276 3267 408 3338 luerunt
435 3289 599 3362 suspensa
626 3287 687 3359 per
712 3264 877 3338 dominum
907 3265 1112 3339 Clementem
1136 3289 1200 3338 uno
1235 3289 1312 3338 cum
1341 3269 1412 3339 eliis

276 3367 404 3438 statutis
421 3367 603 3458 peripsum
622 3374 700 3434 tunc
716 3365 909 3459 compilatis,
927 3367 1010 3436 sicut
1027 3363 1069 3435 de
1093 3367 1165 3458 ipsa
1189 3367 1413 3457 suspensione
1481 3359 1482 3408 l

276 3465 378 3558 patuit
394 3484 455 3555 per
470 3461 595 3534 litteras
606 3461 783 3555 peripsum
794 3460 960 3551 dominum
972 3461 1176 3534 Clementem
1195 3460 1304 3534 studio
1314 3463 1412 3534 Pari-

276 3561 379 3634 siensi
396 3562 607 3632 transmissas
626 3569 660 3630 et
683 3559 774 3652 [per]
807 3556 963 3631 mundum
989 3557 1119 3653 publice
1142 3558 1353 3652 divulgatus,
1380 3569 1413 3629 et

275 3656 482 3752 postmodum
511 3656 553 3729 de
580 3655 666 3729 iacto
694 3657 828 3728 luerunt
853 3679 915 3752 per
938 3655 1103 3728 dominum
1127 3656 1309 3729 Iohannem
1330 3660 1410 3729 xxii.

276 3753 452 3849 approbata
471 3764 504 3825 et
520 3751 709 3826 confirmata
727 3763 839 3825 contra
857 3757 927 3826 iure
946 3753 1056 3826 diviua
1074 3763 1108 3827 et
1130 3757 1309 3828 canonicas
1327 3777 1411 3826 sau-

275 3855 407 3941 niones,
427 3855 511 3924 sicut
527 3851 569 3921 de
586 3853 658 3945 ip'sa
675 3849 921 3945 approbacions·
940 3861 974 3922 et
991 3851 1244 3924 confirmacione
1261 3863 1351 3946 patet
1366 3874 1411 3922 ex

274 3947 457 4045 probemio,
485 3947 570 4044 quod
594 3953 666 4045 ipse
691 3948 1031 4028 dominus‘lobannes
1055 3949 1133 4024 iecit
1157 3943 1260 4046 super
1281 3950 1410 4037 librum,

275 4052 329 4144 qui
348 4051 404 4122 vii.
422 4049 616 4143 appellatur,
634 4057 668 4120 et
684 4069 730 4121 ex
746 4044 893 4143 pluribus
910 4049 996 4140 aliis,
1014 4071 1078 4144 que
1105 4051 1227 4144 inipso
1253 4048 1336 4122 libro
1353 4051 1408 4121 vii.

330 4249 359 4322 l)
378 4251 443 4308 tiber
462 4251 554 4309 diesen
574 4267 667 4309 namen
686 4251 739 4323 vgl.
758 4251 875 4330 Phillips,
893 4251 1085 4311 llircbeurecbt
1101 4253 1132 4327 4,
1149 4251 1210 4312 386.
1235 4253 1268 4326 2)
1283 4253 1353 4312 iacta
1366 4255 1406 4310 bs
1480 4337 1481 4340 Ἴ

1480 4343 1481 4384 t
