3012 4820
254 219 327 298 600
646 217 996 282 mootlustottottnl.

170 403 242 466 1338
255 411 289 474 et
319 397 426 470 eidem
453 407 572 472 statuto
599 409 632 470 et
658 401 763 490 gestis
793 401 965 476 statuentis
998 419 1039 470 ao
1066 401 1273 472 suooesson's
1303 397 1387 472 ttttua

255 495 421 596 probantis
437 500 626 584 assentitun
643 495 730 591 quod
747 494 842 585 absit,
861 499 1008 590 sequitur
1019 495 1205 584 maniieste,
1223 496 1312 590 quod
1324 519 1389 590 po-

255 607 359 671 testas
377 596 493 667 oollata
518 593 715 691 prinoipibus
733 593 931 665 Alamannia
949 593 1094 686 eligendi
1117 615 1235 686 regem
1258 595 1391 666 Roma-

255 717 372 768 norum
397 703 430 764 et
452 696 502 765 ius
529 702 563 764 el
585 701 731 786 potestas
754 693 930 785 imperialis
955 695 1091 764 evanuit
1112 701 1146 763 el
1161 693 1307 763 totaliter
1322 715 1391 764 ex·-

255 795 383 889 piravit.
429 790 513 862 Nam
541 809 615 861 oum
638 791 805 883 provincia
832 789 937 862 Ytalie
964 788 1211 884 eomprehendit
1234 789 1391 878 Romam,

256 914 320 987 que
349 899 401 962 est
430 899 525 982 eaput
553 887 677 978 latta,
705 885 936 982 Campaniam,
964 885 1209 976 Lombardiam,
1234 888 1391 959 Tusoiam

255 1001 290 1061 et
315 988 427 1083 plures
454 987 642 1080 provincias
669 1006 808 1056 numero
835 983 1091 1078 septemdecim,
1110 994 1206 1077 prout
1232 989 1393 1059 eoiamio

254 1085 337 1161 libro
361 1083 571 1157 consiliorum
592 1084 713 1174 legitur
736 1092 771 1154 et
792 1081 947 1174 habetur,
972 1086 1001 1156 si
1024 1084 1192 1177 provineia
1214 1081 1325 1155 Ytalie
1341 1095 1393 1158 est

256 1182 297 1255 ab
320 1185 457 1277 imperio
481 1191 514 1254 et
536 1202 642 1274 ragno
670 1179 868 1252 Alamannia
885 1181 1025 1252 totaliter
1047 1191 1200 1275 separata
1223 1191 1260 1252 et
1282 1181 1391 1254 divisa

256 1293 290 1354 et
305 1279 454 1367 liberata,
473 1289 566 1372 prout
584 1279 703 1350 dictum
721 1289 875 1351 statutum
892 1280 1014 1352 asserit
1029 1278 1253 1367 etdeaeernit,
1271 1283 1391 1374 sequi-

176 1377 178 1380 ’
256 1389 321 1467 tur,
339 1376 425 1472 quod
445 1377 592 1472 aliquisa
609 1387 757 1471 tempore
775 1375 848 1448 dioti
867 1380 974 1449 statuti
992 1379 1072 1448 eitra
1092 1375 1218 1450 eleetos
1233 1380 1311 1448 sive
1326 1379 1391 1450 eli-
1483 1435 1484 1458 t

257 1475 387 1570 gendos
405 1497 466 1568 per
482 1477 645 1569 principes
665 1474 841 1546 Alamanie
864 1497 930 1547 non
948 1476 1009 1546 erit
1025 1498 1089 1548 neo
1111 1474 1173 1546 diei
1202 1485 1316 1570 potest
1338 1488 1393 1548 out
1483 1471 1484 1518 ³

257 1575 388 1647 denseri
404 1595 569 1668 nunquam
587 1575 705 1666 poterit
720 1594 784 1644 rex
800 1573 1034 1645 Romanorum.
1084 1571 1166 1644 ltem
1194 1577 1295 1644 etiarn
1320 1577 1390 1670 ipse

257 1673 383 1744 electus
400 1673 435 1742 in
450 1691 567 1762 regem
585 1666 807 1742 Romaborum
825 1673 857 1741 in
869 1669 1006 1742 Francia
1025 1681 1059 1742 et
1074 1673 1109 1742 io
1121 1673 1318 1764 provintiis,
1329 1695 1391 1766 que
1483 1701 1484 1781 p

257 1767 318 1843 aab
336 1769 473 1841 Francia
491 1767 689 1858 detinentur,
707 1769 830 1840 nullam
847 1764 978 1840 habebit
995 1768 1176 1842 seeundum
1187 1771 1298 1862 ipsum
1316 1779 1389 1842 sta·
1483 1783 1484 1836 t

255 1877 359 1940 marm
376 1869 506 1960 pertibus
523 1875 719 1959 potestatem
736 1888 800 1936 nee
815 1869 1053 1955 auotoritatem
1071 1869 1163 1938 etsie
1175 1867 1249 1938 talis
1263 1867 1389 1938 eleetos

256 1967 318 2036 erit
342 1967 414 2036 sine
436 1984 562 2054 regno„
590 1973 624 2034 et
652 1965 776 2036 situlis
805 1965 1390 2054 coronetur‚e1·itetatuaooronato
1483 2035 1484 2040 ,

255 2061 381 2133 nullum
398 2057 524 2132 habens
541 2063 694 2150 regimen
710 2083 819 2154 neque
835 2082 987 2152 reguum.
1023 2061 1078 2132 Ex
1094 2060 1179 2133 dieto
1197 2071 1338 2151 statuto,
1364 2066 1390 2134 si

232 2186 234 2190 ·
255 2167 399 2249 tanatum
415 2156 501 2252 quod
521 2156 617 2246 absit,
635 2161 781 2252 sequitur
799 2158 975 2231 manifeste
996 2158 1113 2230 eadem
1130 2161 1286 2248 rarione,
1305 2157 1389 2253 quod
1483 2175 1484 2200 ι

255 2278 340 2352 papa
357 2266 466 2350 potest
481 2275 599 2330 onures
616 2277 719 2347 reges
737 2257 934 2351 temporales
947 2267 982 2328 et
992 2261 1026 2329 in
1037 2255 1273 2351 temporalibus
1286 2258 1390 2329 evel-

255 2353 341 2443 lere,
358 2351 531 2426 destruere
547 2363 582 2424 et
599 2375 758 2426 amovere
776 2377 817 2425 ao
833 2354 915 2426 alios
932 2376 992 2449 pro
1018 2353 1107 2426 libito
1130 2354 1312 2427 voluntatis
1336 2358 1391 2426 in-

256 2454 392 2526 stituere
419 2463 453 2524 et
477 2450 649 2540 ordinare,
674 2451 761 2546 quod
786 2452 896 2523 dicere
920 2453 978 2525 vel
1003 2455 1126 2524 sentire
1144 2462 1195 2524 eat
1212 2473 1390 2524 erroneum

254 2552 386 2642 penitas
404 2560 437 2622 at
452 2547 630 2620 absurdum
647 2560 683 2621 et
706 2553 793 2622 omni
816 2552 878 2620 iuri
902 2559 965 2620 tam
990 2549 1101 2622 divino
1126 2572 1222 2643 quam
1247 2548 1391 2622 humano

254 2649 385 2740 penitus
403 2644 604 2736 oontradioit
622 2657 716 2740 prout
739 2650 771 2718 in
797 2645 1055 2738 allegaoionibus
1079 2664 1180 2741 super
1206 2645 1390 2720 hiistlaetis

253 2741 409 2838 probatur
431 2755 465 2815 et
487 2742 669 2817 ostenditur
692 2744 885 2835 evidenter,
912 2765 976 2840 quo
1002 2744 1179 2817 brevitatis·
1201 2749 1317 2836 gracia
1336 2745 1391 2818 tt-

255 2844 432 2914 nubuntur.

303 2937 420 3010 Tereia
440 2939 584 3030 [oonua]
610 2937 693 3012 diota
718 2944 788 3012 iura
813 2951 847 3012 et
870 2941 1125 3014 eonsuetudines
1152 2965 1193 3013 ao
1218 2939 1390 3014 libertates

253 3039 379 3130 imperii
398 3047 431 3107 et
447 3036 646 3130 prelatorum
663 3049 697 3110 et
712 3042 892 3133 principum
910 3039 1089 3112 aleatorum
1106 3042 1232 3134 imperii
1252 3047 1287 3109 et
1303 3061 1391 3111 eon-

253 3143 302 3206 tra
320 3132 432 3224 lidem„
450 3157 546 3228 quam
565 3145 677 3208 sanota
695 3134 1013 3208 Romanaoatholioa
1031 3147 1065 3209 et
1074 3137 1254 3230 apostoliea
1272 3138 1391 3210 eorde-

253 3236 301 3306 sia
319 3231 456 3304 firmiter
472 3241 574 3322 tenet,
592 3233 695 3306 eredit
712 3244 745 3304 et
761 3233 869 3324 toret,
884 3239 1085 3329 praeeriptus
1097 3234 1249 3306 dominus
1262 3233 1392 3306 loban-

252 3351 314 3402 nee
331 3332 418 3400 xxii.
447 3328 609 3424 quoddam
626 3331 713 3402 aliud
729 3332 806 3403 feoit
823 3340 997 3420 santum,
1028 3331 1114 3426 quod
1140 3334 1273 3426 inoipit:
1305 3333 1393 3423 (laio

252 3432 303 3498 air
319 3429 501 3516 reprobos.¹
540 3426 578 3499 ln
603 3451 667 3522 quo
692 3439 829 3518 statuto,
857 3432 883 3502 si
909 3432 958 3502 sio
974 3428 1035 3501 diei
1063 3439 1194 3523 potest,
1218 3435 1343 3504 asser-tt
1359 3441 1392 3502 et

250 3527 455 3620 pronunciat,
473 3524 559 3618 quod
577 3523 728 3598 dominus
746 3537 859 3600 noster
875 3525 969 3600 lesus
988 3526 1158 3617 Christus,
1179 3530 1212 3598 in
1231 3539 1390 3621 quantum

249 3621 349 3694 homo
370 3625 488 3712 viator,
506 3621 616 3695 babuit
632 3627 862 3717 proprietatem
881 3635 914 3695 et
930 3623 1105 3696 dominium
1117 3627 1262 3697 omnium
1277 3647 1390 3698 rernm

249 3721 475 3814 temporalium
494 3718 590 3792 buius
609 3721 738 3812 mundi,
765 3733 798 3793 et
821 3720 905 3816 quod
927 3724 1000 3814 ipse
1023 3722 1081 3794 luit
1099 3745 1162 3794 rex
1186 3732 1220 3792 et
1236 3721 1388 3796 dominus

250 3817 336 3890 rutilis
350 3820 493 3889 omnium
504 3840 614 3888 rerum
629 3820 856 3912 temporalium
863 3819 959 3892 huius
967 3819 1087 3891 mundi.
1105 3819 1148 3892 Et
1157 3824 1291 3908 asserit
1304 3819 1387 3915 quod

249 3925 335 3988 totta
349 3915 404 3987 ille
425 3915 572 4009 psalmus
590 3919 762 3988 Eructavit
772 3917 949 4008 inteligitur
963 3915 1005 3986 de
1026 3916 1155 3990 Christo
1173 3939 1259 4010 rege
1277 3929 1311 3988 et
1322 3919 1387 3992 do-

249 4015 337 4086 mino
353 4014 387 4084 in
400 4011 632 4108 temporalibus
650 4023 684 4085 et
700 4014 742 4085 de
760 4015 901 4086 ecelesia
919 4036 1041 4109 sponsa
1058 4018 1144 4104 eius,
1162 4017 1214 4086 oui
1226 4015 1386 4089 eoeleeie²

251 4111 328 4184 utile
356 4109 531 4183 dominium
566 4133 676 4184 rerum
713 4113 940 4207 temporalium
973 4113 1122 4205 intelligit
1148 4123 1183 4184 et
1209 4116 1385 4186 insinuata

304 4229 333 4300 l)
353 4231 382 4288 D.
409 4231 433 4290 d.
460 4230 530 4290 1329
556 4248 616 4289 nov.
637 4231 671 4290 ta
698 4249 740 4308 ap.
760 4233 877 4306 Rapoald
896 4249 922 4290 u.
941 4231 1056 4292 22-68.
1098 4235 1129 4304 2)
1147 4231 1190 4290 die
1210 4235 1251 4292 bs.
1272 4234 1320 4292 cle.
