<?xml version="1.0" encoding="UTF-8"?>
<!DOCTYPE html PUBLIC "-//W3C//DTD XHTML 1.0 Transitional//EN"
    "http://www.w3.org/TR/xhtml1/DTD/xhtml1-transitional.dtd">
<html xmlns="http://www.w3.org/1999/xhtml" xml:lang="en" lang="en">
 <head>
  <title>
</title>
<meta http-equiv="Content-Type" content="text/html;charset=utf-8" />
  <meta name='ocr-system' content='tesseract 3.04.00' />
  <meta name='ocr-capabilities' content='ocr_page ocr_carea ocr_par ocr_line ocrx_word'/>
</head>
<body>
  <div class='ocr_page' id='page_1' title='image "./fontesrerumgerm01hubegoog_0556.png"; bbox 0 0 3014 4822; ppageno 0'>
   <div class='ocr_carea' id='block_1_1' title="bbox 433 256 1232 342">
    <p class='ocr_par' dir='ltr' id='par_1_1' title="bbox 433 256 1232 342">
     <span class='ocr_line' id='line_1_1' title="bbox 433 256 1232 342; baseline -0.003 -18"><span class='ocrx_word' id='word_1_1' title='bbox 433 256 905 324; x_wconf 79' lang='lat' dir='ltr'><strong>ammassnmmmnoms.</strong></span> <span class='ocrx_word' id='word_1_2' title='bbox 1164 262 1232 342; x_wconf 69' lang='lat'><strong>431</strong></span> 
     </span>
    </p>
   </div>
   <div class='ocr_carea' id='block_1_2' title="bbox 100 437 1323 4246">
    <p class='ocr_par' dir='ltr' id='par_1_2' title="bbox 105 437 1323 1022">
     <span class='ocr_line' id='line_1_2' title="bbox 106 437 1323 516; baseline 0 -4"><span class='ocrx_word' id='word_1_3' title='bbox 106 439 220 514; x_wconf 82' lang='lat' dir='ltr'><strong>naliter</strong></span> <span class='ocrx_word' id='word_1_4' title='bbox 232 439 445 515; x_wconf 87' lang='lat' dir='ltr'><strong>contraditum</strong></span> <span class='ocrx_word' id='word_1_5' title='bbox 456 440 498 514; x_wconf 93' lang='lat' dir='ltr'><strong>ad</strong></span> <span class='ocrx_word' id='word_1_6' title='bbox 509 445 784 516; x_wconf 73' lang='lat' dir='ltr'><strong>constructionem</strong></span> <span class='ocrx_word' id='word_1_7' title='bbox 802 437 984 512; x_wconf 84' lang='lat' dir='ltr'><strong>taciendam</strong></span> <span class='ocrx_word' id='word_1_8' title='bbox 1003 439 1236 512; x_wconf 83' lang='lat' dir='ltr'><strong>monesterium</strong></span> <span class='ocrx_word' id='word_1_9' title='bbox 1254 453 1323 512; x_wconf 79' lang='lat'>¹243</span> 
     </span>
     <span class='ocr_line' id='line_1_3' title="bbox 106 537 1239 634; baseline -0.002 -24"><span class='ocrx_word' id='word_1_10' title='bbox 106 537 342 612; x_wconf 89' lang='lat' dir='ltr'><strong>monachorum</strong></span> <span class='ocrx_word' id='word_1_11' title='bbox 358 543 444 634; x_wconf 88' lang='lat' dir='ltr'><strong>nigri</strong></span> <span class='ocrx_word' id='word_1_12' title='bbox 461 539 583 614; x_wconf 79' lang='lat' dir='ltr'>ordinis</span> <span class='ocrx_word' id='word_1_13' title='bbox 600 543 703 614; x_wconf 89' lang='lat' dir='ltr'><strong>sancti</strong></span> <span class='ocrx_word' id='word_1_14' title='bbox 719 538 897 612; x_wconf 78' lang='lat' dir='ltr'>Benedicti.</span> <span class='ocrx_word' id='word_1_15' title='bbox 924 537 1028 610; x_wconf 85' lang='lat' dir='ltr'><strong>lluius</strong></span> <span class='ocrx_word' id='word_1_16' title='bbox 1047 541 1239 610; x_wconf 87' lang='lat' dir='ltr'><strong>monasterii</strong></span> 
     </span>
     <span class='ocr_line' id='line_1_4' title="bbox 106 631 1239 734; baseline -0.001 -26"><span class='ocrx_word' id='word_1_17' title='bbox 106 645 200 731; x_wconf 86' lang='lat' dir='ltr'><strong>septa</strong></span> <span class='ocrx_word' id='word_1_18' title='bbox 218 641 335 732; x_wconf 88' lang='lat' dir='ltr'><strong>partim</strong></span> <span class='ocrx_word' id='word_1_19' title='bbox 347 649 570 734; x_wconf 87' lang='lat' dir='ltr'><strong>occupaverat</strong></span> <span class='ocrx_word' id='word_1_20' title='bbox 582 641 716 710; x_wconf 91' lang='lat' dir='ltr'><strong>munitio</strong></span> <span class='ocrx_word' id='word_1_21' title='bbox 728 639 838 726; x_wconf 68' lang='lat' dir='ltr'><strong>astri,</strong></span> <span class='ocrx_word' id='word_1_22' title='bbox 857 657 920 731; x_wconf 88' lang='lat' dir='ltr'><strong>que</strong></span> <span class='ocrx_word' id='word_1_23' title='bbox 934 633 1140 731; x_wconf 89' lang='lat' dir='ltr'><strong>postmodum</strong></span> <span class='ocrx_word' id='word_1_24' title='bbox 1153 631 1239 707; x_wconf 87' lang='lat' dir='ltr'><strong>lactu</strong></span> 
     </span>
     <span class='ocr_line' id='line_1_5' title="bbox 106 731 1239 832; baseline 0 -28"><span class='ocrx_word' id='word_1_25' title='bbox 106 733 215 806; x_wconf 88' lang='lat' dir='ltr'><strong>luerat</strong></span> <span class='ocrx_word' id='word_1_26' title='bbox 230 746 379 832; x_wconf 87' lang='lat' dir='ltr'><strong>tempore</strong></span> <span class='ocrx_word' id='word_1_27' title='bbox 393 734 535 808; x_wconf 87' lang='lat' dir='ltr'><strong>Ccnradi</strong></span> <span class='ocrx_word' id='word_1_28' title='bbox 552 735 800 830; x_wconf 64' lang='lat' dir='ltr'><strong>archicpiscopi.</strong></span> <span class='ocrx_word' id='word_1_29' title='bbox 818 743 853 806; x_wconf 91' lang='lat' dir='ltr'><strong>ut</strong></span> <span class='ocrx_word' id='word_1_30' title='bbox 870 743 922 806; x_wconf 90' lang='lat' dir='ltr'><strong>est</strong></span> <span class='ocrx_word' id='word_1_31' title='bbox 937 738 1145 829; x_wconf 90' lang='lat' dir='ltr'><strong>premissum.</strong></span> <span class='ocrx_word' id='word_1_32' title='bbox 1171 731 1239 806; x_wconf 85' lang='lat' dir='ltr'><strong>Sed</strong></span> 
     </span>
     <span class='ocr_line' id='line_1_6' title="bbox 105 828 1239 928; baseline 0.001 -28"><span class='ocrx_word' id='word_1_33' title='bbox 105 829 275 904; x_wconf 82' lang='lat' dir='ltr'><strong>destnroto</strong></span> <span class='ocrx_word' id='word_1_34' title='bbox 292 834 435 928; x_wconf 83' lang='lat' dir='ltr'><strong>undique</strong></span> <span class='ocrx_word' id='word_1_35' title='bbox 453 843 561 905; x_wconf 83' lang='lat' dir='ltr'><strong>cestro</strong></span> <span class='ocrx_word' id='word_1_36' title='bbox 578 855 675 927; x_wconf 61' lang='lat' dir='ltr'><strong>pars.</strong></span> <span class='ocrx_word' id='word_1_37' title='bbox 693 854 757 927; x_wconf 90' lang='lat' dir='ltr'><strong>que</strong></span> <span class='ocrx_word' id='word_1_38' title='bbox 773 835 963 905; x_wconf 88' lang='lat' dir='ltr'><strong>monasterii</strong></span> <span class='ocrx_word' id='word_1_39' title='bbox 981 839 1070 922; x_wconf 65' lang='lat' dir='ltr'><strong>erat,</strong></span> <span class='ocrx_word' id='word_1_40' title='bbox 1094 828 1189 902; x_wconf 87' lang='lat' dir='ltr'><strong>rediit</strong></span> <span class='ocrx_word' id='word_1_41' title='bbox 1206 835 1239 902; x_wconf 92' lang='lat' dir='ltr'><strong>in</strong></span> 
     </span>
     <span class='ocr_line' id='line_1_7' title="bbox 106 927 729 1022; baseline 0 -23"><span class='ocrx_word' id='word_1_42' title='bbox 106 927 246 1001; x_wconf 87' lang='lat' dir='ltr'><strong>turmam</strong></span> <span class='ocrx_word' id='word_1_43' title='bbox 263 941 296 1003; x_wconf 91' lang='lat' dir='ltr'><strong>et</strong></span> <span class='ocrx_word' id='word_1_44' title='bbox 313 954 411 1004; x_wconf 90' lang='lat' dir='ltr'><strong>usum</strong></span> <span class='ocrx_word' id='word_1_45' title='bbox 427 929 544 1004; x_wconf 92' lang='lat' dir='ltr'><strong>domus</strong></span> <span class='ocrx_word' id='word_1_46' title='bbox 561 930 729 1022; x_wconf 87' lang='lat' dir='ltr'><strong>religiose.</strong></span> 
     </span>
    </p>

    <p class='ocr_par' dir='ltr' id='par_1_3' title="bbox 105 1025 1240 1905">
     <span class='ocr_line' id='line_1_8' title="bbox 154 1025 1239 1125; baseline 0 -26"><span class='ocrx_word' id='word_1_47' title='bbox 154 1025 283 1100; x_wconf 80' lang='lat' dir='ltr'><strong>Eodem</strong></span> <span class='ocrx_word' id='word_1_48' title='bbox 320 1050 407 1101; x_wconf 92' lang='lat' dir='ltr'><strong>anno</strong></span> <span class='ocrx_word' id='word_1_49' title='bbox 442 1027 707 1125; x_wconf 89' lang='lat' dir='ltr'><strong>archiepiscopus</strong></span> <span class='ocrx_word' id='word_1_50' title='bbox 738 1027 945 1099; x_wconf 83' lang='lat' dir='ltr'><strong>Coloniensis</strong></span> <span class='ocrx_word' id='word_1_51' title='bbox 979 1027 1100 1121; x_wconf 90' lang='lat' dir='ltr'><strong>putenti</strong></span> <span class='ocrx_word' id='word_1_52' title='bbox 1141 1049 1239 1099; x_wconf 90' lang='lat' dir='ltr'><strong>manu</strong></span> 
     </span>
     <span class='ocr_line' id='line_1_9' title="bbox 105 1122 1239 1220; baseline -0.002 -22"><span class='ocrx_word' id='word_1_53' title='bbox 105 1135 220 1198; x_wconf 84' lang='lat' dir='ltr'><strong>conim</strong></span> <span class='ocrx_word' id='word_1_54' title='bbox 238 1129 389 1198; x_wconf 90' lang='lat' dir='ltr'><strong>comitem</strong></span> <span class='ocrx_word' id='word_1_55' title='bbox 401 1125 594 1199; x_wconf 83' lang='lat' dir='ltr'><strong>Olivensem</strong></span> <span class='ocrx_word' id='word_1_56' title='bbox 611 1122 769 1220; x_wconf 60' lang='lat' dir='ltr'><strong>procedit.</strong></span> <span class='ocrx_word' id='word_1_57' title='bbox 787 1125 878 1196; x_wconf 88' lang='lat' dir='ltr'><strong>cuius</strong></span> <span class='ocrx_word' id='word_1_58' title='bbox 895 1124 1101 1196; x_wconf 75' lang='lat' dir='ltr'><strong>insolentiam</strong></span> <span class='ocrx_word' id='word_1_59' title='bbox 1119 1133 1239 1196; x_wconf 88' lang='lat' dir='ltr'><strong>retun-</strong></span> 
     </span>
     <span class='ocr_line' id='line_1_10' title="bbox 105 1220 1239 1318; baseline -0.001 -25"><span class='ocrx_word' id='word_1_60' title='bbox 105 1223 229 1293; x_wconf 89' lang='lat' dir='ltr'><strong>densa</strong></span> <span class='ocrx_word' id='word_1_61' title='bbox 252 1222 374 1295; x_wconf 90' lang='lat' dir='ltr'><strong>telonio</strong></span> <span class='ocrx_word' id='word_1_62' title='bbox 390 1223 489 1312; x_wconf 63' lang='lat' dir='ltr'><strong>Reui,</strong></span> <span class='ocrx_word' id='word_1_63' title='bbox 517 1221 604 1318; x_wconf 85' lang='lat' dir='ltr'><strong>quod</strong></span> <span class='ocrx_word' id='word_1_64' title='bbox 629 1220 715 1316; x_wconf 93' lang='lat' dir='ltr'><strong>apud</strong></span> <span class='ocrx_word' id='word_1_65' title='bbox 739 1221 835 1294; x_wconf 90' lang='lat' dir='ltr'><strong>Orsei</strong></span> <span class='ocrx_word' id='word_1_66' title='bbox 853 1220 1079 1315; x_wconf 66' lang='lat' dir='ltr'><strong>extorquebat.</strong></span> <span class='ocrx_word' id='word_1_67' title='bbox 1103 1243 1239 1296; x_wconf 89' lang='lat' dir='ltr'><strong>cessare</strong></span> 
     </span>
     <span class='ocr_line' id='line_1_11' title="bbox 106 1317 1240 1417; baseline -0.001 -26"><span class='ocrx_word' id='word_1_68' title='bbox 106 1324 227 1412; x_wconf 85' lang='lat' dir='ltr'><strong>coegit.</strong></span> <span class='ocrx_word' id='word_1_69' title='bbox 263 1319 415 1392; x_wconf 79' lang='lat' dir='ltr'><strong>Castrum</strong></span> <span class='ocrx_word' id='word_1_70' title='bbox 439 1323 538 1392; x_wconf 89' lang='lat' dir='ltr'><strong>etiam</strong></span> <span class='ocrx_word' id='word_1_71' title='bbox 554 1317 675 1391; x_wconf 90' lang='lat' dir='ltr'><strong>Hclthe</strong></span> <span class='ocrx_word' id='word_1_72' title='bbox 697 1318 785 1390; x_wconf 92' lang='lat' dir='ltr'><strong>idem</strong></span> <span class='ocrx_word' id='word_1_73' title='bbox 809 1317 1074 1417; x_wconf 89' lang='lat' dir='ltr'><strong>archiepiscopus</strong></span> <span class='ocrx_word' id='word_1_74' title='bbox 1098 1322 1176 1391; x_wconf 92' lang='lat' dir='ltr'><strong>emit</strong></span> <span class='ocrx_word' id='word_1_75' title='bbox 1198 1319 1240 1392; x_wconf 90' lang='lat' dir='ltr'><strong>ad</strong></span> 
     </span>
     <span class='ocr_line' id='line_1_12' title="bbox 105 1415 1239 1514; baseline 0.001 -26"><span class='ocrx_word' id='word_1_76' title='bbox 105 1418 271 1490; x_wconf 75' lang='lat' dir='ltr'>cautelam</span> <span class='ocrx_word' id='word_1_77' title='bbox 294 1418 336 1489; x_wconf 93' lang='lat' dir='ltr'><strong>ad</strong></span> <span class='ocrx_word' id='word_1_78' title='bbox 359 1415 586 1513; x_wconf 86' lang='lat' dir='ltr'><strong>reprimendos</strong></span> <span class='ocrx_word' id='word_1_79' title='bbox 610 1421 751 1511; x_wconf 90' lang='lat' dir='ltr'><strong>impetus</strong></span> <span class='ocrx_word' id='word_1_80' title='bbox 769 1417 918 1491; x_wconf 90' lang='lat' dir='ltr'><strong>eiusdem</strong></span> <span class='ocrx_word' id='word_1_81' title='bbox 935 1421 1079 1509; x_wconf 65' lang='lat' dir='ltr'><strong>comitis.</strong></span> <span class='ocrx_word' id='word_1_82' title='bbox 1104 1421 1131 1491; x_wconf 88' lang='lat' dir='ltr'><strong>si</strong></span> <span class='ocrx_word' id='word_1_83' title='bbox 1157 1438 1239 1514; x_wconf 89' lang='lat' dir='ltr'><strong>quos</strong></span> 
     </span>
     <span class='ocr_line' id='line_1_13' title="bbox 105 1515 519 1588; baseline 0.005 -2"><span class='ocrx_word' id='word_1_84' title='bbox 105 1515 287 1588; x_wconf 78' lang='lat' dir='ltr'><strong>rnolhetur.</strong></span> <span class='ocrx_word' id='word_1_85' title='bbox 511 1569 519 1576; x_wconf 84' lang='lat'><em>-</em></span> 
     </span>
     <span class='ocr_line' id='line_1_14' title="bbox 154 1609 1238 1710; baseline 0.005 -27"><span class='ocrx_word' id='word_1_86' title='bbox 154 1609 235 1707; x_wconf 90' lang='lat' dir='ltr'><strong>lpso</strong></span> <span class='ocrx_word' id='word_1_87' title='bbox 251 1635 338 1686; x_wconf 92' lang='lat' dir='ltr'><strong>anno</strong></span> <span class='ocrx_word' id='word_1_88' title='bbox 355 1615 531 1710; x_wconf 91' lang='lat' dir='ltr'><strong>imperator</strong></span> <span class='ocrx_word' id='word_1_89' title='bbox 547 1609 690 1686; x_wconf 85' lang='lat' dir='ltr'><strong>absolvit</strong></span> <span class='ocrx_word' id='word_1_90' title='bbox 702 1611 885 1685; x_wconf 77' lang='lat' dir='ltr'><strong>cardinales</strong></span> <span class='ocrx_word' id='word_1_91' title='bbox 898 1621 932 1683; x_wconf 90' lang='lat' dir='ltr'><strong>et</strong></span> <span class='ocrx_word' id='word_1_92' title='bbox 943 1635 1060 1688; x_wconf 90' lang='lat' dir='ltr'><strong>omnes</strong></span> <span class='ocrx_word' id='word_1_93' title='bbox 1075 1637 1147 1686; x_wconf 89' lang='lat' dir='ltr'><strong>oum</strong></span> <span class='ocrx_word' id='word_1_94' title='bbox 1159 1617 1238 1710; x_wconf 89' lang='lat' dir='ltr'><strong>ipsis</strong></span> 
     </span>
     <span class='ocr_line' id='line_1_15' title="bbox 106 1708 1239 1807; baseline 0.003 -26"><span class='ocrx_word' id='word_1_95' title='bbox 106 1713 258 1804; x_wconf 86' lang='lat' dir='ltr'><strong>captivos</strong></span> <span class='ocrx_word' id='word_1_96' title='bbox 276 1709 411 1786; x_wconf 87' lang='lat' dir='ltr'><strong>abbates</strong></span> <span class='ocrx_word' id='word_1_97' title='bbox 430 1721 464 1782; x_wconf 90' lang='lat' dir='ltr'><strong>et</strong></span> <span class='ocrx_word' id='word_1_98' title='bbox 480 1711 629 1783; x_wconf 89' lang='lat' dir='ltr'><strong>clericos.</strong></span> <span class='ocrx_word' id='word_1_99' title='bbox 655 1709 698 1782; x_wconf 88' lang='lat' dir='ltr'><strong>Et</strong></span> <span class='ocrx_word' id='word_1_100' title='bbox 715 1714 763 1784; x_wconf 90' lang='lat' dir='ltr'><strong>sio</strong></span> <span class='ocrx_word' id='word_1_101' title='bbox 778 1708 988 1782; x_wconf 76' lang='lat' dir='ltr'><strong>Innocentius</strong></span> <span class='ocrx_word' id='word_1_102' title='bbox 1005 1710 1053 1782; x_wconf 92' lang='lat' dir='ltr'><strong>lV</strong></span> <span class='ocrx_word' id='word_1_103' title='bbox 1070 1734 1153 1807; x_wconf 91' lang='lat' dir='ltr'><strong>papa</strong></span> <span class='ocrx_word' id='word_1_104' title='bbox 1172 1711 1239 1784; x_wconf 85' lang='lat' dir='ltr'><strong>eli-</strong></span> 
     </span>
     <span class='ocr_line' id='line_1_16' title="bbox 106 1805 999 1905; baseline 0.002 -26"><span class='ocrx_word' id='word_1_105' title='bbox 106 1811 196 1898; x_wconf 86' lang='lat' dir='ltr'><strong>gitur</strong></span> <span class='ocrx_word' id='word_1_106' title='bbox 215 1811 297 1900; x_wconf 90' lang='lat' dir='ltr'><strong>[iun.</strong></span> <span class='ocrx_word' id='word_1_107' title='bbox 315 1809 394 1901; x_wconf 77' lang='lat'><strong>251.</strong></span> <span class='ocrx_word' id='word_1_108' title='bbox 413 1811 466 1905; x_wconf 88' lang='lat' dir='ltr'><strong>qui</strong></span> <span class='ocrx_word' id='word_1_109' title='bbox 484 1805 691 1882; x_wconf 88' lang='lat' dir='ltr'><strong>Senebaldus</strong></span> <span class='ocrx_word' id='word_1_110' title='bbox 709 1818 805 1880; x_wconf 91' lang='lat' dir='ltr'><strong>antea</strong></span> <span class='ocrx_word' id='word_1_111' title='bbox 823 1807 999 1881; x_wconf 80' lang='lat' dir='ltr'><strong>dicebatur.</strong></span> 
     </span>
    </p>

    <p class='ocr_par' dir='ltr' id='par_1_4' title="bbox 105 1903 1239 2268">
     <span class='ocr_line' id='line_1_17' title="bbox 154 1903 1239 2006; baseline 0.006 -32"><span class='ocrx_word' id='word_1_112' title='bbox 154 1903 234 2001; x_wconf 89' lang='lat' dir='ltr'><strong>lpso</strong></span> <span class='ocrx_word' id='word_1_113' title='bbox 257 1919 405 2002; x_wconf 89' lang='lat' dir='ltr'><strong>tempore</strong></span> <span class='ocrx_word' id='word_1_114' title='bbox 438 1908 537 2004; x_wconf 90' lang='lat' dir='ltr'><strong>[sept.</strong></span> <span class='ocrx_word' id='word_1_115' title='bbox 562 1905 601 1996; x_wconf 88' lang='grc'><strong>9]</strong></span> <span class='ocrx_word' id='word_1_116' title='bbox 626 1907 742 1978; x_wconf 87' lang='lat' dir='ltr'><strong>civitas</strong></span> <span class='ocrx_word' id='word_1_117' title='bbox 759 1905 952 1980; x_wconf 85' lang='lat' dir='ltr'><strong>Bitcmium¹</strong></span> <span class='ocrx_word' id='word_1_118' title='bbox 979 1906 1020 1978; x_wconf 91' lang='lat' dir='ltr'><strong>ah</strong></span> <span class='ocrx_word' id='word_1_119' title='bbox 1042 1911 1239 2006; x_wconf 89' lang='lat' dir='ltr'><strong>imperatore</strong></span> 
     </span>
     <span class='ocr_line' id='line_1_18' title="bbox 106 2000 1239 2100; baseline 0.005 -28"><span class='ocrx_word' id='word_1_120' title='bbox 106 2000 268 2096; x_wconf 71' lang='lat' dir='ltr'><strong>cesavit.</strong></span> <span class='ocrx_word' id='word_1_121' title='bbox 293 2003 334 2076; x_wconf 91' lang='lat' dir='ltr'><strong>ad</strong></span> <span class='ocrx_word' id='word_1_122' title='bbox 358 2025 454 2100; x_wconf 90' lang='lat' dir='ltr'><strong>quam</strong></span> <span class='ocrx_word' id='word_1_123' title='bbox 477 2002 736 2098; x_wconf 88' lang='lat' dir='ltr'><strong>recuperandam</strong></span> <span class='ocrx_word' id='word_1_124' title='bbox 761 2027 835 2076; x_wconf 91' lang='lat' dir='ltr'><strong>cum</strong></span> <span class='ocrx_word' id='word_1_125' title='bbox 859 2007 1035 2099; x_wconf 89' lang='lat' dir='ltr'><strong>imperator</strong></span> <span class='ocrx_word' id='word_1_126' title='bbox 1058 2009 1239 2081; x_wconf 87' lang='lat' dir='ltr'><strong>exercitum</strong></span> 
     </span>
     <span class='ocr_line' id='line_1_19' title="bbox 105 2099 1237 2268; baseline 0.005 -98"><span class='ocrx_word' id='word_1_127' title='bbox 105 2100 343 2194; x_wconf 88' lang='lat' dir='ltr'><strong>collegissetet</strong></span> <span class='ocrx_word' id='word_1_128' title='bbox 360 2125 434 2174; x_wconf 91' lang='lat' dir='ltr'><strong>eam</strong></span> <span class='ocrx_word' id='word_1_129' title='bbox 444 2099 712 2195; x_wconf 72' lang='lat' dir='ltr'><strong>obsedissetspe</strong></span> <span class='ocrx_word' id='word_1_130' title='bbox 724 2113 836 2174; x_wconf 88' lang='lat' dir='ltr'><strong>tamen</strong></span> <span class='ocrx_word' id='word_1_131' title='bbox 849 2103 998 2268; x_wconf 79' lang='lat' dir='ltr'><strong>capiendi</strong></span> <span class='ocrx_word' id='word_1_132' title='bbox 1013 2103 1237 2176; x_wconf 79' lang='lat' dir='ltr'><strong>frustrabatur.</strong></span> 
     </span>
    </p>

    <p class='ocr_par' dir='ltr' id='par_1_5' title="bbox 101 2196 1239 3166">
     <span class='ocr_line' id='line_1_20' title="bbox 154 2196 1239 2296; baseline 0.003 -26"><span class='ocrx_word' id='word_1_133' title='bbox 154 2197 285 2271; x_wconf 83' lang='lat' dir='ltr'><strong>Eodem</strong></span> <span class='ocrx_word' id='word_1_134' title='bbox 294 2209 530 2294; x_wconf 89' lang='lat' dir='ltr'><strong>temporecum</strong></span> <span class='ocrx_word' id='word_1_135' title='bbox 543 2196 612 2270; x_wconf 82' lang='lat' dir='ltr'><strong>dux</strong></span> <span class='ocrx_word' id='word_1_136' title='bbox 622 2196 883 2288; x_wconf 71' lang='lat' dir='ltr'><strong>Brahantinus,a</strong></span> <span class='ocrx_word' id='word_1_137' title='bbox 920 2201 1113 2296; x_wconf 86' lang='lat' dir='ltr'><strong>colloquium</strong></span> <span class='ocrx_word' id='word_1_138' title='bbox 1126 2201 1239 2272; x_wconf 86' lang='lat' dir='ltr'><strong>archi-</strong></span> 
     </span>
     <span class='ocr_line' id='line_1_21' title="bbox 105 2295 1239 2392; baseline 0.002 -26"><span class='ocrx_word' id='word_1_139' title='bbox 105 2299 253 2392; x_wconf 89' lang='lat' dir='ltr'><strong>episcopi</strong></span> <span class='ocrx_word' id='word_1_140' title='bbox 269 2296 476 2371; x_wconf 89' lang='lat' dir='ltr'><strong>Coloniensis</strong></span> <span class='ocrx_word' id='word_1_141' title='bbox 494 2317 570 2369; x_wconf 90' lang='lat' dir='ltr'><strong>cum</strong></span> <span class='ocrx_word' id='word_1_142' title='bbox 587 2297 704 2367; x_wconf 91' lang='lat' dir='ltr'><strong>comite</strong></span> <span class='ocrx_word' id='word_1_143' title='bbox 722 2295 875 2368; x_wconf 87' lang='lat' dir='ltr'><strong>Gelrensi</strong></span> <span class='ocrx_word' id='word_1_144' title='bbox 892 2295 1125 2390; x_wconf 68' lang='lat' dir='ltr'><strong>proficiscens,</strong></span> <span class='ocrx_word' id='word_1_145' title='bbox 1152 2301 1239 2372; x_wconf 91' lang='lat' dir='ltr'><strong>insi-</strong></span> 
     </span>
     <span class='ocr_line' id='line_1_22' title="bbox 104 2393 1239 2490; baseline 0.004 -26"><span class='ocrx_word' id='word_1_146' title='bbox 104 2393 177 2466; x_wconf 90' lang='lat' dir='ltr'><strong>dias</strong></span> <span class='ocrx_word' id='word_1_147' title='bbox 203 2397 330 2466; x_wconf 90' lang='lat' dir='ltr'><strong>comitis</strong></span> <span class='ocrx_word' id='word_1_148' title='bbox 345 2394 537 2469; x_wconf 89' lang='lat' dir='ltr'><strong>iuliacensis</strong></span> <span class='ocrx_word' id='word_1_149' title='bbox 562 2396 623 2488; x_wconf 89' lang='lat' dir='ltr'><strong>ipsi</strong></span> <span class='ocrx_word' id='word_1_150' title='bbox 649 2397 760 2466; x_wconf 89' lang='lat' dir='ltr'><strong>invia</strong></span> <span class='ocrx_word' id='word_1_151' title='bbox 784 2415 887 2488; x_wconf 89' lang='lat' dir='ltr'><strong>prope</strong></span> <span class='ocrx_word' id='word_1_152' title='bbox 904 2393 1092 2466; x_wconf 87' lang='lat' dir='ltr'><strong>Gladebach</strong></span> <span class='ocrx_word' id='word_1_153' title='bbox 1116 2399 1239 2490; x_wconf 92' lang='lat' dir='ltr'><strong>positas</strong></span> 
     </span>
     <span class='ocr_line' id='line_1_23' title="bbox 103 2489 1239 2586; baseline 0.003 -25"><span class='ocrx_word' id='word_1_154' title='bbox 103 2490 270 2564; x_wconf 82' lang='lat' dir='ltr'><strong>fortunato</strong></span> <span class='ocrx_word' id='word_1_155' title='bbox 298 2515 378 2566; x_wconf 88' lang='lat' dir='ltr'><strong>casu</strong></span> <span class='ocrx_word' id='word_1_156' title='bbox 395 2496 591 2580; x_wconf 71' lang='lat' dir='ltr'><strong>evasisset,</strong></span> <span class='ocrx_word' id='word_1_157' title='bbox 618 2489 771 2562; x_wconf 90' lang='lat' dir='ltr'><strong>iudicium</strong></span> <span class='ocrx_word' id='word_1_158' title='bbox 794 2489 1030 2586; x_wconf 88' lang='lat' dir='ltr'><strong>archiepiscopi</strong></span> <span class='ocrx_word' id='word_1_159' title='bbox 1054 2513 1154 2586; x_wconf 90' lang='lat' dir='ltr'><strong>super</strong></span> <span class='ocrx_word' id='word_1_160' title='bbox 1175 2493 1239 2564; x_wconf 92' lang='lat' dir='ltr'><strong>hcc</strong></span> 
     </span>
     <span class='ocr_line' id='line_1_24' title="bbox 104 2587 1239 2686; baseline 0.003 -28"><span class='ocrx_word' id='word_1_161' title='bbox 104 2605 190 2661; x_wconf 88' lang='lat' dir='ltr'><strong>ausu</strong></span> <span class='ocrx_word' id='word_1_162' title='bbox 206 2593 384 2662; x_wconf 89' lang='lat' dir='ltr'><strong>temerario</strong></span> <span class='ocrx_word' id='word_1_163' title='bbox 401 2591 569 2686; x_wconf 83' lang='lat' dir='ltr'><strong>expetivit.</strong></span> <span class='ocrx_word' id='word_1_164' title='bbox 596 2587 658 2674; x_wconf 83' lang='lat' dir='ltr'><strong>Qui</strong></span> <span class='ocrx_word' id='word_1_165' title='bbox 677 2587 943 2684; x_wconf 85' lang='lat' dir='ltr'><strong>archiepiscopus</strong></span> <span class='ocrx_word' id='word_1_166' title='bbox 961 2588 1153 2662; x_wconf 86' lang='lat' dir='ltr'><strong>authoritate</strong></span> <span class='ocrx_word' id='word_1_167' title='bbox 1171 2590 1239 2663; x_wconf 92' lang='lat' dir='ltr'><strong>du-</strong></span> 
     </span>
     <span class='ocr_line' id='line_1_25' title="bbox 103 2683 1239 2782; baseline 0.004 -26"><span class='ocrx_word' id='word_1_168' title='bbox 103 2695 199 2759; x_wconf 87' lang='lat' dir='ltr'><strong>catus</strong></span> <span class='ocrx_word' id='word_1_169' title='bbox 223 2691 275 2760; x_wconf 91' lang='lat' dir='ltr'><strong>sui</strong></span> <span class='ocrx_word' id='word_1_170' title='bbox 297 2687 489 2760; x_wconf 91' lang='lat' dir='ltr'><strong>iudicialiter</strong></span> <span class='ocrx_word' id='word_1_171' title='bbox 511 2683 596 2782; x_wconf 91' lang='lat' dir='ltr'><strong>apud</strong></span> <span class='ocrx_word' id='word_1_172' title='bbox 614 2683 827 2758; x_wconf 88' lang='lat' dir='ltr'><strong>Rurcmunde</strong></span> <span class='ocrx_word' id='word_1_173' title='bbox 851 2687 1024 2778; x_wconf 84' lang='lat' dir='ltr'><strong>presidens</strong></span> <span class='ocrx_word' id='word_1_174' title='bbox 1043 2691 1239 2760; x_wconf 89' lang='lat' dir='ltr'><strong>sententiam</strong></span> 
     </span>
     <span class='ocr_line' id='line_1_26' title="bbox 102 2780 1238 2880; baseline 0.005 -27"><span class='ocrx_word' id='word_1_175' title='bbox 102 2783 227 2856; x_wconf 87' lang='lat' dir='ltr'><strong>adnce</strong></span> <span class='ocrx_word' id='word_1_176' title='bbox 243 2782 286 2855; x_wconf 89' lang='lat' dir='ltr'><strong>de</strong></span> <span class='ocrx_word' id='word_1_177' title='bbox 304 2784 475 2857; x_wconf 84' lang='lat' dir='ltr'><strong>limburch</strong></span> <span class='ocrx_word' id='word_1_178' title='bbox 501 2793 534 2854; x_wconf 92' lang='lat' dir='ltr'><strong>et</strong></span> <span class='ocrx_word' id='word_1_179' title='bbox 558 2781 629 2855; x_wconf 89' lang='lat' dir='ltr'><strong>aliis</strong></span> <span class='ocrx_word' id='word_1_180' title='bbox 655 2780 787 2880; x_wconf 90' lang='lat' dir='ltr'><strong>paribus</strong></span> <span class='ocrx_word' id='word_1_181' title='bbox 812 2785 902 2854; x_wconf 89' lang='lat' dir='ltr'><strong>cun&#39;e</strong></span> <span class='ocrx_word' id='word_1_182' title='bbox 926 2787 1077 2880; x_wconf 87' lang='lat' dir='ltr'><strong>quesivit.</strong></span> <span class='ocrx_word' id='word_1_183' title='bbox 1113 2784 1238 2872; x_wconf 82' lang='lat' dir='ltr'><strong>Quibus</strong></span> 
     </span>
     <span class='ocr_line' id='line_1_27' title="bbox 102 2879 1236 2974; baseline 0.004 -24"><span class='ocrx_word' id='word_1_184' title='bbox 102 2880 321 2954; x_wconf 66' lang='lat' dir='ltr'><strong>mediantibus</strong></span> <span class='ocrx_word' id='word_1_185' title='bbox 338 2881 426 2953; x_wconf 93' lang='lat' dir='ltr'><strong>idem</strong></span> <span class='ocrx_word' id='word_1_186' title='bbox 443 2903 556 2954; x_wconf 90' lang='lat' dir='ltr'><strong>comes</strong></span> <span class='ocrx_word' id='word_1_187' title='bbox 567 2879 773 2974; x_wconf 89' lang='lat' dir='ltr'><strong>postmodum</strong></span> <span class='ocrx_word' id='word_1_188' title='bbox 785 2879 827 2950; x_wconf 92' lang='lat' dir='ltr'><strong>ad</strong></span> <span class='ocrx_word' id='word_1_189' title='bbox 838 2881 1091 2955; x_wconf 84' lang='lat' dir='ltr'><strong>satisfactionem</strong></span> <span class='ocrx_word' id='word_1_190' title='bbox 1105 2881 1236 2954; x_wconf 89' lang='lat' dir='ltr'><strong>arbitrio</strong></span> 
     </span>
     <span class='ocr_line' id='line_1_28' title="bbox 102 2975 1237 3074; baseline 0.002 -24"><span class='ocrx_word' id='word_1_191' title='bbox 102 2977 341 3074; x_wconf 88' lang='lat' dir='ltr'><strong>archiepiscopi</strong></span> <span class='ocrx_word' id='word_1_192' title='bbox 359 3001 397 3052; x_wconf 92' lang='lat' dir='ltr'><strong>se</strong></span> <span class='ocrx_word' id='word_1_193' title='bbox 415 2979 583 3066; x_wconf 64' lang='lat' dir='ltr'><strong>submisit„</strong></span> <span class='ocrx_word' id='word_1_194' title='bbox 607 2981 661 3073; x_wconf 80' lang='lat' dir='ltr'><strong>qui</strong></span> <span class='ocrx_word' id='word_1_195' title='bbox 686 2979 735 3052; x_wconf 91' lang='lat' dir='ltr'><strong>sic</strong></span> <span class='ocrx_word' id='word_1_196' title='bbox 751 2975 923 3051; x_wconf 88' lang='lat' dir='ltr'><strong>difficulter</strong></span> <span class='ocrx_word' id='word_1_197' title='bbox 945 2979 1077 3052; x_wconf 91' lang='lat' dir='ltr'><strong>tandem</strong></span> <span class='ocrx_word' id='word_1_198' title='bbox 1094 2983 1127 3050; x_wconf 88' lang='lat' dir='ltr'><strong>in</strong></span> <span class='ocrx_word' id='word_1_199' title='bbox 1145 2979 1237 3052; x_wconf 89' lang='lat' dir='ltr'><strong>ducis</strong></span> 
     </span>
     <span class='ocr_line' id='line_1_29' title="bbox 101 3077 506 3166; baseline 0.007 -21"><span class='ocrx_word' id='word_1_200' title='bbox 101 3079 245 3166; x_wconf 83' lang='lat' dir='ltr'><strong>gratiam</strong></span> <span class='ocrx_word' id='word_1_201' title='bbox 263 3087 315 3150; x_wconf 90' lang='lat' dir='ltr'><strong>est</strong></span> <span class='ocrx_word' id='word_1_202' title='bbox 331 3077 506 3150; x_wconf 89' lang='lat' dir='ltr'><strong>admissus.</strong></span> 
     </span>
    </p>

    <p class='ocr_par' dir='ltr' id='par_1_6' title="bbox 100 3171 1323 4246">
     <span class='ocr_line' id='line_1_30' title="bbox 151 3171 1323 3272; baseline 0.004 -28"><span class='ocrx_word' id='word_1_203' title='bbox 151 3174 255 3245; x_wconf 85' lang='lat' dir='ltr'><strong>Anno</strong></span> <span class='ocrx_word' id='word_1_204' title='bbox 273 3175 458 3248; x_wconf 85' lang='lat' dir='ltr'><strong>mccxliv.</strong></span> <span class='ocrx_word' id='word_1_205' title='bbox 477 3177 562 3247; x_wconf 89' lang='lat' dir='ltr'><strong>inter</strong></span> <span class='ocrx_word' id='word_1_206' title='bbox 578 3194 695 3270; x_wconf 91' lang='lat' dir='ltr'><strong>papam</strong></span> <span class='ocrx_word' id='word_1_207' title='bbox 714 3185 747 3246; x_wconf 91' lang='lat' dir='ltr'><strong>et</strong></span> <span class='ocrx_word' id='word_1_208' title='bbox 764 3177 995 3269; x_wconf 89' lang='lat' dir='ltr'><strong>imperatorem</strong></span> <span class='ocrx_word' id='word_1_209' title='bbox 1019 3171 1060 3246; x_wconf 88' lang='lat' dir='ltr'><strong>de</strong></span> <span class='ocrx_word' id='word_1_210' title='bbox 1078 3197 1160 3272; x_wconf 90' lang='lat' dir='ltr'><strong>pace</strong></span> <span class='ocrx_word' id='word_1_211' title='bbox 1178 3187 1234 3248; x_wconf 79' lang='lat' dir='ltr'><strong>at·</strong></span> <span class='ocrx_word' id='word_1_212' title='bbox 1252 3199 1323 3260; x_wconf 60' lang='grc' dir='ltr'><strong>ιω</strong></span> 
     </span>
     <span class='ocr_line' id='line_1_31' title="bbox 100 3269 1237 3366; baseline 0.005 -26"><span class='ocrx_word' id='word_1_213' title='bbox 100 3279 255 3343; x_wconf 87' lang='lat' dir='ltr'><strong>tentatur.</strong></span> <span class='ocrx_word' id='word_1_214' title='bbox 281 3269 325 3343; x_wconf 87' lang='lat' dir='ltr'><strong>Et</strong></span> <span class='ocrx_word' id='word_1_215' title='bbox 339 3275 373 3343; x_wconf 95' lang='lat' dir='ltr'><strong>in</strong></span> <span class='ocrx_word' id='word_1_216' title='bbox 390 3271 502 3344; x_wconf 86' lang='lat' dir='ltr'><strong>Coena</strong></span> <span class='ocrx_word' id='word_1_217' title='bbox 520 3272 640 3344; x_wconf 88' lang='lat' dir='ltr'><strong>domini</strong></span> <span class='ocrx_word' id='word_1_218' title='bbox 661 3273 767 3366; x_wconf 80' lang='lat' dir='ltr'><strong>[mitra</strong></span> <span class='ocrx_word' id='word_1_219' title='bbox 785 3271 848 3362; x_wconf 85' lang='lat'><strong>31]</strong></span> <span class='ocrx_word' id='word_1_220' title='bbox 870 3294 982 3346; x_wconf 92' lang='lat' dir='ltr'><strong>comes</strong></span> <span class='ocrx_word' id='word_1_221' title='bbox 1000 3273 1184 3346; x_wconf 74' lang='lat' dir='ltr'><strong>&#39;tolosanus</strong></span> <span class='ocrx_word' id='word_1_222' title='bbox 1203 3287 1237 3347; x_wconf 91' lang='lat' dir='ltr'><strong>et</strong></span> 
     </span>
     <span class='ocr_line' id='line_1_32' title="bbox 101 3367 1236 3465; baseline 0.004 -27"><span class='ocrx_word' id='word_1_223' title='bbox 101 3367 234 3460; x_wconf 86' lang='lat' dir='ltr'><strong>quidam</strong></span> <span class='ocrx_word' id='word_1_224' title='bbox 251 3367 377 3442; x_wconf 87' lang='lat' dir='ltr'><strong>iudices</strong></span> <span class='ocrx_word' id='word_1_225' title='bbox 395 3372 485 3441; x_wconf 86' lang='lat' dir='ltr'><strong>curie</strong></span> <span class='ocrx_word' id='word_1_226' title='bbox 502 3368 679 3464; x_wconf 80' lang='lat' dir='ltr'><strong>imperialis</strong></span> <span class='ocrx_word' id='word_1_227' title='bbox 703 3393 748 3443; x_wconf 88' lang='lat' dir='ltr'><strong>ex</strong></span> <span class='ocrx_word' id='word_1_228' title='bbox 772 3381 865 3465; x_wconf 89' lang='lat' dir='ltr'><strong>parte</strong></span> <span class='ocrx_word' id='word_1_229' title='bbox 889 3373 1092 3465; x_wconf 90' lang='lat' dir='ltr'><strong>imperatoris</strong></span> <span class='ocrx_word' id='word_1_230' title='bbox 1117 3375 1236 3463; x_wconf 68' lang='lat' dir='ltr'><strong>iurant</strong></span> 
     </span>
     <span class='ocr_line' id='line_1_33' title="bbox 100 3467 1235 3560; baseline 0.004 -24"><span class='ocrx_word' id='word_1_231' title='bbox 100 3469 210 3559; x_wconf 88' lang='lat' dir='ltr'><strong>ipsum</strong></span> <span class='ocrx_word' id='word_1_232' title='bbox 228 3469 458 3560; x_wconf 91' lang='lat' dir='ltr'><strong>imperatorem</strong></span> <span class='ocrx_word' id='word_1_233' title='bbox 470 3476 627 3540; x_wconf 90' lang='lat' dir='ltr'><strong>staturum</strong></span> <span class='ocrx_word' id='word_1_234' title='bbox 640 3467 799 3540; x_wconf 88' lang='lat' dir='ltr'><strong>mandatis</strong></span> <span class='ocrx_word' id='word_1_235' title='bbox 814 3468 966 3540; x_wconf 88' lang='lat' dir='ltr'><strong>ecclesie.</strong></span> <span class='ocrx_word' id='word_1_236' title='bbox 992 3469 1112 3542; x_wconf 89' lang='lat' dir='ltr'><strong>Postea</strong></span> <span class='ocrx_word' id='word_1_237' title='bbox 1124 3479 1235 3541; x_wconf 90' lang='lat' dir='ltr'><strong>tamen</strong></span> 
     </span>
     <span class='ocr_line' id='line_1_34' title="bbox 101 3565 1236 3662; baseline 0.004 -28"><span class='ocrx_word' id='word_1_238' title='bbox 101 3565 333 3636; x_wconf 67' lang='lat' dir='ltr'><strong>serenatus</strong></span> <span class='ocrx_word' id='word_1_239' title='bbox 344 3567 434 3659; x_wconf 89' lang='lat' dir='ltr'><strong>pacis</strong></span> <span class='ocrx_word' id='word_1_240' title='bbox 450 3587 516 3637; x_wconf 95' lang='lat' dir='ltr'><strong>non</strong></span> <span class='ocrx_word' id='word_1_241' title='bbox 528 3567 654 3660; x_wconf 92' lang='lat' dir='ltr'><strong>recepit</strong></span> <span class='ocrx_word' id='word_1_242' title='bbox 664 3575 830 3659; x_wconf 90' lang='lat' dir='ltr'><strong>speratum</strong></span> <span class='ocrx_word' id='word_1_243' title='bbox 842 3566 1125 3662; x_wconf 88' lang='lat' dir='ltr'><strong>complementum.</strong></span> <span class='ocrx_word' id='word_1_244' title='bbox 1151 3565 1236 3638; x_wconf 91' lang='lat' dir='ltr'><strong>Nam</strong></span> 
     </span>
     <span class='ocr_line' id='line_1_35' title="bbox 100 3658 1235 3758; baseline 0.004 -28"><span class='ocrx_word' id='word_1_245' title='bbox 100 3681 186 3755; x_wconf 91' lang='lat' dir='ltr'><strong>papa</strong></span> <span class='ocrx_word' id='word_1_246' title='bbox 205 3658 247 3731; x_wconf 92' lang='lat' dir='ltr'><strong>ab</strong></span> <span class='ocrx_word' id='word_1_247' title='bbox 265 3659 346 3732; x_wconf 90' lang='lat' dir='ltr'><strong>urhe</strong></span> <span class='ocrx_word' id='word_1_248' title='bbox 363 3663 468 3734; x_wconf 91' lang='lat' dir='ltr'><strong>Roma</strong></span> <span class='ocrx_word' id='word_1_249' title='bbox 487 3663 570 3734; x_wconf 91' lang='lat' dir='ltr'><strong>clam</strong></span> <span class='ocrx_word' id='word_1_250' title='bbox 587 3683 748 3754; x_wconf 87' lang='lat' dir='ltr'><strong>egressus</strong></span> <span class='ocrx_word' id='word_1_251' title='bbox 766 3685 889 3735; x_wconf 89' lang='lat' dir='ltr'><strong>navem</strong></span> <span class='ocrx_word' id='word_1_252' title='bbox 913 3664 1103 3736; x_wconf 88' lang='lat' dir='ltr'><strong>conscendit</strong></span> <span class='ocrx_word' id='word_1_253' title='bbox 1126 3674 1158 3734; x_wconf 88' lang='lat' dir='ltr'><strong>et</strong></span> <span class='ocrx_word' id='word_1_254' title='bbox 1175 3685 1235 3758; x_wconf 90' lang='lat' dir='ltr'><strong>per</strong></span> 
     </span>
     <span class='ocr_line' id='line_1_36' title="bbox 101 3756 1233 3852; baseline 0.003 -23"><span class='ocrx_word' id='word_1_255' title='bbox 101 3779 195 3829; x_wconf 87' lang='lat' dir='ltr'><strong>mare</strong></span> <span class='ocrx_word' id='word_1_256' title='bbox 211 3756 348 3830; x_wconf 90' lang='lat' dir='ltr'><strong>lanuam</strong></span> <span class='ocrx_word' id='word_1_257' title='bbox 366 3763 458 3832; x_wconf 85' lang='lat' dir='ltr'><strong>venit</strong></span> <span class='ocrx_word' id='word_1_258' title='bbox 476 3757 607 3850; x_wconf 65' lang='lat' dir='ltr'><strong>[iulet</strong></span> <span class='ocrx_word' id='word_1_259' title='bbox 631 3757 685 3830; x_wconf 92' lang='lat' dir='ltr'><strong>ubi</strong></span> <span class='ocrx_word' id='word_1_260' title='bbox 702 3763 864 3852; x_wconf 79' lang='lat' dir='ltr'><strong>originem</strong></span> <span class='ocrx_word' id='word_1_261' title='bbox 881 3759 981 3831; x_wconf 83' lang='lat' dir='ltr'><strong>duxit.</strong></span> <span class='ocrx_word' id='word_1_262' title='bbox 1008 3759 1069 3831; x_wconf 92' lang='lat' dir='ltr'><strong>Ubi</strong></span> <span class='ocrx_word' id='word_1_263' title='bbox 1088 3771 1233 3832; x_wconf 89' lang='lat' dir='ltr'><strong>moratus</strong></span> 
     </span>
     <span class='ocr_line' id='line_1_37' title="bbox 101 3854 1234 3952; baseline 0.002 -26"><span class='ocrx_word' id='word_1_264' title='bbox 101 3865 136 3926; x_wconf 89' lang='lat' dir='ltr'><strong>et</strong></span> <span class='ocrx_word' id='word_1_265' title='bbox 152 3854 340 3948; x_wconf 83' lang='lat' dir='ltr'><strong>egritudine</strong></span> <span class='ocrx_word' id='word_1_266' title='bbox 357 3855 509 3930; x_wconf 90' lang='lat' dir='ltr'><strong>detentus</strong></span> <span class='ocrx_word' id='word_1_267' title='bbox 528 3856 712 3952; x_wconf 89' lang='lat' dir='ltr'><strong>aliquandiu</strong></span> <span class='ocrx_word' id='word_1_268' title='bbox 728 3860 875 3929; x_wconf 85' lang='lat' dir='ltr'><strong>terrestri</strong></span> <span class='ocrx_word' id='word_1_269' title='bbox 887 3860 1002 3928; x_wconf 89' lang='lat' dir='ltr'><strong>itinere</strong></span> <span class='ocrx_word' id='word_1_270' title='bbox 1018 3879 1078 3952; x_wconf 90' lang='lat' dir='ltr'><strong>per</strong></span> <span class='ocrx_word' id='word_1_271' title='bbox 1089 3868 1234 3928; x_wconf 89' lang='lat' dir='ltr'><strong>montem</strong></span> 
     </span>
     <span class='ocr_line' id='line_1_38' title="bbox 101 3952 1234 4048; baseline 0 -24"><span class='ocrx_word' id='word_1_272' title='bbox 101 3952 273 4026; x_wconf 81' lang='lat' dir='ltr'><strong>Genisium</strong></span> <span class='ocrx_word' id='word_1_273' title='bbox 290 3957 382 4026; x_wconf 92' lang='lat' dir='ltr'><strong>venit</strong></span> <span class='ocrx_word' id='word_1_274' title='bbox 399 3955 593 4048; x_wconf 82' lang='lat' dir='ltr'><strong>Lugdunum</strong></span> <span class='ocrx_word' id='word_1_275' title='bbox 609 3958 642 4027; x_wconf 92' lang='lat' dir='ltr'><strong>in</strong></span> <span class='ocrx_word' id='word_1_276' title='bbox 661 3955 772 4048; x_wconf 88' lang='lat' dir='ltr'><strong>vigilia</strong></span> <span class='ocrx_word' id='word_1_277' title='bbox 791 3954 928 4026; x_wconf 73' lang='lat' dir='ltr'><strong>Andrhe</strong></span> <span class='ocrx_word' id='word_1_278' title='bbox 950 3957 1042 4045; x_wconf 87' lang='lat' dir='ltr'><strong>[nov.</strong></span> <span class='ocrx_word' id='word_1_279' title='bbox 1065 3953 1150 4045; x_wconf 53' lang='grc' dir='ltr'><strong>29]Ἰ</strong></span> <span class='ocrx_word' id='word_1_280' title='bbox 1169 3959 1234 4048; x_wconf 82' lang='lat' dir='ltr'><strong>ipae</strong></span> 
     </span>
     <span class='ocr_line' id='line_1_39' title="bbox 101 4049 1234 4149; baseline 0.001 -28"><span class='ocrx_word' id='word_1_281' title='bbox 101 4061 153 4123; x_wconf 89' lang='lat' dir='ltr'><strong>est</strong></span> <span class='ocrx_word' id='word_1_282' title='bbox 175 4049 305 4124; x_wconf 86' lang='lat' dir='ltr'><strong>famosa</strong></span> <span class='ocrx_word' id='word_1_283' title='bbox 329 4053 518 4149; x_wconf 89' lang='lat' dir='ltr'><strong>metropolis</strong></span> <span class='ocrx_word' id='word_1_284' title='bbox 542 4051 648 4125; x_wconf 84' lang='lat' dir='ltr'><strong>Gallie</strong></span> <span class='ocrx_word' id='word_1_285' title='bbox 672 4073 772 4148; x_wconf 89' lang='lat' dir='ltr'><strong>super</strong></span> <span class='ocrx_word' id='word_1_286' title='bbox 794 4049 989 4126; x_wconf 85' lang='lat' dir='ltr'><strong>Rhodanum</strong></span> <span class='ocrx_word' id='word_1_287' title='bbox 1017 4055 1088 4125; x_wconf 93' lang='lat' dir='ltr'><strong>sita.</strong></span> <span class='ocrx_word' id='word_1_288' title='bbox 1120 4050 1167 4122; x_wconf 93' lang='lat' dir='ltr'><strong>lbi</strong></span> <span class='ocrx_word' id='word_1_289' title='bbox 1191 4049 1234 4123; x_wconf 90' lang='lat' dir='ltr'><strong>ad</strong></span> 
     </span>
     <span class='ocr_line' id='line_1_40' title="bbox 101 4149 1234 4246; baseline 0.003 -27"><span class='ocrx_word' id='word_1_290' title='bbox 101 4171 178 4222; x_wconf 88' lang='lat' dir='ltr'><strong>eum</strong></span> <span class='ocrx_word' id='word_1_291' title='bbox 194 4149 287 4221; x_wconf 88' lang='lat' dir='ltr'><strong>multi</strong></span> <span class='ocrx_word' id='word_1_292' title='bbox 304 4150 470 4224; x_wconf 91' lang='lat' dir='ltr'><strong>conlluunt</strong></span> <span class='ocrx_word' id='word_1_293' title='bbox 487 4153 631 4246; x_wconf 89' lang='lat' dir='ltr'><strong>episcopi</strong></span> <span class='ocrx_word' id='word_1_294' title='bbox 649 4149 839 4240; x_wconf 65' lang='lat' dir='ltr'><strong>Galliarum.</strong></span> <span class='ocrx_word' id='word_1_295' title='bbox 857 4151 1087 4246; x_wconf 89' lang='lat' dir='ltr'><strong>Hispaniarum</strong></span> <span class='ocrx_word' id='word_1_296' title='bbox 1110 4161 1143 4222; x_wconf 90' lang='lat' dir='ltr'><strong>et</strong></span> <span class='ocrx_word' id='word_1_297' title='bbox 1160 4149 1234 4222; x_wconf 89' lang='lat' dir='ltr'><strong>Co·</strong></span> 
     </span>
    </p>
   </div>
   <div class='ocr_carea' id='block_1_3' title="bbox 154 4271 1020 4450">
    <p class='ocr_par' dir='ltr' id='par_1_7' title="bbox 154 4271 1020 4450">
     <span class='ocr_line' id='line_1_41' title="bbox 156 4271 325 4342; baseline 0.012 -14"><span class='ocrx_word' id='word_1_298' title='bbox 156 4271 187 4342; x_wconf 88' lang='lat' dir='ltr'><strong>i)</strong></span> <span class='ocrx_word' id='word_1_299' title='bbox 207 4272 325 4330; x_wconf 78' lang='lat' dir='ltr'><strong>Viturbo.</strong></span> 
     </span>
     <span class='ocr_line' id='line_1_42' title="bbox 154 4385 1020 4450; baseline -0.008 -18"><span class='ocrx_word' id='word_1_300' title='bbox 154 4385 414 4434; x_wconf 70' lang='grc' dir='ltr'>Βοιωεεοκτεε</span> <span class='ocrx_word' id='word_1_301' title='bbox 428 4391 448 4430; x_wconf 78' lang='lat' dir='ltr'><strong>a.</strong></span> <span class='ocrx_word' id='word_1_302' title='bbox 987 4388 1020 4450; x_wconf 72' lang='lat'><strong>3¹</strong></span> 
     </span>
    </p>
   </div>
   <div class='ocr_carea' id='block_1_4' title="bbox 0 0 1512 4822">
    <p class='ocr_par' dir='ltr' id='par_1_8' title="bbox 0 0 1512 4822">
     <span class='ocr_line' id='line_1_43' title="bbox 0 0 1512 4822; baseline 0 1"><span class='ocrx_word' id='word_1_303' title='bbox 0 0 1512 4822; x_wconf 95' lang='lat' dir='ltr'><strong> </strong></span> 
     </span>
    </p>
   </div>
  </div>
 </body>
</html>
