3010 4822
249 236 322 312 atti
596 229 1043 322 uamnmusnuaoumaustt.

164 431 234 490 saar
249 409 291 480 de
302 409 399 481 Scala
418 407 568 485 dominus
583 418 659 480 tuno
669 407 890 496 Veronensis,
908 408 1104 483 Passerinus
1117 405 1269 479 dominus
1280 401 1384 478 Man-

248 519 386 598 tuanusa
411 505 600 580 Castruoius
625 505 774 578 domiuus
797 505 949 578 Lucanus
973 504 1081 576 etalii
1104 502 1206 575 Italici
1230 501 1406 588 Gilralini„
1485 505 1486 564 J

249 610 301 701 qui
330 605 494 694 diversas·
511 627 687 698 pressuras
716 607 939 676 sustinuerant
966 625 983 672 a
1013 604 1134 695 legatis
1165 598 1387 678 cardinalibus

164 733 166 736 ·
247 725 334 799 pape
360 702 514 782 lobannis
542 705 688 774 vicesimi
716 700 871 788 secundiq
895 711 928 772 et
951 724 969 771 a
994 699 1212 794 stipendiariis
1241 697 1392 784 ecclesio¹

247 803 406 874 missiset
423 799 591 872 conductis
608 802 642 871 in
652 793 892 889 Lonbardnn‘,
910 798 1131 893 supplicantes
1149 795 1256 866 eidem
1275 807 1311 866 ut
1328 815 1388 888 pro

200 976 202 982 7
247 896 443 972 defensione
460 895 709 969 eorumltaliam
727 896 919 988 dignaretur
935 899 1066 966 intrare.
1100 891 1225 981 Quibus
1244 895 1389 986 acquie—
1485 947 1486 950 ,

247 1013 347 1076 scens
357 999 490 1069 inbavit
498 994 623 1066 ltaliam
635 1017 708 1066 oum
720 1004 822 1086 gente
835 993 971 1065 modica.
995 992 1037 1063 Et
1048 994 1139 1065 venit
1149 989 1389 1074 Mediolanum
1485 1041 1486 1044 ,

224 1091 302 1174 ¹ubi
329 1091 510 1180 honorifice
536 1103 711 1188 susceptus
739 1102 803 1179 est,
829 1103 862 1162 et
885 1100 1060 1178 coronatus
1088 1086 1235 1162 secunda
1263 1107 1392 1158 corona

246 1203 406 1284 argentea
428 1189 601 1285 [mail3l].
635 1189 677 1260 tu
702 1201 776 1284 post
796 1211 870 1262 eum
888 1211 1009 1278 magna
1035 1190 1128 1282 copia
1145 1186 1389 1261 Alamanomm

247 1287 456 1383 sequebatur.
476 1287 573 1359 Unde
590 1309 663 1358 oum
682 1291 715 1357 in
725 1285 913 1358 Mediolano
931 1289 994 1356 iam
1012 1295 1101 1358 tanto
1119 1295 1270 1378 ternpore
1288 1287 1389 1377 quie-
1485 1343 1486 1356 2

246 1396 299 1458 tus
325 1396 438 1476 staret,
463 1383 497 1457 ut
520 1384 664 1456 deficere
687 1385 851 1478 inciperet*
867 1387 900 1454 in
925 1387 1097 1477 expensisq
1124 1379 1275 1453 inductus
1301 1380 1390 1451 malo

247 1483 387 1556 oonsilio
403 1482 626 1578 quorundam,
646 1482 833 1577 predictum
851 1480 1040 1552 Gelensium
1065 1480 1231 1552 dumbmm
1248 1477 1389 1548 Medio-
1485 1501 1486 1568 j

246 1579 432 1671 lunensem„
458 1592 625 1653 auctorem
649 1583 700 1652 sui
723 1581 873 1650 introitus
896 1589 929 1650 et
952 1582 1004 1672 qui
1029 1578 1153 1668 multas
1166 1597 1339 1670 expensas
1356 1578 1388 1644 ei
1485 1579 1486 1599 ¹

246 1679 414 1774 impendit
433 1681 612 1773 captivavit
629 1689 662 1749 et
672 1676 848 1748 dominium
864 1672 1013 1762 eiusdem
1024 1676 1163 1749 civitatis
1182 1673 1277 1745 alteri
1289 1695 1390 1747 cum-
1485 1683 1486 1716 ¹

246 1779 345 1868 misit,
363 1776 518 1848 videlicet
534 1773 666 1867 Hugoni
685 1777 792 1846 comiti
809 1772 852 1843 de
870 1773 1056 1845 Manteiorti
1067 1772 1271 1860 Alemanno,
1290 1779 1325 1840 et
1341 1773 1390 1842 sic

246 1871 323 1944 inde
351 1877 474 1944 transit.
519 1871 675 1966 'Vocatus
702 1893 763 1966 per
791 1869 995 1942 Castrucium
1025 1865 1191 1943 dominum
1219 1867 1387 1939 Lucanum

247 1974 342 2041 venit
359 1971 525 2059 luscium,
543 1965 596 2040 ubi
613 1965 743 2040 obsedit
760 1970 926 2040 civitatem
942 1968 1120 2057 Pisanum,
1138 1987 1235 2060 quam
1254 1964 1387 2036 tandem

248 2065 395 2158 obtriuit,
414 2078 446 2140 et
463 2066 639 2138 dominium
656 2065 775 2137 ibidem
793 2065 963 2138 Castrucio
984 2067 1155 2138 commisit.
1190 2062 1253 2134 Ubi
1278 2065 1388 2157 pesti-

162 2177 164 2182 '
189 2251 194 2257 ³
248 2165 348 2258 lentis
367 2169 496 2260 gravis„
514 2187 578 2259 que
595 2163 655 2234 fuit
672 2185 758 2258 anno
781 2162 901 2234 domini
914 2165 1137 2254 ¹mocosunvi.
1156 2160 1198 2231 da
1217 2159 1394 2250 mensibus

190 2280 194 2286 ·
250 2263 328 2334 iulio
345 2275 379 2335 et
392 2273 533 2356 augusto
551 2285 591 2332 ao
602 2259 792 2355 septembri,
811 2261 929 2354 multos
942 2258 1091 2333 homines
1103 2261 1286 2348 ,interemit
1304 2261 1389 2329 inter

145 2377 147 2380 ’
249 2383 331 2455 quos
347 2362 406 2433 fuit
423 2357 619 2434 Gebhardus
643 2358 686 2429 de
703 2355 896 2452 Grai'spach¹
918 2360 1094 2452 episcopus
1111 2355 1332 2446 Eislatausis,
1355 2366 1387 2426 et

114 2519 115 2522 ,
148 2511 150 2516 ,
178 2470 180 2474 '
240 2459 424 2534 comesde
441 2458 534 2552 Sayn
553 2459 686 2529 nomina
703 2455 929 2530 dantbertus?

183 2579 193 2588 ·
298 2555 348 2628 Εο
365 2568 514 2652 tempora
531 2577 615 2650 papa
625 2552 791 2626 Iohannes
810 2556 895 2625 misit
906 2551 1069 2648 quendam
1085 2552 1234 2644 legatum
1250 2553 1284 2621 in
1299 2552 1387 2624 nta-

32 2719 36 2726 .
96 2651 117 2680 ’·
247 2658 425 2744 manniam,
443 2657 586 2756 priorem
604 2651 645 2722 da
656 2651 798 2724 lbolosa
816 2649 858 2742 do
870 2649 985 2722 ordine
999 2649 1267 2744 Hospitaliomm,
1286 2671 1386 2724 mau-

247 2751 331 2825 dans
349 2749 545 2847 principibus
570 2748 766 2822 electoribus
784 2759 817 2820 et
837 2748 1056 2843 principaliter
1073 2747 1211 2819 dominis
1230 2745 1386 2818 Heinrioo

245 2849 438 2920 Coloniensi
456 2859 489 2920 et
506 2846 642 2918 Matthia
660 2845 906 2939 Moguntinensi
923 2845 1190 2940 archiepiscopis
1208 2843 1388 2938 dequibus

248 2946 436 3041 specialiter
452 2943 648 3034 confidebat
672 2941 717 3014 ut
730 2945 827 3038 alium
850 2965 967 3036 regem
992 2939 1165 3034 eligerant.
1199 2939 1242 3011 Et
1260 2941 1337 3029 cum
1354 2945 1385 3010 in

247 3047 387 3116 termino
404 3041 553 3138 condicto
577 3044 749 3136 principes
762 3045 1012 3135 convenissent,
1030 3041 1150 3113 dommi
1167 3038 1385 3120 Baldewinus

246 3141 469 3215 Treverensis
487 3139 751 3235 archiepiscopus
776 3149 809 3209 ct
824 3136 988 3210 lohannes
1004 3161 1068 3209 rex
1083 3136 1243 3209 maenae
1259 3136 1386 3228 vbuius-

161 3267 179 3282 ··
248 3239 335 3310 modi
353 3241 554 3336 propositum
571 3235 825 3336 impediverunt
852 3248 885 3308 at
908 3238 963 3308 sic
977 3236 1114 3328 legatus·
1127 3234 1175 3306 ad·
1186 3231 1311 3328 papam
1325 3257 1385 3304 re-

247 3357 371 3420 uersus
388 3340 531 3420 estsine
548 3335 624 3420 fine.
855 3415 857 3420 ,
889 3413 893 3422 ,
924 3421 927 3428 Ι
1378 3415 1380 3420 ,

243 3487 246 3494 .
297 3437 494 3508 Passerinus
528 3434 692 3505 dominus
708 3423 906 3504 Mantuanus
939 3431 1017 3504 lecit
1049 3429 1233 3524 conflictum
1262 3431 1387 3502 civitati

200 3589 204 3596 .
241 3530 462 3624 Bononiensi,
486 3535 523 3602 in·
542 3551 606 3625 quo
623 3531 735 3626 plures
753 3534 837 3624 capti
857 3526 932 3603 sunt
955 3539 989 3600 et
1003 3523 1117 3617 occist
1140 3537 1276 3625 propter
1300 3527 1386 3624 quod

247 3629 479 3704 Bononienses
496 3629 643 3721 legatum
661 3627 750 3701 sedis
769 3629 948 3724 apostolice
966 3631 998 3697 in
1016 3623 1208 3698 lombardia
1227 3629 1386 3698 existan-

248 3737 315 3799 tem
332 3749 391 3823 pro
409 3726 540 3798 domino
553 3737 763 3821 receperunt.
818 3768 820 3773 -
885 3769 887 3774 ,
989 3799 990 3802 ,
1045 3725 1048 3730 ’

243 3836 247 3842 ’
297 3827 378 3900 Rex.
391 3824 575 3920 Litphonio³
593 3847 667 3896 oum
686 3823 887 3897 multitudine
904 3818 1384 3920 paganorummarcbionatum

148 3937 153 3950 ·‘
186 4015 203 4022 „
247 3922 604 4022 Brarrdenburgensem
619 3921 794 3994 crudeliter
810 3922 1035 4018 depopulatur.
1051 3920 1124 4016 ffi‘l
1140 3919 1382 4002 marchionatus

266 4035 267 4040 ’
303 4037 333 4104 l)
351 4037 409 4092 hier
425 4035 507 4093 istiu
528 4037 579 4091 dan
605 4030 728 4090 umeros
750 4033 902 4090 abdrtiolren
928 4035 997 4091 noch
1025 4027 1176 4103 loigauder'
1191 4033 1218 4088 iu
1244 4025 1295 4088 dcr‘
1310 4033 1382 4086 uen-

248 4106 349 4178 burgar
366 4109 409 4163 ba:
427 4107 566 4162 leblender
583 4113 687 4162 ansata:
707 4106 750 4162 bic
763 4107 919 4162 Gebbardns
936 4105 1002 4160 obiit
1014 4121 1090 4160 varrno
1104 4102 1205 4160 domiui
1219 4101 1378 4159 mosomii

249 4179 281 4234 in
305 4179 348 4233 dia
372 4178 540 4236 exaltationis
566 4183 658 4234 mame
685 4178 771 4233 erucis
798 4181 877 4249 [sept.
904 4175 956 4245 14].
1000 4177 1035 4243 2)
1057 4174 1227 4231 Gadeiridns'
1247 4174 1326 4230 sollio
1349 4187 1377 4226 es

249 4249 365 4308 heissen.
379 4259 390 4308 '.'
402 4251 434 4319 3)
454 4267 485 4304 so
506 4251 578 4303 Gew.
600 4250 652 4303 und
670 4250 716 4310 dic
735 4249 891 4318 Neuburger
910 4250 960 4314 irs,
978 4245 1088 4306 livonia
1105 4247 1210 4302 Frchar.
