2900 4820
455 227 620 287 mammos
642 225 980 290 nosswbttcunoensis.
1203 233 1272 310 261

147 407 294 481 Iohanne
311 417 444 502 propter
460 409 633 503 pecuinam
650 410 836 482 assistente.
887 406 1051 483 libans
1067 404 1275 500 eruimurbis,
1290 423 1361 484 tate

147 505 404 597 lautorUngari,
422 504 608 601 disparens,
627 529 667 577 eo
688 517 836 602 tempore
853 529 918 579 non
929 517 1127 603 eratpotons
1138 509 1171 578 in
1182 504 1274 578 tube.

148 602 304 676 Vendidit
321 615 429 674 autern
447 607 517 698 ipsa
534 603 693 694 lobanna,
711 615 865 702 qnanmm
882 609 916 677 in
934 627 973 677 ea
991 606 1062 696 fuit,
1083 627 1168 702 pape
1186 607 1275 677 civi-

146 711 246 773 tatem
264 701 529 774 Avinionensem
545 725 605 797 pro
623 704 722 774 multa
740 705 880 798 pecunie
898 707 1083 798 quontitate.

146 837 197 908 Dc
218 844 390 908 terremotu
412 840 557 908 mocimo
578 841 613 908 to
633 841 687 908 dic
707 839 926 909 conversionis
945 824 1052 910 sancti
1071 813 1175 910 Ponti.

208 949 338 1024 Eodem
360 975 446 1024 anno
474 951 594 1025 domini
616 951 844 1026 meaculviii.
862 975 979 1026 mense
1003 956 1140 1026 ianuarii
1164 957 1198 1028 in
1220 955 1274 1027 die

146 1053 376 1124 conversionis
400 1047 487 1123 beati
503 1051 594 1122 Pauli
620 1051 698 1142 [ian.
713 1050 777 1140 25]
801 1050 905 1123 iactus
924 1061 975 1122 est
992 1061 1187 1126 terremotus
1205 1075 1275 1145 ge-

146 1149 271 1220 neralis
289 1157 321 1218 et
339 1170 493 1240 magnus,
518 1171 563 1220 ex
580 1170 643 1242 quo
660 1144 810 1221 homines
827 1151 893 1242 pati
911 1151 1091 1244 sincopium
1108 1143 1275 1244 putaban-

145 1255 207 1317 tur.
234 1245 296 1332 Qui
314 1248 396 1316 etin
414 1244 573 1340 aliquibus
591 1246 672 1318 locis
689 1246 797 1318 multis
816 1242 930 1318 diebus
943 1245 1084 1338 duravit,
1101 1251 1275 1341 presertim

145 1347 179 1416 in
196 1341 378 1431 Kerinthia,
403 1339 457 1413 ubi
480 1343 612 1437 opidum
638 1342 765 1434 grande
782 1341 911 1414 Villach
935 1365 1009 1416 curn
1026 1343 1134 1417 undtm
1158 1347 1274 1420 esuis

146 1441 278 1514 etvillis
295 1439 381 1512 illius
395 1441 492 1514 vallis
511 1449 704 1512 corruerunt
721 1450 753 1512 et
770 1443 950 1536 perierunt,
968 1451 1002 1512 et
1017 1443 1051 1514 in
1068 1443 1176 1516 multis
1192 1443 1275 1518 locis

145 1562 192 1612 ex
207 1535 271 1612 hoc
287 1534 485 1632 incredibilia
503 1547 698 1610 evenerunt.

144 1687 197 1758 Dc
211 1687 410 1776 pestilencia
427 1688 495 1755 stoc
515 1687 557 1756 dc
574 1687 773 1756 mortctr‘totc
792 1685 958 1756 mmintm
977 1687 1168 1758 mommo
1191 1694 1275 1759 tarn·

241 1802 327 1874 porc
347 1785 462 1854 dibeoii
478 1803 544 1853 non
564 1787 687 1855 cadim.

196 1897 298 1972 Facta
316 1908 368 1971 est
385 1907 495 1969 autem
513 1909 545 1997 et
561 1899 754 1994 pestilencia
772 1898 973 1972 mortalitatis
992 1898 1170 1992 hominum,
1190 1922 1276 1995 pre-

146 1999 261 2070 sertim
284 1999 318 2067 in
341 1993 485 2090 partibus
508 1998 727 2069 ultramarinis
751 2007 785 2068 et
807 1999 973 2069 maritimis
998 2007 1032 2070 et
1057 1998 1128 2069 aliis
1143 2001 1276 2092 vicus,

143 2095 250 2192 qualis
273 2117 291 2164 a
313 2104 459 2188 tempore
481 2094 593 2166 diluvii
614 2116 680 2165 non
702 2105 753 2166 est
778 2095 876 2185 lacta,
904 2093 1062 2189 aliquibus
1089 2099 1185 2170 terris
1208 2096 1277 2169 bo-

142 2191 286 2265 minibus
306 2195 435 2285 penitus
457 2195 625 2283 vacuatis,
652 2193 826 2288 multisque
852 2191 1005 2265 trieribus
1031 2195 1065 2263 in
1092 2196 1173 2264 mari
1200 2217 1276 2268 cum

143 2291 386 2379 mercimoniis,
413 2286 644 2361 habitatoribus
668 2293 838 2381 extinctis,
867 2292 940 2362 sinc
967 2297 1096 2360 rectore
1123 2293 1273 2386 repertis.

143 2387 295 2460 Morsilie
316 2389 491 2480 episeopus
514 2409 588 2458 oum
609 2397 675 2458 toto
698 2388 836 2482 capitulo
857 2397 890 2458 et
917 2389 1008 2480 quasi
1029 2407 1145 2460 omnes
1165 2389 1275 2460 Prae-

145 2485 310 2557 dicatores
332 2495 365 2555 et
385 2483 532 2556 Minores
555 2507 628 2556 curn
650 2485 746 2579 dupla
773 2494 867 2580 parte
887 2483 1138 2556 inhabitancinm
1158 2488 1275 2581 perio-

143 2594 229 2656 runt.
275 2581 371 2670 Quod
391 2585 423 2652 in
445 2580 777 2674 lilonte-Pessulano,
798 2586 832 2653 in
852 2581 925 2653 Neo
948 2581 991 2652 oli
1014 2583 1139 2655 etaliis
1160 2585 1275 2676 regnis

144 2691 178 2754 et
199 2677 383 2753 civitatibus
405 2689 512 2751 actum
534 2683 591 2770 sit,
622 2683 693 2775 quis
719 2677 895 2751 narraret?
969 2678 1171 2752 altitudinem
1196 2703 1276 2752 rno-

143 2779 305 2853 rieneium
317 2779 486 2850 Avinione
502 2781 534 2848 in
554 2781 655 2868 curia,
677 2781 905 2870 contagionem
923 2775 1039 2869 morbi,
1061 2799 1106 2848 ex
1123 2801 1185 2872 qua
1203 2781 1276 2851 sino

145 2879 364 2949 sacramentis
384 2879 550 2970 perierant
569 2875 719 2948 homines
741 2885 774 2946 et
794 2898 859 2948 neo
876 2884 1031 2968 parentes
1052 2873 1192 2948 liliorum
1212 2897 1277 2950 nco

144 2983 299 3063 econtra,
323 2995 387 3045 nec
407 2975 487 3047 socii
508 2977 691 3066 sociorum,
719 2995 784 3044 nec
802 2973 915 3046 famuli
936 2973 1140 3044 dominorum
1164 2995 1277 3046 curam

143 3069 339 3161 habuerant,
358 3081 434 3166 quot
451 3069 567 3144 domus
585 3075 765 3143 cumomni
783 3069 1009 3166 suppellectile
1018 3091 1126 3142 vacue
1144 3070 1276 3161 liuerint,

145 3191 228 3264 quas
247 3168 357 3242 nullus
375 3169 504 3260 ingredi
522 3167 675 3259 audebat,
692 3167 811 3241 horror
828 3178 880 3241 est
897 3165 1043 3241 scribere
1059 3167 1275 3240 velnarrare.

144 3266 243 3338 Nulla
262 3266 321 3337 fuit
337 3264 380 3337 ibi
398 3289 571 3339 causarum
589 3270 738 3359 agitacio.
790 3267 878 3362 Papa
895 3267 1042 3338 inclusus
1060 3286 1192 3355 camere
1209 3263 1276 3336 ha-

143 3358 235 3435 benti
251 3368 350 3456 ignes
368 3386 509 3456 magnos
528 3369 693 3454 continue,
710 3364 790 3436 nulli
808 3362 904 3436 dabat
921 3362 1104 3438 accessurd.
1130 3362 1277 3436 Terras·-

145 3483 209 3556 que
226 3461 291 3532 hec
307 3465 409 3556 pestis
427 3460 596 3553 transibat,
613 3485 677 3533 neo
693 3472 843 3556 poterant
858 3460 1138 3557 philosophantes,
1156 3483 1277 3555 quam-

143 3563 199 3632 vis
217 3560 317 3630 multa
335 3559 495 3650 dicerent,
513 3570 636 3632 certem
653 3558 695 3630 de
712 3559 774 3632 biis
791 3559 902 3631 dicere
920 3563 1100 3649 racionem,
1117 3561 1179 3632 nisi
1191 3557 1278 3654 quod

146 3655 201 3727 dei
219 3667 313 3729 esset
329 3658 493 3730 voluntas.
545 3658 682 3752 Hocque
705 3677 793 3729 nuno
816 3655 903 3748 hinc,
924 3667 1001 3729 truie
1022 3654 1079 3746 ibi,
1102 3678 1164 3750 per
1184 3660 1276 3726 inte-

146 3775 244 3846 grum
263 3777 384 3826 annum
402 3759 501 3826 immo
517 3755 642 3851 pluries
660 3752 805 3854 durabat.

145 3903 196 3974 lic
216 3905 308 3973 molo
332 3901 428 3986 sumo
454 3911 487 3974 ct
510 3901 692 3990 infortunio
712 3904 886 3976 iudeorum
907 3907 943 3974 iu
970 3903 1107 3974 timetis
1132 3901 1228 3972 tcrrtb
1247 3909 1281 3972 ct

242 4001 439 4091 reqionum.
1293 4055 1300 4082 ,

195 4116 240 4191 Et
255 4119 400 4191 infamati
418 4126 495 4191 suni
511 4116 615 4209 ludei,
633 4114 720 4213 quod
736 4113 921 4192 huiusmodi
936 4113 1163 4212 pestilenciam
1179 4115 1278 4188 lece-

147 4218 212 4292 rint
228 4215 287 4294 vel
305 4219 470 4310 auxerint,
494 4213 635 4293 lontibus
654 4226 688 4287 et
704 4218 810 4316 puteis
833 4217 952 4292 iniecto
969 4235 1113 4294 veneno.
1137 4211 1180 4291 Et
1197 4235 1278 4296 otc·
