2882 4818
253 214 324 286 186
553 210 716 266 mattulis
736 207 1072 266 NUEWENBURGENSlS.

253 385 369 460 babilis
387 383 597 479 processibus
615 381 731 456 debitis
749 395 913 478 tamquam
931 388 963 456 in
981 388 1160 460 maiestatis
1183 385 1259 456 lese
1277 391 1391 456 reum*

254 509 294 556 ac
309 482 507 578 proditorem
525 493 558 552 et
579 481 707 554 bostem
731 485 857 577 imperii
881 485 1079 575 privacionis
1102 487 1251 554 omniurn
1277 481 1395 554 domi-

254 587 380 654 niorum
399 591 432 650 et
448 580 714 674 decapitacioniS,
738 583 765 650 si
791 603 933 674 unquam
949 585 1080 652 veniret
1103 584 1134 651 in
1159 584 1291 674 imperii
1317 581 1396 652 ior-

253 685 348 766 aiam„
367 683 568 751 sentenciam
586 679 808 772 promulgavit
820 677 931 767 [1313
943 700 1011 771 apr.
1019 678 1096 768 26].
1122 681 1228 766 Quam
1241 689 1397 750 senteu-

254 783 337 850 ciam
349 775 505 848 Clemens
523 798 605 870 papa
623 787 853 870 postmortem
870 778 1193 849 cesartsravocaviu
1221 775 1399 850 Convenit

253 887 363 948 autem
381 896 478 948 cesar
495 897 570 946 oum
585 895 670 964 rege
681 873 791 944 Sicilie
810 872 851 945 de
869 873 975 944 darida
995 874 1057 948 lrlia
1077 897 1136 946 sua
1156 875 1223 946 blio
1234 875 1347 948 Siculi
1365 889 1398 948 et

253 975 303 1046 dis
326 975 412 1046 osuit
430 993 468 1046 se
485 975 603 1044 iturum
621 969 792 1065 Neapolim
811 982 845 1043 et
861 975 894 1042 in
911 982 1022 1066 partes
1040 973 1122 1046 illas.
1159 974 1238 1045 Rex
1258 997 1398 1067 quoqne

253 996 418 1144 Roianus
436 1070 595 1165 disposuit
610 1069 772 1140 recedere
789 1069 831 1140 de
849 1091 968 1161 regno,
985 1091 1103 1144 cesare
1121 1073 1297 1160 veniente,
1316 1077 1397 1144 etin

253 1171 459 1242 Provinciam
474 1190 512 1240 se
525 1166 715 1240 transferre.
760 1167 920 1240 Decrevit
936 1170 1041 1240 eciam
1051 1189 1161 1258 cesar,
1180 1191 1220 1242 se
1230 1170 1398 1263 Apuliam

254 1277 287 1338 et
296 1277 417 1338 terram
428 1265 562 1336 Roberti
573 1265 684 1337 Siculo
695 1270 955 1338 commissurum.
982 1267 1300 1360 Preeeperateeiam
1313 1289 1398 1338 om-

253 1364 348 1436 nibus
366 1363 548 1436 civitatibus
567 1373 600 1434 et
617 1367 779 1457 episcopis
803 1375 837 1436 et
854 1364 932 1436 aliis.
948 1363 1156 1456 magnatibus
1173 1365 1399 1454 Alamannis,

253 1474 288 1536 nt
311 1464 567 1532 transmitterent
589 1483 711 1534 novam
735 1474 887 1552 gentem„
915 1484 979 1556 que
1004 1466 1068 1534 iarn
1093 1473 1188 1534 crant
1212 1465 1245 1532 in
1273 1467 1398 1535 itinere

253 1558 418 1634 veniendi.
461 1559 608 1630 Venerat
632 1563 735 1630 eciam
753 1570 859 1630 mater
875 1562 1079 1653 imperatoris
1098 1580 1172 1630 curn
1191 1559 1258 1632 filia
1278 1560 1399 1632 Siculo

253 1656 360 1728 danda
378 1678 482 1752 usque
499 1656 540 1728 ad
553 1657 716 1730 Basileam
736 1658 776 1729 ad
794 1679 945 1730 cesarem
962 1658 1158 1750 proiectura.
1194 1655 1402 1730 Ducebatur

254 1759 359 1828 eciam
375 1759 439 1826 iam
456 1755 586 1827 domina
604 1755 793 1844 liutharium
819 1776 913 1826 soror
930 1754 1049 1826 ducum
1065 1755 1204 1828 bustric
1221 1757 1400 1850 quondam

253 1852 382 1924 Alberti
398 1854 622 1925 Romanorum
638 1855 731 1944 regis
750 1852 827 1941 filia,
845 1856 1031 1945 imperatori
1048 1863 1198 1946 nuptura.

316 1951 516 2022 Premiserat
533 1954 638 2022 eciam
655 1973 752 2024 cesar
768 1949 947 2046 predictum
966 1952 1116 2022 comitem
1134 1950 1176 2020 de
1187 1950 1400 2023 Blanelren-

252 2049 337 2139 berg
355 2044 396 2117 ad
413 2046 527 2118 urbem
549 2047 609 2119 sibi
635 2048 720 2142 apud
739 2059 886 2120 sanctum
905 2048 1036 2120 Petrum
1060 2047 1258 2120 domicilium
1283 2073 1401 2142 paru-

253 2157 370 2218 turum.
409 2145 452 2216 Et
468 2149 560 2217 venit
577 2169 674 2218 cesar
691 2169 764 2216 cum
783 2149 931 2217 exercitu
949 2167 1010 2217 suo
1029 2147 1119 2216 iuxta
1137 2145 1247 2216 Seuas
1267 2146 1401 2240 aliquot

254 2242 580 2316 diabusScnensium
597 2243 656 2317 sibi
673 2243 845 2316 rebellium
863 2253 983 2314 terram
1001 2245 1087 2334 ignis
1105 2243 1261 2314 incendio
1275 2243 1401 2316 deva-

253 2341 370 2414 stando
387 2351 421 2412 et
437 2352 550 2436 captos
568 2346 678 2416 exeis
696 2345 729 2414 in
746 2337 916 2414 arboribus
934 2339 1178 2434 suspendendo.
1217 2340 1265 2412 Et
1283 2345 1320 2414 in
1339 2349 1401 2416 vi-

253 2440 331 2532 gilia
349 2443 587 2532 assumpcionis
606 2439 701 2511 beate
720 2441 859 2528 virginis
883 2438 1054 2510 decantata
1073 2459 1185 2512 eorum
1203 2461 1247 2510 eo
1273 2444 1400 2512 missa.

254 2557 360 2630 coque
378 2560 439 2630 per
456 2537 618 2631 quendam
635 2537 876 2610 Prodicntorem
895 2539 1131 2608 communicato
1148 2549 1223 2629 post
1251 2541 1402 2610 missam

253 2637 339 2727 cepit
356 2635 440 2705 illico
458 2633 621 2706 infirmari.
673 2633 852 2706 Dicebatur
872 2637 972 2722 enirm
997 2632 1083 2726 quod
1106 2637 1178 2728 ipse
1196 2635 1404 2708 Predicator

253 2755 422 2804 venenrun
446 2731 507 2804 sub
524 2755 637 2822 ungue
655 2732 745 2822 digiti
768 2743 887 2804 tenens
912 2729 1110 2804 absconsum
1132 2742 1207 2825 post
1231 2753 1403 2805 commu-
1439 2761 1440 2786 ι

253 2833 386 2901 nionern
409 2833 498 2922 potui
518 2833 642 2903 cesaris
666 2833 857 2902 immisisset
878 2839 912 2900 et
938 2828 1024 2900 illico
1047 2832 1260 2902 recessisset.
1311 2831 1402 2904 Cum

253 2937 364 3000 autern
380 2927 608 2999 consuleretur
625 2929 744 3016 cesariq
768 2926 854 3020 quod
871 2928 965 2997 Pisas
983 2937 1223 3017 revertemur,
1242 2929 1341 3022 ipse„
1366 2955 1403 3000 se

253 3029 289 3095 in
310 3028 449 3096 seruicia
473 3029 598 3096 donrint
615 3045 682 3096 csse
700 3034 732 3095 ct
745 3045 812 3096 nora
834 3032 1096 3111 nemorosorum,
1119 3025 1310 3117 respondit
1358 3029 1402 3098 Et

254 3121 439 3216 procedens
463 3145 538 3194 oum
556 3127 706 3196 venisset
726 3121 768 3194 ad
786 3122 910 3210 vittam
935 3141 998 3214 qne
1022 3121 1137 3194 dicitur
1153 3121 1402 3209 Bonconveut
1438 3143 1439 3154 ¹

253 3219 411 3314 progredi
426 3221 510 3292 ultra
528 3223 687 3313 nequivit,
713 3219 773 3292 sed
795 3222 827 3292 in
851 3219 905 3290 dia
927 3216 1011 3289 beati
1028 3217 1254 3290 Bartholomei
1277 3222 1403 3311 [1313

254 3316 406 3406 aug.24]
427 3316 581 3388 decessit.
623 3321 728 3404 Quem
753 3320 919 3390 exereitus
943 3317 1037 3390 Pisas
1062 3315 1206 3406 redunt,
1234 3317 1294 3388 ubi
1323 3345 1404 3392 curn

254 3413 408 3486 ineffabili
434 3414 673 3486 lamentacione
700 3415 879 3486 honorilice
903 3425 956 3486 est
978 3414 1128 3506 sepultus
1153 3437 1243 3486 anno
1271 3415 1404 3490 domini

253 3515 433 3584 moeuxiii.
484 3511 603 3606 Sioque
627 3511 709 3582 heu!
738 3515 832 3604 periit
854 3513 1027 3603 columpna
1051 3515 1344 3602 magnanimitatis
1371 3527 1403 3586 ct

254 3610 380 3682 iusticie
398 3633 438 3682 ae
453 3609 515 3682 ilos
534 3613 691 3700 germinis
708 3607 964 3682 Germanorum!

327 3707 437 3780 Pisani
461 3717 571 3778 autem
589 3729 663 3780 cum
685 3717 859 3798 magnates
875 3709 1002 3782 cesaris
1026 3711 1246 3800 repatriantes
1271 3731 1404 3784 ‚seeum

255 3808 400 3875 retinere
418 3825 483 3874 non
501 3815 649 3898 possent„
674 3806 763 3875 multi
782 3814 891 3875 tamon
910 3805 1066 3875 militares
1090 3802 1133 3873 de
1157 3809 1317 3876 exercitu
1338 3833 1404 3878 rs-

256 3910 448 3974 mnnscrunt
466 3903 630 3974 cumillis.
682 3901 724 3972 Et
741 3903 824 3972 lactu
844 3911 895 3972 est
913 3899 1004 3992 briga
1024 3905 1108 3972 inter
1125 3900 1317 3990 Rcbertum
1339 3931 1404 3976 rc·
1436 3977 1437 3999 q

256 4023 348 4090 gem,
366 4002 569 4092 capitaneum
588 3998 770 4086 Gallorum
790 4010 823 4070 ct
840 4001 988 4070 Pisanos.
1031 3997 1074 4070 Et
1089 3997 1175 4070 laeto
1194 4011 1322 4092 postea
1342 4028 1406 4097 prr

257 4119 378 4166 annrmr
406 4095 555 4166 conilictu
583 4108 659 4167 antc
684 4096 974 4166 blonternoatiuum
1005 4097 1116 4186 [1315
1136 4097 1315 4188 ιιιιιξ.29]Ἰ
1348 4101 1404 4170 ubi

311 4215 340 4282 l)
360 4233 434 4270 rcum
452 4217 483 4272 Α.
505 4217 558 4272 und
578 4217 618 4288 c,
635 4219 725 4273 woltir
744 4218 771 4272 iu
790 4217 818 4274 B.
839 4219 881 4274 cin
900 4219 987 4274 lecrer
1005 4237 1085 4274 raum.
