2900 4820
436 249 545 308 ouem
564 249 747 309 auumoum
766 251 819 308 uu
835 249 976 308 manua.
1196 253 1269 328 299
1365 214 1369 224 ’

141 423 225 498 diota
242 425 444 499 medioorum
468 431 705 502 oonbnenoiam
722 433 794 504 eius
813 431 941 502 sanitati
964 427 1100 521 obesse,
1123 431 1196 522 ipso
1212 428 1270 501 le-

142 526 263 596 minam
280 523 415 620 pulebra
432 526 616 619 alloquens,
634 537 729 622 prout
744 526 831 600 bena
842 530 950 616 scivit,
967 537 1042 622 post
1059 529 1130 600 eius
1148 548 1271 599 reces-

141 645 216 695 sum
239 627 438 695 camerarios
462 623 631 716 redarguit
653 625 821 714 iracunde,
845 627 957 696 iurans
981 645 1054 714 eos,
1079 627 1108 696 si
1131 625 1269 718 amplios

139 719 300 810 lacerant,
318 724 352 792 in
369 725 421 794 sui
436 720 557 794 lurrdlia
575 745 642 794 non
659 743 842 796 mansuros.
868 720 906 792 ln
923 722 1075 813 largitate
1092 743 1220 816 quoquo
1237 731 1271 793 et

140 821 291 910 potenoia
307 839 438 907 omnes,
456 821 618 913 quiinilla
636 820 718 893 seda
735 829 811 891 ante
829 841 905 890 eum
922 819 1064 909 luerunt,
1082 822 1269 892 antecessit.

138 914 368 1011 Exdnotisqua
384 917 493 990 muns
510 918 597 990 illius
614 929 703 990 tarra
720 916 881 990 nobilibus
900 916 959 990 sibi
976 916 1167 1005 rebellibus7
1190 928 1270 989 tan-

141 1011 217 1084 dem
233 1014 457 1105 lantgravium
474 1013 595 1088 Hassie
611 1019 818 1088 iniuriantem
836 1015 978 1088 eeclesia
997 1037 1057 1089 sue
1075 1036 1175 1109 super
1192 1019 1271 1110 qui-

138 1109 279 1184 busdam
297 1110 447 1184 dominiis
464 1135 539 1184 oum
556 1118 705 1186 exercitu
721 1112 924 1186 validissimo
947 1115 1172 1208 persequitur3
1195 1135 1270 1184 aum

139 1229 204 1303 quo
222 1207 339 1282 deoem
355 1207 568 1284 hebdomadis
586 1215 619 1282 in
643 1221 729 1284 terra
747 1211 869 1284 Hassis
887 1213 1113 1305 eopiosissime
1131 1231 1269 1282 mouens

137 1307 233 1380 laetis
259 1306 474 1397 ponticulus,
498 1307 666 1382 oombusta
690 1320 777 1382 terra
795 1313 963 1402 raptisque
981 1305 1139 1400 aliquibus
1157 1310 1270 1379 muni·

139 1403 288 1477 sionibus
306 1404 462 1476 mirabilia
481 1417 514 1478 et
529 1406 671 1478 inaudita
732 1409 820 1498 regit
836 1405 977 1497 [13271.
1012 1405 1075 1478 llio
1091 1405 1189 1478 filiam
1207 1427 1271 1478 so-

138 1506 223 1574 roris
248 1523 311 1575 sue
335 1503 377 1574 da
394 1503 579 1596 Sigenowa
602 1503 692 1576 Eber
714 1504 794 1576 ardo
817 1507 925 1576 obmiti
948 1506 1044 1576 unioo
1068 1503 1110 1575 de
1130 1501 1272 1597 llyburg

138 1599 269 1672 tradidit
277 1603 312 1672 in
322 1623 472 1672 uxorem.
498 1602 647 1689 publicet
663 1612 760 1674 antea
778 1605 821 1674 im
866 1613 940 1674 tens
958 1601 1161 1690 eraderetur,
1179 1601 1271 1672 mul·

138 1708 190 1768 tos
209 1721 256 1770 ex
272 1701 345 1792 ipsa
362 1697 446 1771 lilios
460 1699 586 1772 etfiliua
604 1703 800 1795 procreavit
841 1721 903 1793 pse
914 1697 1270 1793 Mauyasltudonum,

137 1795 363 1866 marchionem
380 1795 422 1868 de
431 1796 559 1887 Badem
577 1797 711 1869 affinem
728 1819 824 1870 suum
843 1795 883 1867 ab
901 1795 1071 1870 obsidione
1089 1797 1190 1868 Ulriai
1207 1816 1271 1867 oo·

139 1896 225 1966 mitis
244 1893 287 1964 de
306 1891 533 1987 Wiritenberg
550 1896 688 1966 viriliter
710 1893 872 1968 liberavit.
908 1893 946 1966 ln
963 1898 1055 1968 ouius
1073 1892 1271 1966 marobiouis

138 1990 292 2062 favorem
310 2001 440 2085 oaptnm
457 1991 646 2064 Gunradum
662 1994 793 2088 Rpsem
817 1992 952 2064 militem
970 2002 1152 2080 strenuum
1176 2013 1272 2063 mar-

138 2086 265 2160 obiouis
292 2091 475 2179 inimicumq
509 2089 641 2163 tandem
668 2092 802 2164 uolente
829 2089 1017 2162 marobioua
1045 2089 1173 2163 dimisit.
1209 2089 1271 2176 Qui

137 2185 234 2258 miles
258 2189 292 2258 in
315 2190 417 2279 ipsius
445 2187 680 2282 archiepiscopi
708 2191 853 2263 servioio
879 2191 913 2259 in
935 2185 1106 2279 llttstberg
1131 2185 1272 2258 fideliter

137 2305 262 2453 tttb
270 2285 537 2472 statutt?
545 2283 1273 2476 blitttbtlltbttllbbtt‘t

1002 2435 1012 2470 2

137 2476 284 2551 hannem
301 2477 439 2550 Sennea
460 2479 503 2552 de
519 2479 735 2573 bidusingenq
759 2482 860 2554 filium
885 2484 1008 2554 sororis
1034 2501 1107 2566 sue,
1131 2481 1273 2550 oenotri-

138 2598 216 2648 oum
231 2576 525 2743 bpogumtinensem
543 2589 577 2650 et
593 2583 795 2673 prepositum
813 2582 918 2652 sancti
928 2579 1071 2651 Viotoris
1088 2574 1273 2668 Mogontini

140 2695 243 2746 oraan
266 2696 296 2747 o.

189 2770 310 2845 Habuit
334 2781 443 2844 autam
459 2775 531 2867 ipsa
549 2771 702 2867 Mathyas
726 2774 953 2848 confessorem
975 2774 1110 2846 fratrem
1127 2771 1273 2844 Ulrioum

138 2869 183 2940 de
200 2867 424 2962 Lentaeburg‚
447 2871 606 2944 lentorem
626 2871 749 2945 ordinis
774 2870 1008 2943 heremitarum
1025 2873 1129 2944 sanati
1148 2869 1274 2962 Augu-

140 2970 229 3057 stiniq
260 2971 313 3062 qni
339 2972 374 3040 in
401 2990 557 3060 magnam
584 2968 833 3041 familiaritatem
860 2973 993 3041 racione
1021 2973 1124 3064 ipsius
1151 2966 1274 3039 domini

138 3064 277 3160 lllatbye
301 3075 489 3160 assumptus
515 3066 646 3138 taudem
669 3077 744 3163 post
770 3067 888 3142 multos
911 3065 1043 3138 labores
1060 3077 1136 3160 post
1153 3065 1273 3136 domini

138 3161 277 3258 blatbye
301 3161 422 3236 obium
449 3186 510 3257 per
532 3167 640 3258 ipsum
662 3187 782 3260 papam
805 3168 838 3236 in
863 3164 1059 3237 Curiensem
1082 3165 1273 3257 episeopum

140 3269 194 3332 est
211 3271 379 3354 promotus
401 3261 544 3353 [13311.
576 3262 640 3335 llio
655 3263 917 3355 Augustinensis
943 3273 1078 3335 strenua
1097 3283 1136 3333 se
1153 3269 1272 3332 mneos

138 3357 306 3431 dominum
320 3359 362 3430 de
372 3360 471 3448 Vota,
490 3365 655 3456 antiquum
670 3361 813 3434 eeclesia
825 3359 994 3433 Curiansis
1012 3368 1273 3452 persecutorem,

139 3455 305 3550 usquead
330 3460 433 3551 ipsius
457 3458 499 3530 de
516 3458 603 3530 Vata
626 3469 765 3530 mortem
790 3461 944 3552 persequi
962 3467 996 3528 et
1012 3455 1185 3530 destruere
1206 3477 1272 3526 non

139 3557 307 3640 oessavit3
324 3558 377 3648 qui
395 3565 491 3628 antea
510 3559 685 3651 episeopos
700 3556 881 3632 Curienses
895 3567 928 3628 at
945 3555 1094 3628 dominos
1112 3557 1162 3628 eis
1180 3555 1272 3626 assi-

139 3659 268 3724 stentes
286 3651 455 3726 desumit.

189 3749 341 3822 Vacante
368 3773 497 3846 quoque
525 3756 637 3847 episoo
661 3763 715 3824 atu
741 3752 890 3847 Spirensi
917 3774 978 3846 per
1003 3749 1124 3822 obitum
1151 3748 1272 3821 domini

137 3845 339 3942 Empcbonis
358 3848 399 3919 de
416 3848 592 3943 Lpningen
613 3775 844 3944 [d1328apr.
857 3850 921 3939 20]
939 3848 1103 3942 prediatus
1121 3846 1271 3917 dominus

139 3943 295 4040 mathyas
314 3945 404 4017 fratri
416 3969 477 4020 suo
490 3947 822 4036 dominaberuotdo„
840 3945 1096 4018 commendatori
1113 3941 1272 4037 predicto,

140 4047 233 4136 quasi
258 4045 373 4133 invito„
400 4068 474 4116 oum
492 4057 617 4117 armata
642 4046 761 4118 milicia
780 4047 873 4118 miles
898 4053 1052 4116 strenuus
1076 4041 1185 4128 luerit
1211 4061 1272 4134 per

140 4139 308 4212 dominum
329 4164 448 4236 papam
472 4142 514 4216 da
530 4147 604 4239 ipso
621 4147 812 4240 episcopatu
835 4148 1072 4238 procuraverat
1095 4137 1271 4234 provideri.

140 4237 203 4312 llio
219 4237 429 4334 bertholdus
453 4245 506 4336 qui
530 4265 664 4340 semper
687 4241 852 4315 mordine
871 4243 953 4314 vixit
970 4240 1124 4333 egregia
1148 4233 1273 4331 sibique
