3012 4820
508 251 855 317 mconnusmuonnl.
1177 253 1249 333 607

119 441 152 504 et
169 433 350 504 enimernnr
368 453 501 504 suerum
518 433 664 526 periculo
681 433 862 527 aliqualiter
888 429 1083 522 observare,
1099 431 1337 526 quoniem13³8

119 529 532 602 eonstetseoundurniurn
551 531 743 602 tundivium
772 553 868 624 quum
892 532 1048 602 cononica
1074 540 1106 602 et
1129 530 1251 618 eivilin,

120 627 206 723 qnod
225 627 371 720 prefatus
389 626 539 701 dominus
556 628 743 702 Ludovieus
761 629 820 700 iuit
835 639 869 698 et
885 639 937 702 est
959 649 1062 701 verus
1080 637 1114 698 et
1135 629 1251 718 legiti-

120 748 194 797 mus
213 727 401 819 imperator,
417 735 452 796 ut
462 729 614 819 superius
626 737 679 798 est
689 738 722 799 et
732 731 836 798 eciem
847 726 983 797 inferius
999 726 1118 799 elarius
1132 735 1251 796 oslen-

121 824 232 912 tetur,
249 821 336 916 quod
353 822 438 893 idem
456 824 645 916 intelligitur
662 824 703 894 de
729 821 871 918 quolibet
895 823 958 894 elio
981 827 1196 918 imperatum
1220 829 1253 891 et

121 922 206 1015 qnod
229 920 357 992 eisdem
375 921 555 993 seeundum
573 925 643 1014 ipen
660 926 731 994 iuro
749 920 859 992 debuit
874 931 908 992 et
919 919 1017 993 debet
1039 919 1080 992 eb
1102 919 1252 992 omnibus

122 1017 279 1092 subiectis
296 1017 447 1090 Romano
463 1022 601 1113 imperio
617 1019 753 1110 obediri
782 1023 866 1091 sieut
882 1021 942 1092 iste
960 1020 1059 1112 plene
1076 1016 1254 1186 zrobontur

122 1127 156 1186 et
173 1114 391 1188 ostenduntur
417 1127 531 1209 aperte
558 1120 590 1188 in
616 1113 874 1210 altegaeiouibus
902 1128 935 1188 el
960 1121 1082 1188 roeioni
1105 1139 1164 1206 ue,
1189 1137 1253 1209 que

121 1217 329 1285 eontinentur
353 1216 386 1286 in
408 1213 513 1286 littera
539 1212 666 1308 publiee
690 1215 878 1306 divulgato,
911 1235 975 1308 qne
1006 1217 1115 1309 innipit
1139 1215 1253 1284 Ludo·

121 1410 238 1480 iuturis
265 1408 447 1480 ostenditur
470 1420 503 1481 et
525 1408 688 1504 probetur.
738 1411 781 1482 Et
806 1409 881 1480 ideo
908 1421 964 1482 out
989 1410 1046 1499 tili,
1064 1414 1116 1504 qui
1134 1409 1252 1481 dietum

122 1511 341 1578 iuramentum
367 1506 535 1598 tenerum,
560 1513 729 1580 soiverunt
753 1507 896 1603 prediola
922 1517 978 1578 eut
1005 1509 1252 1598 ignoraverunt.

125 1604 161 1674 Si
180 1607 350 1676 sciuerunt
365 1614 398 1675 et
414 1604 479 1675 tele
491 1608 707 1678 iuramentum
719 1629 763 1680 ex
774 1615 862 1678 nerlu
877 1607 1020 1676 sciencia
1031 1609 1253 1698 prestiterunt,

122 1713 201 1772 tuno
218 1699 337 1772 dietum
355 1705 572 1774 iuramentum
590 1715 704 1798 operte
721 1705 780 1776 luit
801 1702 957 1792 illinitum,
981 1705 1055 1796 quin
1080 1702 1140 1772 luit
1167 1723 1254 1774 con-

123 1810 177 1870 tru-
201 1809 355 1894 precepta
377 1809 410 1870 et
437 1799 588 1872 mandate
616 1800 670 1873 dei
696 1813 731 1874 et
751 1811 863 1874 eontra
875 1803 1050 1871 canonieus
1074 1802 1254 1874 sanniones

123 1907 157 1968 et
174 1897 274 1987 leges
292 1897 422 1986 civiles,
440 1897 600 1991 inquibus
614 1898 740 1990 dieitur,
758 1899 843 1994 qnod
854 1901 1041 1992 imperatori
1051 1896 1175 1970 obediri
1187 1897 1254 1968 de-

123 1993 181 2065 bet
197 1993 238 2064 nb
255 1993 405 2068 omnibus
422 1995 573 2068 Romano
590 2001 727 2092 irnperio
751 1996 925 2085 subiectis,
949 2007 985 2068 ut
1006 1999 1039 2066 in
1056 1995 1149 2068 dietis
1166 1997 1255 2068 elle-

123 2089 316 2184 geoionibus
334 2093 433 2186 plene
449 2094 631 2167 ostenditur
648 2107 681 2167 et
697 2093 860 2188 probetur.
910 2091 952 2164 Et
975 2092 1050 2165 ideo
1079 2094 1144 2165 tale
1159 2097 1255 2166 iure·

123 2199 269 2260 mentum
298 2201 460 2284 tamquam
485 2192 626 2264 illinitum
652 2203 685 2264 et
708 2202 818 2264 eontra
848 2195 918 2262 iure
949 2191 1134 2262 nullatenus
1159 2189 1256 2262 (lebet

122 2309 190 2358 neo
205 2284 315 2359 debuit
330 2287 516 2378 observari,
531 2301 567 2362 ul
582 2289 737 2384 probetur
752 2311 812 2383 per
831 2288 930 2379 illutln
948 2287 1034 2382 quod
1044 2289 1166 2378 legitur
1174 2291 1254 2360 xxii.

123 2409 156 2478 q.
170 2388 225 2456 iiii.
243 2407 271 2456 e.
293 2387 418 2458 Trilnu¹
433 2379 576 2476 §.licon
594 2385 647 2459 ubi
666 2388 780 2459 dieitur
797 2390 829 2457 in
850 2386 913 2457 heo
930 2382 1050 2457 verba:
1068 2387 1257 2456 tnranenm

122 2487 482 2566 illinitulaudohitilm
509 2490 677 2556 solvuntur
702 2494 735 2556 et
758 2484 1011 2574 dampnabiliter
1035 2485 1256 2554 olseronnlnr.

123 2581 168 2652 Et
186 2579 272 2652 idern
289 2581 445 2675 probetur
460 2586 492 2654 in
511 2573 547 2658 §.
567 2585 620 2654 lln
642 2585 706 2654 luite
735 2592 768 2652 et
791 2584 823 2652 in
848 2581 965 2652 eedem
994 2603 1093 2653 eausa
1117 2590 1150 2652 et
1172 2602 1202 2673 q.
1228 2605 1256 2652 e.

126 2681 215 2750 Inter
236 2687 356 2750 cetero.
392 2681 465 2752 Hoe
487 2682 592 2753 eeiorn
615 2678 770 2775 probetur
796 2689 889 2752 extro
913 2676 966 2748 De
993 2675 1201 2750 iureiurando
1229 2701 1256 2749 o.

128 2777 272 2867 Quanto,
289 2775 331 2848 ibi
349 2799 421 2850 oum
446 2783 663 2850 iuramentum
686 2799 753 2850 non
775 2779 878 2864 suerit
902 2779 1095 2866 innittentem,
1122 2785 1160 2845 nt
1180 2784 1263 2846 meet

125 2878 290 2946 einoldum
309 2880 499 2966 iniqnitatis,
515 2885 549 2948 et
564 2880 596 2947 in
608 2876 674 2947 fine
684 2875 728 2948 de
736 2877 843 2948 taliter
859 2878 985 2946 iurante
1003 2874 1132 2946 dieitur:
1150 2875 1259 2945 Solis-

124 2973 304 3058 soelionem
320 2976 379 3045 tibi
395 2979 574 3046 iniunctum
591 2994 657 3064 pro
672 2979 788 3047 illicito
800 2977 983 3044 tenemento
999 2976 1131 3044 studens
1147 2976 1268 3042 odim-s

122 3075 238 3170 plnum
261 3081 294 3142 et
310 3075 344 3144 in
367 3071 484 3144 eodem
509 3073 600 3144 utute
617 3096 645 3144 e.
671 3076 724 3142 Ad
745 3077 905 3142 nostrom²
929 3069 1044 3141 dieitur
1070 3072 1119 3141 sin
1144 3079 1259 3140 neotu:

129 3171 272 3259 Οιιοηάο
286 3171 345 3240 nul
356 3175 517 3260 premisso
528 3179 638 3240 mnore
654 3174 779 3258 iurasti,
789 3169 933 3239 nabetur
944 3172 978 3238 in
987 3175 1098 3256 mente,
1110 3174 1260 3256 ulprop-

127 3277 219 3338 terna
235 3272 362 3340 uenires
378 3276 493 3339 eontra
510 3271 688 3340 eunonium
703 3271 888 3356 saumones,
912 3269 1061 3354 alioquin
1081 3284 1147 3336 non
1162 3269 1260 3335 incra-

126 3373 268 3435 mentmn
282 3369 342 3437 sed
352 3371 536 3457 periurium
547 3369 665 3454 pomus
679 3369 842 3456 nntitiooet,
859 3375 892 3436 et
909 3375 1002 3436 extro
1026 3363 1077 3433 De
1095 3361 1169 3454 hiis,
1196 3384 1260 3456 que

127 3462 210 3533 lunt
226 3486 245 3532 e
264 3467 377 3536 maiori
394 3474 486 3558 purte
508 3465 637 3556 oepituli
655 3487 683 3535 o.
701 3467 720 3536 i.
748 3461 862 3534 dieitur
879 3465 941 3537 sio:
971 3465 1037 3533 Nee
1062 3464 1147 3532 enim
1163 3465 1261 3531 inra-

127 3571 238 3632 mente
253 3566 313 3634 md
322 3567 475 3652 periurio
486 3564 604 3650 pocius
618 3572 694 3632 mm
709 3565 859 3651 dicendo,
875 3581 938 3650 qne
948 3569 1065 3631 contra
1075 3567 1262 3630 sanctornm

123 3667 260 3748 potrum
275 3665 407 3732 eonium
420 3665 574 3730 ineunte.
608 3659 651 3730 Et
667 3658 752 3731 idern
770 3658 924 3754 probetur
942 3669 1035 3730 extre
1061 3655 1114 3727 De
1133 3658 1261 3726 iureiu-

129 3759 234 3831 rando
250 3781 278 3829 o.
306 3759 398 3829 Simul
411 3761 538 3828 nostris.
563 3755 606 3827 Et
623 3767 657 3828 ul
674 3756 749 3828 dioit
764 3754 959 3849 leronymus
978 3776 1078 3848 super
1089 3751 1260 3824 lerenriunr

129 3863 165 3924 et
178 3859 310 3951 ponitur
325 3860 404 3928 xxii.
423 3879 453 3950 q.
472 3858 524 3926 iiii.
544 3857 588 3945 [o.
614 3855 787 3942 inuocem]
817 3846 853 3928 ὃ.
891 3853 987 3940 Quod
1007 3861 1137 3922 nutem:
1160 3849 1261 3920 luru-

129 3965 269 4026 mentum
286 3956 381 4027 delet
400 3955 522 4024 nouere
538 3961 603 4023 tres
619 3957 758 4039 nomnen,
774 3954 900 4021 seilicet
914 3953 1088 4037 vamtatem,
1104 3950 1263 4018 indicium

129 4058 163 4124 et
182 4057 368 4141 tintinant,-
399 4054 455 4122 ubi
477 4060 584 4121 autem
610 4054 673 4121 isto
695 4049 864 4136 defuerint,
889 4067 954 4117 non
982 4057 1030 4116 est
1048 4050 1263 4116 intrumentum

128 4155 190 4223 sed
204 4155 397 4240 periurium.
426 4149 498 4220 lleo
522 4147 572 4220 ibi.
598 4147 808 4218 Manifestum
833 4155 885 4218 est
902 4155 1030 4232 autern,
1048 4143 1131 4238 quod
1150 4153 1262 4216 eontra

188 4277 218 4345 l)
235 4273 333 4344 richlig
352 4275 382 4325 Si
398 4274 455 4346 quis
470 4281 633 4342 praeuentus.
670 4271 701 4344 2)
721 4271 785 4324 Onne
802 4269 839 4324 cul
855 4277 971 4320 nostran
989 4266 1030 4324 lrs.
