3010 4822
463 282 636 345 numntctts
656 282 909 345 narbonnensis.
1178 285 1250 363 513

119 461 208 536 mino
226 457 268 531 ad
286 460 476 553 eligendum
493 483 687 559 comparere
705 461 851 534 auderet.
884 461 1034 533 Prolatus
1053 471 1161 535 autem
1179 461 1251 534 Lu·
1267 475 1337 533 tstt

117 557 268 632 dewicus
287 563 394 632 statim
411 571 485 656 post
502 560 565 632 hec
581 565 614 633 iu
631 560 685 631 die
699 558 795 632 beate
807 557 984 631 catharine
995 562 1134 652 virginis
1154 563 1249 652 [nov.

116 655 183 746 25]
201 656 388 728 immediate
405 662 554 753 sequenti
571 660 775 753 Aquisgrani
791 680 851 752 per
869 679 947 730 suos
965 658 1128 730 electores
1153 661 1251 729 etiam

117 755 222 825 extitit
245 765 430 828 coronatus.
465 755 528 828 llic
550 767 698 850 tempore
722 757 892 828 electionis
917 775 977 828 sue
1001 758 1096 827 etatis
1120 759 1251 848 triginta

117 871 279 922 annorum
289 854 346 924 vel
358 857 456 944 eirca„
475 855 614 947 elegans
625 875 782 948 persona,
799 852 958 948 prudens,
975 857 1117 947 patiens,
1134 875 1252 948 pacem

117 971 276 1044 querens,
299 949 530 1042 indust-maus,
553 951 736 1024 fortunatus
759 955 793 1022 in
806 949 911 1024 'bellis
936 959 969 1020 et
992 953 1025 1022 iu
1049 950 1120 1024 aliis
1144 951 1251 1038 lacus„

117 1047 178 1120 sed
205 1050 367 1122 remissus
396 1052 429 1120 in
456 1051 654 1122 executione
680 1051 799 1122 iustitie
827 1059 860 1121 et
887 1047 997 1122 turdus
1026 1047 1067 1119 ad
1092 1047 1249 1120 laborem.

116 1143 243 1216 Dicitur
258 1147 349 1218 xxiii.
368 1170 398 1241 q.
411 1170 444 1220 v.
457 1171 527 1242 cap.
556 1149 626 1218 lica
643 1148 837 1231 detectum
853 1167 929 1218 suos
945 1167 1011 1217 aon
1027 1150 1135 1218 adame
1152 1151 1253 1236 impie

116 1262 234 1334 opere,
264 1243 349 1337 quod
379 1248 451 1340 ipse
475 1267 541 1316 non
564 1241 652 1316 bene
680 1247 849 1335 servavit,
873 1245 988 1327 solatia
1012 1241 1251 1338 quodammodo

116 1337 258 1412 libenter
285 1363 438 1435 merens.
473 1341 643 1434 Regnavit
666 1346 760 1414 annis
788 1338 1021 1434 trigintatribus
1047 1345 1153 1416 minus
1177 1352 1252 1413 octo

116 1435 248 1526 diebus„
266 1448 300 1510 et
315 1437 392 1511 obiit
409 1462 495 1512 anno
513 1439 634 1512 domiui
645 1439 861 1512 mmcxlvii.
874 1443 984 1534 quinto
999 1439 1070 1512 idus
1082 1438 1265 1512 octobris.¹⁴

117 1535 171 1607 llii
187 1535 252 1607 duo
269 1535 468 1630 Ludewieus'
486 1535 520 1608 et'
535 1537 741 1628 Fridericus,
765 1531 903 1632 nepotes
927 1539 1001 1631 quia
1019 1533 1074 1608 filii
1091 1535 1201 1610 fratris
1218 1546 1252 1607 ct

116 1636 257 1724 sororis,
274 1657 349 1706 nam
367 1646 473 1707 mater
488 1639 591 1731 ipsius
609 1635 778 1708 Ludewici
796 1657 891 1707 soror
907 1633 966 1706 fuit
976 1631 1104 1706 Alberti
1120 1634 1251 1706 Roma-

116 1753 235 1803 nomm
245 1736 337 1824 regis
348 1735 498 1828 predicti,
515 1737 548 1805 iu
566 1733 727 1808 discordia
742 1735 850 1821 electi,
868 1743 903 1804 ut
920 1731 1107 1827 prediciturq
1126 1731 1167 1802 de
1185 1731 1252 1804 ads·

117 1833 353 1901 ministratione
368 1835 466 1924 regui
483 1835 516 1902 iu
533 1832 708 1903 Alemania
726 1853 765 1904 se
782 1833 1035 1903 intromiserunt.
1062 1829 1105 1902 Et
1121 1828 1258 1928 quilibet

117 1931 435 2023 comprincipes,
459 1928 628 2018 dominos,
652 1931 821 2018 civitates,
845 1927 982 2022 oppida,
1005 1929 1122 2019 villas,
1146 1951 1201 2002 nes
1220 1927 1273 2001 et¹

116 2023 203 2096 bcua
219 2025 282 2096 alia
300 2025 341 2097 ad
359 2049 501 2119 reguum
518 2028 730 2121 pertinentia
753 2046 815 2121 per
837 2048 987 2116 munera,
1016 2029 1193 2122 potentiam
1219 2037 1252 2100 et

117 2123 200 2194 alios
228 2123 344 2196 modos
369 2123 484 2219 quibus
510 2128 611 2220 putuit
635 2123 695 2197 sibi
719 2127 858 2196 attraxit.
901 2123 954 2196 Ex
981 2146 1045 2219 quo
1074 2130 1251 2198 maximum

117 2220 262 2294 schisma
285 2225 370 2294 inter
393 2221 542 2296 dominus
569 2233 602 2293 et
628 2221 709 2294 alias
733 2218 871 2294 turbatio
895 2233 983 2293 terre
1006 2227 1122 2313 grands
1148 2225 1253 2296 extitit

116 2316 306 2392 subsecuta.
341 2321 413 2408 Qua
429 2319 560 2392 duravit
577 2341 682 2414 usque
703 2317 745 2390 ad
762 2323 946 2414 captionem
963 2322 1066 2414 ipsius
1084 2319 1252 2411 Friderici

117 2415 159 2486 de
178 2437 242 2510 qua
259 2417 356 2508 infraq
380 2428 425 2490 et·
436 2427 551 2513 postea
569 2415 609 2488 ad
628 2417 745 2488 decem
762 2437 879 2506 anuos,
898 2416 1068 2516 velucirca.
1103 2417 1172 2488 Sed
1189 2439 1252 2490 so-

116 2517 193 2607 pito
207 2513 270 2586 boc
294 2515 471 2588 schismate
494 2525 528 2586 et
550 2513 732 2586 turbatione
760 2535 820 2608 per
840 2515 1060 2608 captivitatem
1083 2513 1251 2605 Friderioi,
1340 2536 1344 2543 ·

115 2621 151 2682 et
167 2608 288 2682 obitum
306 2616 408 2707 ipsius
427 2636 467 2684 ac
487 2613 621 2685 fratrum
645 2633 779 2684 suorum
796 2609 953 2707 Leupoldi
974 2622 1007 2683 et
1023 2611 1167 2684 Heinrici
1185 2611 1252 2685 du-

115 2731 192 2780 cum
210 2709 359 2800 Austrie,
383 2712 521 2802 gravius
543 2708 684 2783 schisma
709 2711 828 2802 incepit
851 2712 884 2779 in
899 2707 990 2781 ltalia
1014 2718 1048 2779 et
1062 2709 1252 2799 Alamauia

115 2809 262 2878 maxime
278 2811 312 2879 iu
326 2809 432 2896 clero,
457 2829 502 2880 ex
518 2827 561 2878 eo
578 2810 652 2902 quia
670 2806 812 2878 ecclesia
831 2827 956 2898 graves
981 2827 1158 2901 processus
1177 2807 1253 2880 iecit

115 2913 231 2994 contra
243 2904 424 2999 predictum
435 2903 660 2990 Lucanicum
682 2899 954 2974 anatbemiuaudo
971 2926 1060 2992 eum„
1075 2903 1127 2990 de
1142 2904 1252 2979 heresi

114 3000 403 3170 coudeqrpuaudo,
421 3023 582 3098 personas
601 3013 634 3074 et
648 3002 722 3074 loca
738 3001 908 3074 interdicto
924 3002 1149 3076 ecclesiastico
1166 3025 1252 3099 sup-

114 3119 227 3194 pcuen
251 3123 281 3171 o.
506 3133 508 3136 ·
1037 3189 1042 3197 ι

167 3197 270 3269 Anno
287 3197 407 3271 domiui
422 3201 612 3280 m.eec.x.iii.
625 3196 667 3269 de
677 3219 795 3282 mense
806 3195 978 3271 novembri
999 3199 1093 3290 [nov.
1105 3197 1145 3288 9]
1165 3195 1252 3268 idem
1286 3261 1287 3264 ,
1416 3257 1420 3262 .

115 3291 336 3387 Lucanicus,
361 3297 421 3369 sed
446 3307 521 3368 ante
546 3297 740 3368 electionem
764 3317 857 3369 suam
883 3294 924 3366 ad
946 3317 1102 3388 regnumq
1129 3295 1252 3368 bellum
1322 3375 1350 3394 ‚¹

115 3413 276 3484 maguum
293 3404 326 3464 et
348 3403 520 3466 cruentum
544 3391 654 3465 babuit
676 3415 751 3466 cum
767 3391 929 3466 nobilibus
947 3404 980 3464 et
997 3404 1099 3485 gente
1116 3389 1252 3488 predic-

114 3499 223 3562 torum
234 3487 403 3581 Friderici
421 3489 578 3586 Lenpoldi
596 3501 629 3562 et
640 3489 786 3562 lleinrici
804 3491 951 3582 fratrumq
970 3489 1088 3563 ducum
1101 3491 1251 3579 Austris,

114 3590 147 3656 in
166 3588 312 3659 inferiori
330 3589 472 3680 Bouaria
490 3609 593 3684 prope
610 3588 724 3660 villam
740 3586 962 3678 Gamelsdorl7
980 3591 1012 3658 in
1033 3611 1098 3681 quo
1115 3585 1250 3682 predic-

114 3694 166 3756 tos
193 3684 322 3758 nobiles
346 3697 380 3757 et
404 3697 539 3778 gentem
565 3688 650 3780 oepit
673 3685 865 3778 Australem
892 3683 1038 3778 pluribus
1060 3685 1250 3772 interfectis.

114 3781 226 3856 Causa
246 3781 354 3856 autem
371 3783 449 3856 bebi
461 3779 649 3874 buiuslirit,
672 3785 745 3877 quia
769 3786 841 3875 ipse
862 3781 957 3854 datus
974 3782 1034 3853 fuit
1050 3793 1135 3854 tutor
1151 3779 1250 3851 duci-

114 3877 176 3952 bus
198 3879 354 3968 lleinrico
376 3891 410 3952 et
432 3880 539 3956 iltioni
563 3879 715 3952 iratribus
740 3889 773 3950 et
796 3880 951 3950 lleimico
975 3885 1088 3967 comm
1111 3876 1250 3972 patrueli

115 3977 280 4049 inferioris
292 3975 447 4069 Banasa
465 3969 572 4050 adbuc
587 3981 698 4072 pueris
717 3975 948 4066 etiuveuibua
966 3985 1130 4047 eteorum
1148 3985 1250 4063 terra

114 4097 212 4168 qum
230 4075 366 4169 predicti
383 4076 486 4148 duces
504 4078 640 4148 Austrie
658 4075 790 4144 auferre
815 4074 1038 4147 etdestruere
1055 4071 1249 4144 nitebantur.
1379 4119 1383 4126 -
1502 4117 1504 4125 ι

115 4172 169 4244 lix
186 4171 371 4244 huiusmodi
390 4177 500 4268 itaque
516 4172 602 4246 bello
613 4173 760 4244 famosus
779 4171 928 4262 enectus,
946 4171 1200 4268 sequentianno
1218 4174 1251 4240 in
1335 4183 1338 4188 '
1406 4220 1410 4228 .

170 4295 202 4364 1)
220 4295 317 4351 tlrcitm
335 4327 366 4335 -
385 4297 498 4352 seruauit
516 4295 569 4352 und
589 4301 614 4351 et
633 4295 701 4352 obiit
719 4325 750 4336 -
772 4295 891 4352 octubris
911 4294 976 4351 retu
993 4295 1020 4351 in
1034 4295 1088 4350 ¹(laer
1106 4287 1189 4350 Neub.
1208 4294 1250 4356 bs.

169 4412 309 4454 sosanna
322 4413 431 4453 ronnas
444 4415 465 4452 a.
1003 4410 1038 4466 33
1121 4425 1124 4432 .
