2966 4842
290 237 340 310 20
610 229 1141 290 nemarcusnnnmssuunovsus.

209 425 280 484 tuso
292 406 336 480 ibi
351 407 499 504 proiecit,
518 404 580 482 sed
596 405 692 479 ambo
703 405 860 478 inlinitum
870 403 1100 500 expenderunt
1110 403 1302 479 thesaurum
1314 415 1349 476 et
1360 427 1425 478 va-

293 510 345 579 cui
361 516 582 582 recesscnmt.

290 745 341 818 De
358 751 554 819 trotitutiooc
581 745 658 832 sesti
678 755 790 818 cuncte
811 747 977 818 Trinitoto
994 763 1057 834 per
1080 745 1214 815 condem
1237 745 1424 914 delegandam.

1332 865 1368 934 p.
1386 865 1425 916 or.

339 977 421 1052 ltem
431 979 596 1074 predictus
606 977 755 1074 pontifex
764 977 914 1051 dominus
924 973 1088 1050 lohannes
1097 979 1178 1050 arrii.
1195 977 1425 1073 instituitqucd

290 1077 411 1152 lestum
428 1081 575 1150 trinitatis
594 1078 819 1170 sollempniter
836 1071 998 1146 celebrari
1015 1073 1152 1146 deberet
1174 1079 1263 1146 omni
1287 1075 1343 1146 die
1361 1075 1425 1147 do-

292 1178 410 1246 minico
433 1185 508 1269 post
524 1176 645 1248 festum
662 1173 912 1268 penthecosten
936 1171 1012 1242 licet
1028 1171 1177 1245 Romana
1202 1171 1348 1248 ecclesia
1365 1173 1427 1244 boc

290 1271 411 1346 festum
428 1283 524 1345 antea
543 1272 701 1365 singulari
711 1269 818 1343 officio
828 1292 895 1342 non
905 1273 1117 1342 consueverit
1127 1268 1301 1344 celebrare
1311 1282 1349 1344 ut
1359 1293 1425 1344 ex-

289 1378 340 1441 tra
364 1367 406 1440 de
429 1369 518 1444 feriis
537 1369 676 1466 capitulo
693 1372 807 1464 primo.
824 1365 962 1442 Instituit
978 1370 1084 1440 eciam
1100 1378 1136 1439 ut
1150 1378 1226 1463 post
1242 1372 1425 1442 orationem

291 1465 484 1538 dominicam
501 1471 534 1538 in
552 1489 678 1540 canone
695 1470 798 1540 misse
815 1468 849 1536 in
866 1489 925 1538 sua
944 1465 1068 1558 capella
1086 1463 1183 1540 flexis
1201 1465 1348 1558 genibus
1365 1489 1426 1539 sa-

290 1563 409 1638 cerdos
427 1561 599 1637 celebrans
617 1563 701 1636 dicat
712 1564 890 1659 psalmum:
908 1565 1040 1634 belotus
1048 1584 1119 1634 aum
1135 1573 1192 1634 etc.
1210 1587 1286 1636 oum
1305 1565 1426 1660 obpul-

290 1659 351 1736 bus
375 1666 473 1736 certis
497 1662 642 1736 collectis
665 1671 778 1734 contra
801 1658 914 1734 hostes
932 1659 1085 1732 ecclesie.
1103 1659 1146 1732 Et
1161 1659 1225 1733 boc
1242 1665 1344 1734 etiam
1362 1685 1425 1752 non

290 1758 349 1830 brit
371 1757 413 1830 de
437 1764 566 1855 antiqua
590 1763 830 1847 constitutione
855 1779 918 1852 quc
941 1755 1090 1852 probibet
1113 1757 1283 1832 dominicis
1310 1757 1425 1830 diebus

290 1854 361 1928 lieri
378 1853 506 1951 publice
524 1857 783 1950 genuflectiones
801 1857 886 1927 utin
903 1853 1045 1929 decretis
1062 1866 1161 1951 patet.

290 2134 341 2204 na
357 2139 459 2204 morte
476 2133 600 2202 domini
615 2131 771 2203 dodonaeo
783 2151 883 2220 pope.
1272 2135 1356 2224 Cap.
1374 2138 1424 2204 cii.

336 2266 438 2338 Anno
448 2275 559 2336 autem
568 2263 713 2360 predicto
724 2266 975 2336 mcccxxxiiii.
988 2285 1063 2336 oum
1073 2287 1157 2359 papa
1167 2263 1422 2340 lohannesxxii.

208 2411 215 2424 -
289 2361 415 2438 duabus
432 2361 543 2436 arduis
561 2365 669 2436 causis
680 2359 780 2433 valde
791 2359 966 2452 diligenter
975 2361 1172 2454 intenderet,
1184 2363 1310 2437 scilicet
1320 2387 1424 2436 crea-
1474 2393 1475 2423 t

288 2464 367 2534 doni
383 2463 589 2555 imperatoris
606 2463 698 2551 novi
720 2463 755 2530 in
773 2481 836 2554 quo
853 2459 939 2531 lacto
955 2481 1019 2534 rex
1035 2457 1201 2555 Philippus
1218 2459 1424 2534 Francorum
1473 2491 1474 2517 2

289 2569 323 2630 et
338 2581 403 2632 rex
417 2556 576 2630 Bobemie
593 2555 757 2630 Iohannes
775 2555 861 2630 lilius
871 2555 1016 2629 Heinrici
1027 2561 1231 2652 imperatoris
1250 2556 1313 2632 sibi
1330 2561 1424 2631 mul·
1472 2587 1473 2611 ÷

288 2665 357 2727 trum
373 2653 543 2746 lavabant,
561 2655 870 2727 etdeterminacioni
880 2658 1060 2749 questionis
1072 2655 1114 2726 de
1125 2659 1268 2747 mercna
1287 2679 1333 2728 an
1350 2662 1424 2730 sci-
1471 2691 1472 2702 ¹

288 2753 365 2825 licet
388 2756 491 2826 sancti
508 2756 542 2824 in
558 2757 661 2848 patria
685 2763 760 2824 ante
783 2757 1061 2825 resurrectionem
1077 2751 1237 2826 haberent
1252 2757 1422 2828 visionem
1470 2793 1471 2799 κ

289 2855 443 2925 essencie
460 2849 585 2941 dimne,
604 2862 638 2923 et
654 2850 731 2922 dum
747 2849 900 2945 predictis
918 2855 1027 2924 causis
1046 2862 1080 2923 ct
1096 2852 1168 2925 aliis
1186 2851 1344 2926 sollicitus
1364 2857 1422 2924 in-

286 2948 449 3040 tenderet,
467 2957 502 3020 ct
516 2951 693 3021 iiii-amnas
711 2945 895 3021 decembris
915 2948 1002 3038 [dec.
1015 2948 1054 3039 2]
1073 2953 1301 3023 consistorium
1321 2973 1425 3022 man-
1468 2979 1469 2986 ¹

287 3045 412 3138 desset,
430 3057 465 3118 ut
472 3045 597 3140 aliquas
606 3049 816 3141 provisiones
827 3041 1020 3140 quibusdam
1029 3046 1166 3138 laceret,
1184 3050 1326 3119 innocte
1337 3071 1425 3143 pre-
1467 3073 1468 3081 ¹

287 3145 416 3217 cedenti
438 3167 543 3218 nonas
567 3145 730 3239 predictas
798 3152 829 3215 st
852 3165 968 3215 cenam
986 3155 1020 3215 et
1034 3148 1174 3238 primum
1191 3145 1271 3238 galli
1288 3157 1423 3218 cantum
1466 3155 1467 3175 l

287 3245 410 3318 invasit
419 3264 496 3314 eum
506 3263 605 3314 mors.
623 3241 667 3313 Et
676 3245 755 3314 sico
777 3245 879 3313 misso
891 3241 1341 3338 consistorioilladiequarto
1352 3265 1423 3316 no-
1464 3245 1466 3332 J

286 3361 348 3412 nas
366 3337 550 3413 decembris
567 3339 665 3410 niobil
681 3339 770 3428 lecit,
788 3336 849 3410 scd
866 3341 967 3410 tercio
984 3360 1089 3412 nonas
1107 3340 1161 3410 die
1179 3345 1330 3436 sepienti
1346 3353 1424 3436 post
1463 3333 1465 3404 l

287 3459 450 3531 vesperas
467 3436 544 3508 lecit
560 3439 673 3508 vocari
690 3457 806 3508 omncs
824 3433 1008 3510 cardinales
1024 3441 1057 3507 in
1068 3438 1247 3510 Avinione.
1265 3437 1340 3510 Hoc
1349 3438 1424 3511 dico

286 3543 421 3630 propter
445 3533 610 3606 dominum
631 3532 813 3606 lobanncm
836 3531 1011 3627 Gayctani,
1036 3537 1089 3628 qni
1107 3557 1173 3606 non
1192 3546 1263 3607 erat
1278 3558 1424 3630 presens
1461 3561 1462 3645 p

287 3643 365 3704 tunc
380 3636 414 3704 in
431 3635 574 3724 civitate,
593 3643 625 3704 et
641 3641 776 3728 propter
792 3628 958 3702 dominnm
967 3630 1228 3726 Neappulionem
1245 3633 1425 3708 Romano-

286 3753 360 3804 rum
377 3729 563 3826 dyaconum
580 3731 791 3817 cardinalem,
816 3732 868 3824 qui
892 3738 964 3799 erat
986 3733 1019 3799 in
1044 3729 1244 3802 cardinalatu
1261 3735 1424 3826 antiquior

285 3826 437 3901 omnibus
455 3827 684 3919 cardinalibus,
702 3829 768 3922 qui,
785 3827 905 3897 licetin
917 3829 1048 3898 civitate
1059 3837 1150 3900 esset
1167 3839 1352 3901 ctvocntus
1363 3853 1424 3924 pcr

285 3949 422 4023 papam,
445 3929 518 4022 ipsc
535 3935 645 3998 tamen
661 3925 776 3998 noluit¹
796 3927 961 3998 interesse
978 3947 1043 3996 nec
1059 3927 1208 4020 exequiis
1230 3948 1295 3997 nec
1311 3936 1422 3998 testa-

285 4035 396 4097 mento
419 4048 514 4120 pape.
532 4023 576 4097 Et
597 4026 795 4120 presumitur
818 4019 903 4116 quud
922 4043 967 4095 ex
984 4043 1026 4094 eo
1043 4023 1168 4112 lecerit
1194 4027 1267 4118 pria
1285 4045 1372 4118 papa
1391 4029 1422 4095 in

284 4144 344 4195 sua
363 4122 537 4214 electionap
555 4145 619 4218 quc
637 4120 723 4218 apud
741 4117 938 4214 Lugdunum
955 4119 1121 4194 celebrata
1139 4120 1209 4214 tna
1227 4125 1361 4214 iuravit,
1381 4144 1417 4193 se

322 4270 352 4342 1)
364 4271 455 4329 venire
471 4289 519 4328 nco
533 4271 604 4328 steht
617 4271 675 4330 bier
688 4272 759 4330 noob
773 4271 816 4330 bei
830 4269 936 4326 balano.
