<?xml version="1.0" encoding="UTF-8"?>
<!DOCTYPE html PUBLIC "-//W3C//DTD XHTML 1.0 Transitional//EN"
    "http://www.w3.org/TR/xhtml1/DTD/xhtml1-transitional.dtd">
<html xmlns="http://www.w3.org/1999/xhtml" xml:lang="en" lang="en">
 <head>
  <title>
</title>
<meta http-equiv="Content-Type" content="text/html;charset=utf-8" />
  <meta name='ocr-system' content='tesseract 3.04.00' />
  <meta name='ocr-capabilities' content='ocr_page ocr_carea ocr_par ocr_line ocrx_word'/>
</head>
<body>
  <div class='ocr_page' id='page_1' title='image "./fontesrerumgerm01hubegoog/fontesrerumgerm01hubegoog_0458.png"; bbox 0 0 3036 4822; ppageno 0'>
   <div class='ocr_carea' id='block_1_1' title="bbox 246 219 1262 306">
    <p class='ocr_par' dir='ltr' id='par_1_1' title="bbox 246 219 1262 306">
     <span class='ocr_line' id='line_1_1' title="bbox 246 219 1262 306; baseline 0.001 -24"><span class='ocrx_word' id='word_1_1' title='bbox 246 221 591 286; x_wconf 77' lang='lat' dir='ltr'><strong>uuaouoruoouurou</strong></span> <span class='ocrx_word' id='word_1_2' title='bbox 600 219 1155 288; x_wconf 65' lang='lat' dir='ltr'><strong>uscuuramuuuuucouuacra.</strong></span> <span class='ocrx_word' id='word_1_3' title='bbox 1193 220 1262 306; x_wconf 69' lang='lat'><strong>331</strong></span> 
     </span>
    </p>
   </div>
   <div class='ocr_carea' id='block_1_2' title="bbox 132 399 1355 2444">
    <p class='ocr_par' dir='ltr' id='par_1_2' title="bbox 132 399 1355 2444">
     <span class='ocr_line' id='line_1_2' title="bbox 137 399 1355 494; baseline -0.003 -20"><span class='ocrx_word' id='word_1_4' title='bbox 137 400 265 474; x_wconf 84' lang='lat' dir='ltr'><strong>Suevia</strong></span> <span class='ocrx_word' id='word_1_5' title='bbox 288 423 364 474; x_wconf 77' lang='lat' dir='ltr'><strong>cua</strong></span> <span class='ocrx_word' id='word_1_6' title='bbox 388 411 452 474; x_wconf 87' lang='lat' dir='ltr'><strong>tota</strong></span> <span class='ocrx_word' id='word_1_7' title='bbox 477 423 537 476; x_wconf 87' lang='lat' dir='ltr'><strong>sua</strong></span> <span class='ocrx_word' id='word_1_8' title='bbox 564 399 815 493; x_wconf 76' lang='lat' dir='ltr'><strong>conglobatione</strong></span> <span class='ocrx_word' id='word_1_9' title='bbox 842 403 884 478; x_wconf 87' lang='lat' dir='ltr'><strong>da</strong></span> <span class='ocrx_word' id='word_1_10' title='bbox 899 402 1081 494; x_wconf 57' lang='lat' dir='ltr'><strong>&amp;surgo</strong></span> <span class='ocrx_word' id='word_1_11' title='bbox 1106 405 1269 492; x_wconf 59' lang='lat' dir='ltr'><strong>efluunt,</strong></span> <span class='ocrx_word' id='word_1_12' title='bbox 1285 414 1355 472; x_wconf 81' lang='lat' dir='ltr'><strong>raes</strong></span> 
     </span>
     <span class='ocr_line' id='line_1_3' title="bbox 135 498 1270 595; baseline 0.001 -25"><span class='ocrx_word' id='word_1_13' title='bbox 135 499 293 572; x_wconf 84' lang='lat' dir='ltr'><strong>volentes</strong></span> <span class='ocrx_word' id='word_1_14' title='bbox 320 498 493 574; x_wconf 83' lang='lat' dir='ltr'><strong>destrucre</strong></span> <span class='ocrx_word' id='word_1_15' title='bbox 521 509 553 570; x_wconf 88' lang='lat' dir='ltr'><strong>at</strong></span> <span class='ocrx_word' id='word_1_16' title='bbox 570 498 755 592; x_wconf 83' lang='lat' dir='ltr'><strong>depredare</strong></span> <span class='ocrx_word' id='word_1_17' title='bbox 782 499 944 595; x_wconf 79' lang='lat' dir='ltr'><strong>quoddam</strong></span> <span class='ocrx_word' id='word_1_18' title='bbox 971 500 1099 574; x_wconf 72' lang='lat' dir='ltr'><strong>tironum</strong></span> <span class='ocrx_word' id='word_1_19' title='bbox 1126 509 1270 572; x_wconf 85' lang='lat' dir='ltr'><strong>castrum</strong></span> 
     </span>
     <span class='ocr_line' id='line_1_4' title="bbox 136 594 1269 689; baseline 0.002 -23"><span class='ocrx_word' id='word_1_20' title='bbox 136 618 242 689; x_wconf 83' lang='lat' dir='ltr'><strong>prope</strong></span> <span class='ocrx_word' id='word_1_21' title='bbox 259 594 377 668; x_wconf 85' lang='lat' dir='ltr'><strong>Wiira.</strong></span> <span class='ocrx_word' id='word_1_22' title='bbox 415 597 508 670; x_wconf 82' lang='lat' dir='ltr'><strong>Touo</strong></span> <span class='ocrx_word' id='word_1_23' title='bbox 523 594 709 670; x_wconf 81' lang='lat' dir='ltr'><strong>huiusmodi</strong></span> <span class='ocrx_word' id='word_1_24' title='bbox 726 619 787 672; x_wconf 86' lang='lat' dir='ltr'><strong>auo</strong></span> <span class='ocrx_word' id='word_1_25' title='bbox 804 602 963 672; x_wconf 75' lang='lat' dir='ltr'><strong>exercitui</strong></span> <span class='ocrx_word' id='word_1_26' title='bbox 980 596 1141 670; x_wconf 86' lang='lat' dir='ltr'><strong>obviavit¹</strong></span> <span class='ocrx_word' id='word_1_27' title='bbox 1162 619 1269 670; x_wconf 81' lang='lat' dir='ltr'><strong>exer·</strong></span> 
     </span>
     <span class='ocr_line' id='line_1_5' title="bbox 135 691 1269 786; baseline -0.001 -19"><span class='ocrx_word' id='word_1_28' title='bbox 135 697 219 767; x_wconf 86' lang='lat' dir='ltr'><strong>citus</strong></span> <span class='ocrx_word' id='word_1_29' title='bbox 248 692 454 768; x_wconf 49' lang='lat' dir='ltr'><strong>&amp;micorum</strong></span> <span class='ocrx_word' id='word_1_30' title='bbox 480 693 522 764; x_wconf 88' lang='lat' dir='ltr'><strong>da</strong></span> <span class='ocrx_word' id='word_1_31' title='bbox 550 691 779 786; x_wconf 85' lang='lat' dir='ltr'><strong>Wirtcruberg</strong></span> <span class='ocrx_word' id='word_1_32' title='bbox 806 707 839 766; x_wconf 86' lang='lat' dir='ltr'><strong>ct</strong></span> <span class='ocrx_word' id='word_1_33' title='bbox 865 695 984 768; x_wconf 90' lang='lat' dir='ltr'><strong>docum</strong></span> <span class='ocrx_word' id='word_1_34' title='bbox 1009 695 1166 768; x_wconf 86' lang='lat' dir='ltr'><strong>Bawarie</strong></span> <span class='ocrx_word' id='word_1_35' title='bbox 1194 717 1269 766; x_wconf 85' lang='lat' dir='ltr'><strong>cum</strong></span> 
     </span>
     <span class='ocr_line' id='line_1_6' title="bbox 137 791 1269 886; baseline 0.002 -24"><span class='ocrx_word' id='word_1_36' title='bbox 137 812 254 864; x_wconf 86' lang='lat' dir='ltr'><strong>eorum</strong></span> <span class='ocrx_word' id='word_1_37' title='bbox 271 792 464 880; x_wconf 64' lang='lat' dir='ltr'><strong>auxidariia</strong></span> <span class='ocrx_word' id='word_1_38' title='bbox 482 795 536 886; x_wconf 83' lang='lat' dir='ltr'><strong>qui</strong></span> <span class='ocrx_word' id='word_1_39' title='bbox 553 792 648 884; x_wconf 86' lang='lat' dir='ltr'><strong>pauci</strong></span> <span class='ocrx_word' id='word_1_40' title='bbox 665 804 760 864; x_wconf 87' lang='lat' dir='ltr'><strong>arant</strong></span> <span class='ocrx_word' id='word_1_41' title='bbox 775 804 930 886; x_wconf 87' lang='lat' dir='ltr'><strong>respectu</strong></span> <span class='ocrx_word' id='word_1_42' title='bbox 947 792 1171 886; x_wconf 78' lang='lat' dir='ltr'><strong>opidanorum.</strong></span> <span class='ocrx_word' id='word_1_43' title='bbox 1197 791 1269 864; x_wconf 83' lang='lat' dir='ltr'><strong>Ta-</strong></span> 
     </span>
     <span class='ocr_line' id='line_1_7' title="bbox 135 886 1270 984; baseline 0 -24"><span class='ocrx_word' id='word_1_44' title='bbox 135 910 214 962; x_wconf 82' lang='lat' dir='ltr'><strong>urau</strong></span> <span class='ocrx_word' id='word_1_45' title='bbox 231 891 427 964; x_wconf 85' lang='lat' dir='ltr'><strong>invaserunt</strong></span> <span class='ocrx_word' id='word_1_46' title='bbox 444 903 506 961; x_wconf 88' lang='lat' dir='ltr'><strong>eos</strong></span> <span class='ocrx_word' id='word_1_47' title='bbox 522 892 615 980; x_wconf 80' lang='lat' dir='ltr'><strong>[aug.</strong></span> <span class='ocrx_word' id='word_1_48' title='bbox 628 886 692 978; x_wconf 81' lang='lat'><strong>23]</strong></span> <span class='ocrx_word' id='word_1_49' title='bbox 711 889 940 984; x_wconf 82' lang='lat' dir='ltr'><strong>atdivisaruut</strong></span> <span class='ocrx_word' id='word_1_50' title='bbox 956 893 1136 962; x_wconf 84' lang='lat' dir='ltr'><strong>exercitum</strong></span> <span class='ocrx_word' id='word_1_51' title='bbox 1154 910 1270 960; x_wconf 86' lang='lat' dir='ltr'><strong>sorum</strong></span> 
     </span>
     <span class='ocr_line' id='line_1_8' title="bbox 136 983 1269 1081; baseline -0.001 -23"><span class='ocrx_word' id='word_1_52' title='bbox 136 1008 211 1058; x_wconf 83' lang='lat' dir='ltr'><strong>cum</strong></span> <span class='ocrx_word' id='word_1_53' title='bbox 237 1007 361 1077; x_wconf 79' lang='lat' dir='ltr'><strong>magno</strong></span> <span class='ocrx_word' id='word_1_54' title='bbox 385 983 513 1076; x_wconf 72' lang='lat' dir='ltr'><strong>latore,</strong></span> <span class='ocrx_word' id='word_1_55' title='bbox 539 997 573 1058; x_wconf 87' lang='lat' dir='ltr'><strong>at</strong></span> <span class='ocrx_word' id='word_1_56' title='bbox 589 989 842 1078; x_wconf 85' lang='lat' dir='ltr'><strong>captivaverunt</strong></span> <span class='ocrx_word' id='word_1_57' title='bbox 864 1009 938 1076; x_wconf 71' lang='lat' dir='ltr'><strong>eos,</strong></span> <span class='ocrx_word' id='word_1_58' title='bbox 965 988 1091 1060; x_wconf 83' lang='lat' dir='ltr'><strong>scilicet</strong></span> <span class='ocrx_word' id='word_1_59' title='bbox 1114 996 1269 1081; x_wconf 88' lang='lat' dir='ltr'><strong>quantum</strong></span> 
     </span>
     <span class='ocr_line' id='line_1_9' title="bbox 136 1081 1268 1178; baseline 0.001 -25"><span class='ocrx_word' id='word_1_60' title='bbox 136 1093 288 1176; x_wconf 81' lang='lat' dir='ltr'><strong>poterant</strong></span> <span class='ocrx_word' id='word_1_61' title='bbox 312 1083 354 1156; x_wconf 93' lang='lat' dir='ltr'><strong>de</strong></span> <span class='ocrx_word' id='word_1_62' title='bbox 370 1081 524 1156; x_wconf 88' lang='lat' dir='ltr'><strong>militibus</strong></span> <span class='ocrx_word' id='word_1_63' title='bbox 542 1093 576 1156; x_wconf 87' lang='lat' dir='ltr'><strong>et</strong></span> <span class='ocrx_word' id='word_1_64' title='bbox 599 1086 786 1176; x_wconf 69' lang='lat' dir='ltr'><strong>affligaris,</strong></span> <span class='ocrx_word' id='word_1_65' title='bbox 810 1085 929 1168; x_wconf 84' lang='lat' dir='ltr'><strong>multos</strong></span> <span class='ocrx_word' id='word_1_66' title='bbox 947 1105 1031 1158; x_wconf 85' lang='lat' dir='ltr'><strong>vero</strong></span> <span class='ocrx_word' id='word_1_67' title='bbox 1048 1083 1090 1154; x_wconf 91' lang='lat' dir='ltr'><strong>da</strong></span> <span class='ocrx_word' id='word_1_68' title='bbox 1107 1081 1268 1178; x_wconf 57' lang='lat' dir='ltr'><strong>opidanis</strong></span> 
     </span>
     <span class='ocr_line' id='line_1_10' title="bbox 136 1179 1268 1276; baseline 0 -26"><span class='ocrx_word' id='word_1_69' title='bbox 136 1180 264 1252; x_wconf 84' lang='lat' dir='ltr'><strong>scilicet</strong></span> <span class='ocrx_word' id='word_1_70' title='bbox 280 1179 322 1252; x_wconf 88' lang='lat' dir='ltr'><strong>ad</strong></span> <span class='ocrx_word' id='word_1_71' title='bbox 338 1181 427 1254; x_wconf 84' lang='lat' dir='ltr'><strong>mille</strong></span> <span class='ocrx_word' id='word_1_72' title='bbox 451 1184 648 1276; x_wconf 82' lang='lat' dir='ltr'><strong>quingentos</strong></span> <span class='ocrx_word' id='word_1_73' title='bbox 667 1182 854 1276; x_wconf 76' lang='lat' dir='ltr'><strong>etamplius</strong></span> <span class='ocrx_word' id='word_1_74' title='bbox 872 1181 914 1252; x_wconf 89' lang='lat' dir='ltr'><strong>da</strong></span> <span class='ocrx_word' id='word_1_75' title='bbox 930 1184 1060 1254; x_wconf 76' lang='lat' dir='ltr'><strong>rusticis</strong></span> <span class='ocrx_word' id='word_1_76' title='bbox 1084 1179 1268 1254; x_wconf 83' lang='lat' dir='ltr'><strong>interiece-</strong></span> 
     </span>
     <span class='ocr_line' id='line_1_11' title="bbox 134 1277 1268 1373; baseline 0 -25"><span class='ocrx_word' id='word_1_77' title='bbox 134 1287 212 1348; x_wconf 88' lang='lat' dir='ltr'><strong>ruut</strong></span> <span class='ocrx_word' id='word_1_78' title='bbox 228 1299 290 1350; x_wconf 85' lang='lat' dir='ltr'><strong>eos</strong></span> <span class='ocrx_word' id='word_1_79' title='bbox 307 1278 499 1370; x_wconf 63' lang='lat' dir='ltr'><strong>iugrdauda</strong></span> <span class='ocrx_word' id='word_1_80' title='bbox 516 1281 666 1373; x_wconf 82' lang='lat' dir='ltr'><strong>oaptiuos</strong></span> <span class='ocrx_word' id='word_1_81' title='bbox 684 1300 768 1352; x_wconf 89' lang='lat' dir='ltr'><strong>vero</strong></span> <span class='ocrx_word' id='word_1_82' title='bbox 785 1283 915 1371; x_wconf 78' lang='lat' dir='ltr'><strong>maguis</strong></span> <span class='ocrx_word' id='word_1_83' title='bbox 933 1277 1140 1369; x_wconf 70' lang='lat' dir='ltr'><strong>cruciatibus,</strong></span> <span class='ocrx_word' id='word_1_84' title='bbox 1159 1299 1268 1352; x_wconf 82' lang='lat' dir='ltr'><strong>exac-</strong></span> 
     </span>
     <span class='ocr_line' id='line_1_12' title="bbox 135 1371 1269 1470; baseline 0 -24"><span class='ocrx_word' id='word_1_85' title='bbox 135 1371 279 1446; x_wconf 84' lang='lat' dir='ltr'><strong>tionibus</strong></span> <span class='ocrx_word' id='word_1_86' title='bbox 301 1387 334 1447; x_wconf 87' lang='lat' dir='ltr'><strong>at</strong></span> <span class='ocrx_word' id='word_1_87' title='bbox 357 1376 452 1450; x_wconf 86' lang='lat' dir='ltr'><strong>talliis</strong></span> <span class='ocrx_word' id='word_1_88' title='bbox 479 1379 662 1470; x_wconf 85' lang='lat' dir='ltr'><strong>punierunt</strong></span> <span class='ocrx_word' id='word_1_89' title='bbox 698 1375 828 1450; x_wconf 80' lang='lat' dir='ltr'><strong>Exusta</strong></span> <span class='ocrx_word' id='word_1_90' title='bbox 856 1387 933 1450; x_wconf 88' lang='lat' dir='ltr'><strong>suot</strong></span> <span class='ocrx_word' id='word_1_91' title='bbox 955 1398 1072 1450; x_wconf 85' lang='lat' dir='ltr'><strong>omnes</strong></span> <span class='ocrx_word' id='word_1_92' title='bbox 1100 1385 1210 1448; x_wconf 81' lang='lat' dir='ltr'><strong>curtas</strong></span> <span class='ocrx_word' id='word_1_93' title='bbox 1236 1386 1269 1448; x_wconf 86' lang='lat' dir='ltr'><strong>et</strong></span> 
     </span>
     <span class='ocr_line' id='line_1_13' title="bbox 135 1469 1268 1568; baseline 0.004 -29"><span class='ocrx_word' id='word_1_94' title='bbox 135 1469 264 1544; x_wconf 87' lang='lat' dir='ltr'><strong>edificia</strong></span> <span class='ocrx_word' id='word_1_95' title='bbox 282 1475 448 1546; x_wconf 86' lang='lat' dir='ltr'><strong>civitatum</strong></span> <span class='ocrx_word' id='word_1_96' title='bbox 465 1485 500 1562; x_wconf 75' lang='lat' dir='ltr'><strong>et</strong></span> <span class='ocrx_word' id='word_1_97' title='bbox 516 1471 685 1567; x_wconf 85' lang='lat' dir='ltr'><strong>opidorum</strong></span> <span class='ocrx_word' id='word_1_98' title='bbox 701 1477 736 1544; x_wconf 86' lang='lat' dir='ltr'><strong>in</strong></span> <span class='ocrx_word' id='word_1_99' title='bbox 752 1497 829 1544; x_wconf 86' lang='lat' dir='ltr'><strong>rura</strong></span> <span class='ocrx_word' id='word_1_100' title='bbox 848 1484 881 1544; x_wconf 90' lang='lat' dir='ltr'><strong>ct</strong></span> <span class='ocrx_word' id='word_1_101' title='bbox 896 1495 1062 1568; x_wconf 83' lang='lat' dir='ltr'><strong>pauperes</strong></span> <span class='ocrx_word' id='word_1_102' title='bbox 1072 1477 1141 1546; x_wconf 86' lang='lat' dir='ltr'><strong>viru</strong></span> <span class='ocrx_word' id='word_1_103' title='bbox 1158 1475 1268 1566; x_wconf 89' lang='lat' dir='ltr'><strong>patia-</strong></span> 
     </span>
     <span class='ocr_line' id='line_1_14' title="bbox 134 1565 1267 1664; baseline 0.005 -28"><span class='ocrx_word' id='word_1_104' title='bbox 134 1565 262 1640; x_wconf 88' lang='lat' dir='ltr'><strong>hantur.</strong></span> <span class='ocrx_word' id='word_1_105' title='bbox 298 1569 419 1643; x_wconf 88' lang='lat' dir='ltr'><strong>Postea</strong></span> <span class='ocrx_word' id='word_1_106' title='bbox 444 1569 600 1642; x_wconf 86' lang='lat' dir='ltr'><strong>satellites</strong></span> <span class='ocrx_word' id='word_1_107' title='bbox 625 1573 819 1642; x_wconf 77' lang='lat' dir='ltr'><strong>mercenarii</strong></span> <span class='ocrx_word' id='word_1_108' title='bbox 846 1574 1012 1642; x_wconf 86' lang='lat' dir='ltr'><strong>civitatum</strong></span> <span class='ocrx_word' id='word_1_109' title='bbox 1036 1581 1068 1642; x_wconf 87' lang='lat' dir='ltr'><strong>et</strong></span> <span class='ocrx_word' id='word_1_110' title='bbox 1085 1568 1267 1664; x_wconf 64' lang='lat' dir='ltr'><strong>opidorum,</strong></span> 
     </span>
     <span class='ocr_line' id='line_1_15' title="bbox 135 1665 1266 1761; baseline 0.003 -26"><span class='ocrx_word' id='word_1_111' title='bbox 135 1668 194 1736; x_wconf 85' lang='lat' dir='ltr'><strong>der</strong></span> <span class='ocrx_word' id='word_1_112' title='bbox 212 1668 302 1736; x_wconf 82' lang='lat' dir='ltr'><strong>duod</strong></span> <span class='ocrx_word' id='word_1_113' title='bbox 317 1667 442 1740; x_wconf 87' lang='lat' dir='ltr'><strong>scilicet</strong></span> <span class='ocrx_word' id='word_1_114' title='bbox 461 1668 535 1758; x_wconf 88' lang='lat' dir='ltr'><strong>[dc]</strong></span> <span class='ocrx_word' id='word_1_115' title='bbox 555 1667 693 1756; x_wconf 71' lang='lat' dir='ltr'><strong>Suevia,</strong></span> <span class='ocrx_word' id='word_1_116' title='bbox 717 1668 917 1758; x_wconf 69' lang='lat' dir='ltr'><strong>Argentum,</strong></span> <span class='ocrx_word' id='word_1_117' title='bbox 940 1667 1137 1756; x_wconf 62' lang='lat' dir='ltr'><strong>Wormatia„</strong></span> <span class='ocrx_word' id='word_1_118' title='bbox 1157 1665 1266 1761; x_wconf 69' lang='lat' dir='ltr'><strong>Spira‚</strong></span> 
     </span>
     <span class='ocr_line' id='line_1_16' title="bbox 133 1759 1266 1856; baseline 0.004 -24"><span class='ocrx_word' id='word_1_119' title='bbox 133 1759 306 1854; x_wconf 81' lang='lat' dir='ltr'><strong>Magruutia</strong></span> <span class='ocrx_word' id='word_1_120' title='bbox 330 1787 403 1836; x_wconf 89' lang='lat' dir='ltr'><strong>cum</strong></span> <span class='ocrx_word' id='word_1_121' title='bbox 428 1775 494 1838; x_wconf 86' lang='lat' dir='ltr'><strong>tota</strong></span> <span class='ocrx_word' id='word_1_122' title='bbox 518 1788 577 1838; x_wconf 87' lang='lat' dir='ltr'><strong>sua</strong></span> <span class='ocrx_word' id='word_1_123' title='bbox 604 1763 738 1836; x_wconf 80' lang='lat' dir='ltr'><strong>cohorte</strong></span> <span class='ocrx_word' id='word_1_124' title='bbox 763 1775 796 1835; x_wconf 89' lang='lat' dir='ltr'><strong>et</strong></span> <span class='ocrx_word' id='word_1_125' title='bbox 819 1768 893 1836; x_wconf 87' lang='lat' dir='ltr'><strong>totis</strong></span> <span class='ocrx_word' id='word_1_126' title='bbox 911 1764 1036 1838; x_wconf 85' lang='lat' dir='ltr'><strong>viribus</strong></span> <span class='ocrx_word' id='word_1_127' title='bbox 1060 1788 1099 1840; x_wconf 90' lang='lat' dir='ltr'><strong>sa</strong></span> <span class='ocrx_word' id='word_1_128' title='bbox 1122 1764 1266 1856; x_wconf 84' lang='lat' dir='ltr'><strong>conglo-</strong></span> 
     </span>
     <span class='ocr_line' id='line_1_17' title="bbox 133 1857 1265 1936; baseline 0.005 -8"><span class='ocrx_word' id='word_1_129' title='bbox 133 1857 253 1934; x_wconf 84' lang='lat' dir='ltr'><strong>bantes</strong></span> <span class='ocrx_word' id='word_1_130' title='bbox 270 1865 470 1936; x_wconf 83' lang='lat' dir='ltr'><strong>transierunt</strong></span> <span class='ocrx_word' id='word_1_131' title='bbox 494 1873 599 1936; x_wconf 86' lang='lat' dir='ltr'><strong>terras</strong></span> <span class='ocrx_word' id='word_1_132' title='bbox 618 1860 736 1936; x_wconf 85' lang='lat' dir='ltr'><strong>ducum</strong></span> <span class='ocrx_word' id='word_1_133' title='bbox 752 1863 908 1934; x_wconf 85' lang='lat' dir='ltr'><strong>Bawaria</strong></span> <span class='ocrx_word' id='word_1_134' title='bbox 926 1867 1078 1936; x_wconf 83' lang='lat' dir='ltr'><strong>comitum</strong></span> <span class='ocrx_word' id='word_1_135' title='bbox 1094 1862 1265 1935; x_wconf 86' lang='lat' dir='ltr'><strong>Palatino-</strong></span> 
     </span>
     <span class='ocr_line' id='line_1_18' title="bbox 134 1957 1265 2052; baseline 0 -22"><span class='ocrx_word' id='word_1_136' title='bbox 134 1979 221 2046; x_wconf 69' lang='lat' dir='ltr'><strong>rum,</strong></span> <span class='ocrx_word' id='word_1_137' title='bbox 245 1958 469 2034; x_wconf 85' lang='lat' dir='ltr'><strong>marchionum</strong></span> <span class='ocrx_word' id='word_1_138' title='bbox 486 1959 529 2032; x_wconf 90' lang='lat' dir='ltr'><strong>dc</strong></span> <span class='ocrx_word' id='word_1_139' title='bbox 545 1959 659 2033; x_wconf 83' lang='lat' dir='ltr'><strong>Badeo</strong></span> <span class='ocrx_word' id='word_1_140' title='bbox 678 1969 711 2030; x_wconf 87' lang='lat' dir='ltr'><strong>et</strong></span> <span class='ocrx_word' id='word_1_141' title='bbox 727 1961 881 2032; x_wconf 85' lang='lat' dir='ltr'><strong>comitum</strong></span> <span class='ocrx_word' id='word_1_142' title='bbox 906 1959 948 2031; x_wconf 89' lang='lat' dir='ltr'><strong>dc</strong></span> <span class='ocrx_word' id='word_1_143' title='bbox 965 1957 1206 2052; x_wconf 59' lang='lat' dir='ltr'><strong>Wirtemberffi</strong></span> <span class='ocrx_word' id='word_1_144' title='bbox 1231 1969 1265 2030; x_wconf 87' lang='lat' dir='ltr'><strong>et</strong></span> 
     </span>
     <span class='ocr_line' id='line_1_19' title="bbox 134 2053 1264 2152; baseline 0.004 -26"><span class='ocrx_word' id='word_1_145' title='bbox 134 2076 252 2132; x_wconf 82' lang='lat' dir='ltr'><strong>omues</strong></span> <span class='ocrx_word' id='word_1_146' title='bbox 270 2078 385 2131; x_wconf 85' lang='lat' dir='ltr'><strong>eorum</strong></span> <span class='ocrx_word' id='word_1_147' title='bbox 402 2057 500 2136; x_wconf 78' lang='lat' dir='ltr'><strong>viltas</strong></span> <span class='ocrx_word' id='word_1_148' title='bbox 524 2053 787 2147; x_wconf 74' lang='lat' dir='ltr'><strong>combusserunt,</strong></span> <span class='ocrx_word' id='word_1_149' title='bbox 811 2055 961 2131; x_wconf 88' lang='lat' dir='ltr'><strong>homiues</strong></span> <span class='ocrx_word' id='word_1_150' title='bbox 979 2068 1138 2152; x_wconf 88' lang='lat' dir='ltr'><strong>oeperunt</strong></span> <span class='ocrx_word' id='word_1_151' title='bbox 1155 2066 1190 2132; x_wconf 83' lang='lat' dir='ltr'><strong>at</strong></span> <span class='ocrx_word' id='word_1_152' title='bbox 1204 2056 1264 2130; x_wconf 81' lang='lat' dir='ltr'><strong>fu-</strong></span> 
     </span>
     <span class='ocr_line' id='line_1_20' title="bbox 133 2151 1273 2243; baseline -0.001 -16"><span class='ocrx_word' id='word_1_153' title='bbox 133 2163 270 2243; x_wconf 76' lang='lat' dir='ltr'><strong>garunt,</strong></span> <span class='ocrx_word' id='word_1_154' title='bbox 293 2165 404 2226; x_wconf 67' lang='lat' dir='ltr'><strong>amen</strong></span> <span class='ocrx_word' id='word_1_155' title='bbox 427 2177 542 2228; x_wconf 88' lang='lat' dir='ltr'><strong>corum</strong></span> <span class='ocrx_word' id='word_1_156' title='bbox 566 2151 795 2230; x_wconf 80' lang='lat' dir='ltr'><strong>marritionibua</strong></span> <span class='ocrx_word' id='word_1_157' title='bbox 813 2152 975 2228; x_wconf 86' lang='lat' dir='ltr'><strong>modicum</strong></span> <span class='ocrx_word' id='word_1_158' title='bbox 999 2164 1191 2228; x_wconf 83' lang='lat' dir='ltr'><strong>nocuerunt.</strong></span> <span class='ocrx_word' id='word_1_159' title='bbox 1225 2152 1273 2236; x_wconf 86' lang='lat' dir='ltr'><strong>lu¹</strong></span> 
     </span>
     <span class='ocr_line' id='line_1_21' title="bbox 132 2248 1264 2347; baseline 0.002 -27"><span class='ocrx_word' id='word_1_160' title='bbox 132 2248 196 2323; x_wconf 89' lang='lat' dir='ltr'><strong>hiis</strong></span> <span class='ocrx_word' id='word_1_161' title='bbox 207 2249 357 2325; x_wconf 86' lang='lat' dir='ltr'><strong>omuibus</strong></span> <span class='ocrx_word' id='word_1_162' title='bbox 367 2252 510 2324; x_wconf 75' lang='lat' dir='ltr'><strong>Adultus</strong></span> <span class='ocrx_word' id='word_1_163' title='bbox 522 2251 735 2344; x_wconf 82' lang='lat' dir='ltr'><strong>Magantinus</strong></span> <span class='ocrx_word' id='word_1_164' title='bbox 753 2251 1017 2347; x_wconf 84' lang='lat' dir='ltr'><strong>archiepiscopus</strong></span> <span class='ocrx_word' id='word_1_165' title='bbox 1030 2248 1264 2325; x_wconf 87' lang='lat' dir='ltr'><strong>dissimulando</strong></span> 
     </span>
     <span class='ocr_line' id='line_1_22' title="bbox 132 2349 1264 2444; baseline 0 -26"><span class='ocrx_word' id='word_1_166' title='bbox 132 2357 169 2418; x_wconf 88' lang='lat' dir='ltr'><strong>et</strong></span> <span class='ocrx_word' id='word_1_167' title='bbox 184 2349 240 2420; x_wconf 84' lang='lat' dir='ltr'><strong>atii</strong></span> <span class='ocrx_word' id='word_1_168' title='bbox 256 2351 401 2444; x_wconf 87' lang='lat' dir='ltr'><strong>episcopi</strong></span> <span class='ocrx_word' id='word_1_169' title='bbox 419 2349 690 2444; x_wconf 71' lang='lat' dir='ltr'><strong>supersederunt,</strong></span> <span class='ocrx_word' id='word_1_170' title='bbox 715 2349 867 2422; x_wconf 80' lang='lat' dir='ltr'><strong>videntes</strong></span> <span class='ocrx_word' id='word_1_171' title='bbox 892 2349 992 2422; x_wconf 86' lang='lat' dir='ltr'><strong>finam</strong></span> <span class='ocrx_word' id='word_1_172' title='bbox 1015 2353 1090 2423; x_wconf 87' lang='lat' dir='ltr'><strong>aiva</strong></span> <span class='ocrx_word' id='word_1_173' title='bbox 1115 2370 1264 2442; x_wconf 83' lang='lat' dir='ltr'><strong>exspec-</strong></span> 
     </span>
    </p>
   </div>
   <div class='ocr_carea' id='block_1_3' title="bbox 132 2447 546 2537">
    <p class='ocr_par' dir='ltr' id='par_1_3' title="bbox 132 2447 546 2537">
     <span class='ocr_line' id='line_1_23' title="bbox 132 2447 546 2537; baseline 0.005 -21"><span class='ocrx_word' id='word_1_174' title='bbox 132 2455 252 2518; x_wconf 73' lang='lat' dir='ltr'><strong>onos.</strong></span> <span class='ocrx_word' id='word_1_175' title='bbox 278 2447 429 2535; x_wconf 68' lang='lat' dir='ltr'><strong>(saco</strong></span> <span class='ocrx_word' id='word_1_176' title='bbox 444 2449 546 2537; x_wconf 73' lang='lat' dir='ltr'><strong>aaa.)</strong></span> 
     </span>
    </p>
   </div>
   <div class='ocr_carea' id='block_1_4' title="bbox 127 2576 1265 4136">
    <p class='ocr_par' dir='ltr' id='par_1_4' title="bbox 127 2576 1265 4136">
     <span class='ocr_line' id='line_1_24' title="bbox 148 2576 1265 2671; baseline 0 -21"><span class='ocrx_word' id='word_1_177' title='bbox 148 2579 687 2671; x_wconf 65' lang='lat' dir='ltr'><strong>Asmoaurommcoatxxavfflt]</strong></span> <span class='ocrx_word' id='word_1_178' title='bbox 750 2579 845 2651; x_wconf 87' lang='lat' dir='ltr'><strong>Faria</strong></span> <span class='ocrx_word' id='word_1_179' title='bbox 854 2580 1160 2653; x_wconf 82' lang='lat' dir='ltr'><strong>sextaanteicstum</strong></span> <span class='ocrx_word' id='word_1_180' title='bbox 1169 2576 1265 2651; x_wconf 88' lang='lat' dir='ltr'><strong>beate</strong></span> 
     </span>
     <span class='ocr_line' id='line_1_25' title="bbox 131 2673 1264 2769; baseline 0.003 -25"><span class='ocrx_word' id='word_1_181' title='bbox 131 2673 538 2749; x_wconf 82' lang='lat' dir='ltr'><strong>fariasextaantadiartini</strong></span> <span class='ocrx_word' id='word_1_182' title='bbox 551 2677 687 2768; x_wconf 74' lang='lat' dir='ltr'><strong>[couti]</strong></span> <span class='ocrx_word' id='word_1_183' title='bbox 711 2677 828 2769; x_wconf 67' lang='lat' dir='ltr'><strong>Maria</strong></span> <span class='ocrx_word' id='word_1_184' title='bbox 852 2701 926 2748; x_wconf 91' lang='lat' dir='ltr'><strong>cum</strong></span> <span class='ocrx_word' id='word_1_185' title='bbox 949 2681 1067 2750; x_wconf 87' lang='lat' dir='ltr'><strong>iterum</strong></span> <span class='ocrx_word' id='word_1_186' title='bbox 1088 2678 1156 2769; x_wconf 82' lang='lat' dir='ltr'><strong>liga</strong></span> <span class='ocrx_word' id='word_1_187' title='bbox 1175 2680 1264 2749; x_wconf 86' lang='lat' dir='ltr'><strong>civi-</strong></span> 
     </span>
     <span class='ocr_line' id='line_1_26' title="bbox 131 2773 1264 2863; baseline 0.004 -21"><span class='ocrx_word' id='word_1_188' title='bbox 131 2773 286 2844; x_wconf 86' lang='lat' dir='ltr'><strong>civitates</strong></span> <span class='ocrx_word' id='word_1_189' title='bbox 309 2774 538 2863; x_wconf 56' lang='lat' dir='ltr'><strong>confederata</strong></span> <span class='ocrx_word' id='word_1_190' title='bbox 567 2777 691 2847; x_wconf 85' lang='lat' dir='ltr'><strong>scilicet</strong></span> <span class='ocrx_word' id='word_1_191' title='bbox 710 2785 807 2846; x_wconf 86' lang='lat' dir='ltr'><strong>tatum</strong></span> <span class='ocrx_word' id='word_1_192' title='bbox 821 2776 903 2846; x_wconf 89' lang='lat' dir='ltr'><strong>dicta</strong></span> <span class='ocrx_word' id='word_1_193' title='bbox 922 2780 980 2848; x_wconf 84' lang='lat' dir='ltr'><strong>der</strong></span> <span class='ocrx_word' id='word_1_194' title='bbox 998 2777 1087 2846; x_wconf 77' lang='lat' dir='ltr'><strong>tono</strong></span> <span class='ocrx_word' id='word_1_195' title='bbox 1102 2795 1176 2846; x_wconf 89' lang='lat' dir='ltr'><strong>cum</strong></span> <span class='ocrx_word' id='word_1_196' title='bbox 1189 2779 1264 2848; x_wconf 84' lang='lat' dir='ltr'><strong>totis</strong></span> 
     </span>
     <span class='ocr_line' id='line_1_27' title="bbox 131 2867 1264 2965; baseline 0.004 -27"><span class='ocrx_word' id='word_1_197' title='bbox 131 2867 688 2963; x_wconf 55' lang='lat' dir='ltr'><strong>MagantiucnsiQWormaticnsis,</strong></span> <span class='ocrx_word' id='word_1_198' title='bbox 708 2872 833 2945; x_wconf 86' lang='lat' dir='ltr'><strong>viribus</strong></span> <span class='ocrx_word' id='word_1_199' title='bbox 859 2895 897 2946; x_wconf 86' lang='lat' dir='ltr'><strong>sc</strong></span> <span class='ocrx_word' id='word_1_200' title='bbox 922 2874 1125 2965; x_wconf 67' lang='lat' dir='ltr'><strong>collegisset,</strong></span> <span class='ocrx_word' id='word_1_201' title='bbox 1151 2883 1184 2943; x_wconf 88' lang='lat' dir='ltr'><strong>et</strong></span> <span class='ocrx_word' id='word_1_202' title='bbox 1206 2875 1264 2943; x_wconf 88' lang='lat' dir='ltr'><strong>in-</strong></span> 
     </span>
     <span class='ocr_line' id='line_1_28' title="bbox 130 2965 1261 3064; baseline 0.004 -28"><span class='ocrx_word' id='word_1_203' title='bbox 130 2965 319 3060; x_wconf 65' lang='lat' dir='ltr'><strong>spirensis,</strong></span> <span class='ocrx_word' id='word_1_204' title='bbox 341 2979 519 3042; x_wconf 83' lang='lat' dir='ltr'><strong>sexcentos</strong></span> <span class='ocrx_word' id='word_1_205' title='bbox 538 2991 688 3062; x_wconf 79' lang='lat' dir='ltr'><strong>congra-</strong></span> <span class='ocrx_word' id='word_1_206' title='bbox 708 2971 1117 3064; x_wconf 85' lang='lat' dir='ltr'><strong>vaderettcrramRuparti</strong></span> <span class='ocrx_word' id='word_1_207' title='bbox 1127 2973 1261 3041; x_wconf 82' lang='lat' dir='ltr'><strong>iunioris</strong></span> 
     </span>
     <span class='ocr_line' id='line_1_29' title="bbox 130 3066 1262 3156; baseline 0.004 -22"><span class='ocrx_word' id='word_1_208' title='bbox 130 3074 266 3155; x_wconf 65' lang='lat' dir='ltr'><strong>gantas,</strong></span> <span class='ocrx_word' id='word_1_209' title='bbox 282 3073 403 3137; x_wconf 83' lang='lat' dir='ltr'><strong>terram</strong></span> <span class='ocrx_word' id='word_1_210' title='bbox 421 3069 579 3138; x_wconf 87' lang='lat' dir='ltr'><strong>intrarunt</strong></span> <span class='ocrx_word' id='word_1_211' title='bbox 596 3066 687 3140; x_wconf 87' lang='lat' dir='ltr'><strong>ducis</strong></span> <span class='ocrx_word' id='word_1_212' title='bbox 708 3067 799 3140; x_wconf 90' lang='lat' dir='ltr'><strong>ducis</strong></span> <span class='ocrx_word' id='word_1_213' title='bbox 811 3071 843 3138; x_wconf 91' lang='lat' dir='ltr'><strong>in</strong></span> <span class='ocrx_word' id='word_1_214' title='bbox 854 3067 983 3156; x_wconf 66' lang='lat' dir='ltr'><strong>Alocia</strong></span> <span class='ocrx_word' id='word_1_215' title='bbox 1001 3067 1088 3138; x_wconf 88' lang='lat' dir='ltr'><strong>idem</strong></span> <span class='ocrx_word' id='word_1_216' title='bbox 1103 3067 1171 3139; x_wconf 85' lang='lat' dir='ltr'><strong>dux</strong></span> <span class='ocrx_word' id='word_1_217' title='bbox 1188 3089 1262 3138; x_wconf 88' lang='lat' dir='ltr'><strong>oum</strong></span> 
     </span>
     <span class='ocr_line' id='line_1_30' title="bbox 129 3159 1262 3256; baseline 0.002 -25"><span class='ocrx_word' id='word_1_218' title='bbox 129 3159 268 3256; x_wconf 77' lang='lat' dir='ltr'><strong>Ruperti</strong></span> <span class='ocrx_word' id='word_1_219' title='bbox 290 3161 433 3236; x_wconf 84' lang='lat' dir='ltr'><strong>Bavarie</strong></span> <span class='ocrx_word' id='word_1_220' title='bbox 457 3161 688 3237; x_wconf 30' lang='lat' dir='ltr'><strong>comburentes*</strong></span> <span class='ocrx_word' id='word_1_221' title='bbox 707 3187 766 3236; x_wconf 89' lang='lat' dir='ltr'><strong>soa</strong></span> <span class='ocrx_word' id='word_1_222' title='bbox 785 3163 917 3235; x_wconf 87' lang='lat' dir='ltr'><strong>cohorte</strong></span> <span class='ocrx_word' id='word_1_223' title='bbox 934 3167 1126 3237; x_wconf 85' lang='lat' dir='ltr'><strong>invasitaos</strong></span> <span class='ocrx_word' id='word_1_224' title='bbox 1138 3164 1262 3256; x_wconf 83' lang='lat' dir='ltr'><strong>atpiu-</strong></span> 
     </span>
     <span class='ocr_line' id='line_1_31' title="bbox 130 3259 1261 3334; baseline 0.004 -7"><span class='ocrx_word' id='word_1_225' title='bbox 130 3267 164 3328; x_wconf 86' lang='lat' dir='ltr'><strong>ct</strong></span> <span class='ocrx_word' id='word_1_226' title='bbox 174 3269 346 3332; x_wconf 84' lang='lat' dir='ltr'><strong>vastantes</strong></span> <span class='ocrx_word' id='word_1_227' title='bbox 356 3265 476 3332; x_wconf 87' lang='lat' dir='ltr'><strong>omnia.</strong></span> <span class='ocrx_word' id='word_1_228' title='bbox 501 3259 592 3332; x_wconf 85' lang='lat' dir='ltr'><strong>Idam</strong></span> <span class='ocrx_word' id='word_1_229' title='bbox 603 3283 687 3333; x_wconf 89' lang='lat' dir='ltr'><strong>varo</strong></span> <span class='ocrx_word' id='word_1_230' title='bbox 705 3265 806 3334; x_wconf 86' lang='lat' dir='ltr'><strong>rimas</strong></span> <span class='ocrx_word' id='word_1_231' title='bbox 840 3261 883 3331; x_wconf 88' lang='lat' dir='ltr'><strong>dc</strong></span> <span class='ocrx_word' id='word_1_232' title='bbox 918 3261 1079 3332; x_wconf 86' lang='lat' dir='ltr'><strong>conducto</strong></span> <span class='ocrx_word' id='word_1_233' title='bbox 1113 3264 1261 3331; x_wconf 84' lang='lat' dir='ltr'><strong>exercitu</strong></span> 
     </span>
     <span class='ocr_line' id='line_1_32' title="bbox 129 3353 1261 3453; baseline -0.003 -23"><span class='ocrx_word' id='word_1_234' title='bbox 129 3353 211 3446; x_wconf 56' lang='lat' dir='ltr'><strong>duu7</strong></span> <span class='ocrx_word' id='word_1_235' title='bbox 237 3379 315 3430; x_wconf 73' lang='lat' dir='ltr'><strong>suros</strong></span> <span class='ocrx_word' id='word_1_236' title='bbox 339 3381 551 3450; x_wconf 79' lang='lat' dir='ltr'><strong>congregans</strong></span> <span class='ocrx_word' id='word_1_237' title='bbox 578 3360 686 3430; x_wconf 87' lang='lat' dir='ltr'><strong>satal-</strong></span> <span class='ocrx_word' id='word_1_238' title='bbox 706 3381 821 3430; x_wconf 84' lang='lat' dir='ltr'><strong>corum</strong></span> <span class='ocrx_word' id='word_1_239' title='bbox 834 3381 907 3430; x_wconf 90' lang='lat' dir='ltr'><strong>cum</strong></span> <span class='ocrx_word' id='word_1_240' title='bbox 920 3363 1066 3452; x_wconf 88' lang='lat' dir='ltr'><strong>ipsorum</strong></span> <span class='ocrx_word' id='word_1_241' title='bbox 1083 3360 1261 3453; x_wconf 78' lang='lat' dir='ltr'><strong>capitaneis</strong></span> 
     </span>
     <span class='ocr_line' id='line_1_33' title="bbox 127 3451 1260 3548; baseline 0.003 -25"><span class='ocrx_word' id='word_1_242' title='bbox 127 3451 217 3542; x_wconf 67' lang='lat' dir='ltr'><strong>litos,</strong></span> <span class='ocrx_word' id='word_1_243' title='bbox 234 3456 315 3548; x_wconf 89' lang='lat' dir='ltr'><strong>ipsis</strong></span> <span class='ocrx_word' id='word_1_244' title='bbox 327 3454 507 3528; x_wconf 84' lang='lat' dir='ltr'><strong>scobviam</strong></span> <span class='ocrx_word' id='word_1_245' title='bbox 526 3455 608 3528; x_wconf 87' lang='lat' dir='ltr'><strong>dans</strong></span> <span class='ocrx_word' id='word_1_246' title='bbox 626 3477 685 3530; x_wconf 85' lang='lat' dir='ltr'><strong>eos</strong></span> <span class='ocrx_word' id='word_1_247' title='bbox 705 3465 738 3526; x_wconf 85' lang='lat' dir='ltr'><strong>at</strong></span> <span class='ocrx_word' id='word_1_248' title='bbox 762 3457 871 3528; x_wconf 86' lang='lat' dir='ltr'><strong>multis</strong></span> <span class='ocrx_word' id='word_1_249' title='bbox 895 3453 1021 3529; x_wconf 84' lang='lat' dir='ltr'><strong>civibus</strong></span> <span class='ocrx_word' id='word_1_250' title='bbox 1046 3453 1260 3548; x_wconf 70' lang='lat' dir='ltr'><strong>Magantinis,</strong></span> 
     </span>
     <span class='ocr_line' id='line_1_34' title="bbox 128 3549 1258 3626; baseline 0.002 -6"><span class='ocrx_word' id='word_1_251' title='bbox 128 3549 288 3622; x_wconf 83' lang='lat' dir='ltr'><strong>audacter</strong></span> <span class='ocrx_word' id='word_1_252' title='bbox 309 3556 430 3624; x_wconf 86' lang='lat' dir='ltr'><strong>invasit</strong></span> <span class='ocrx_word' id='word_1_253' title='bbox 447 3557 532 3625; x_wconf 85' lang='lat' dir='ltr'><strong>ct&#39;in</strong></span> <span class='ocrx_word' id='word_1_254' title='bbox 551 3575 609 3624; x_wconf 86' lang='lat' dir='ltr'><strong>eos</strong></span> <span class='ocrx_word' id='word_1_255' title='bbox 627 3557 685 3624; x_wconf 90' lang='lat' dir='ltr'><strong>in·-</strong></span> <span class='ocrx_word' id='word_1_256' title='bbox 704 3553 1011 3626; x_wconf 87' lang='lat' dir='ltr'><strong>Wormaciansibus</strong></span> <span class='ocrx_word' id='word_1_257' title='bbox 1033 3563 1065 3624; x_wconf 89' lang='lat' dir='ltr'><strong>at</strong></span> <span class='ocrx_word' id='word_1_258' title='bbox 1088 3553 1130 3622; x_wconf 87' lang='lat' dir='ltr'><strong>dc</strong></span> <span class='ocrx_word' id='word_1_259' title='bbox 1147 3552 1258 3624; x_wconf 86' lang='lat' dir='ltr'><strong>Fran-</strong></span> 
     </span>
     <span class='ocr_line' id='line_1_35' title="bbox 128 3648 1259 3745; baseline -0.001 -27"><span class='ocrx_word' id='word_1_260' title='bbox 128 3648 244 3721; x_wconf 84' lang='lat' dir='ltr'><strong>silicus</strong></span> <span class='ocrx_word' id='word_1_261' title='bbox 255 3648 413 3722; x_wconf 88' lang='lat' dir='ltr'><strong>ducentos</strong></span> <span class='ocrx_word' id='word_1_262' title='bbox 425 3651 595 3740; x_wconf 63' lang='lat' dir='ltr'><strong>interfecit,</strong></span> <span class='ocrx_word' id='word_1_263' title='bbox 609 3661 684 3722; x_wconf 87' lang='lat' dir='ltr'><strong>tra·</strong></span> <span class='ocrx_word' id='word_1_264' title='bbox 703 3650 834 3723; x_wconf 84' lang='lat' dir='ltr'><strong>kcosurt</strong></span> <span class='ocrx_word' id='word_1_265' title='bbox 870 3653 1065 3745; x_wconf 65' lang='lat' dir='ltr'><strong>captivavit7</strong></span> <span class='ocrx_word' id='word_1_266' title='bbox 1101 3659 1134 3720; x_wconf 87' lang='lat' dir='ltr'><strong>at</strong></span> <span class='ocrx_word' id='word_1_267' title='bbox 1167 3648 1259 3719; x_wconf 82' lang='lat' dir='ltr'><strong>drrxit</strong></span> 
     </span>
     <span class='ocr_line' id='line_1_36' title="bbox 128 3749 1257 3842; baseline -0.001 -28"><span class='ocrx_word' id='word_1_268' title='bbox 128 3755 243 3818; x_wconf 67' lang='lat' dir='ltr'><strong>cenos</strong></span> <span class='ocrx_word' id='word_1_269' title='bbox 262 3757 296 3816; x_wconf 87' lang='lat' dir='ltr'><strong>ct</strong></span> <span class='ocrx_word' id='word_1_270' title='bbox 312 3751 429 3838; x_wconf 83' lang='lat' dir='ltr'><strong>viginti</strong></span> <span class='ocrx_word' id='word_1_271' title='bbox 452 3758 563 3842; x_wconf 87' lang='lat' dir='ltr'><strong>captos</strong></span> <span class='ocrx_word' id='word_1_272' title='bbox 582 3752 684 3818; x_wconf 83' lang='lat' dir='ltr'><strong>tonuit</strong></span> <span class='ocrx_word' id='word_1_273' title='bbox 704 3769 817 3820; x_wconf 84' lang='lat' dir='ltr'><strong>secum</strong></span> <span class='ocrx_word' id='word_1_274' title='bbox 834 3752 867 3819; x_wconf 89' lang='lat' dir='ltr'><strong>in</strong></span> <span class='ocrx_word' id='word_1_275' title='bbox 885 3749 1054 3835; x_wconf 50' lang='lat' dir='ltr'><strong>Alcaiarrrq</strong></span> <span class='ocrx_word' id='word_1_276' title='bbox 1073 3750 1257 3840; x_wconf 87' lang='lat' dir='ltr'><strong>etcopiose</strong></span> 
     </span>
     <span class='ocr_line' id='line_1_37' title="bbox 127 3841 1258 3917; baseline 0 -5"><span class='ocrx_word' id='word_1_277' title='bbox 127 3853 168 3913; x_wconf 85' lang='lat' dir='ltr'><strong>ct·</strong></span> <span class='ocrx_word' id='word_1_278' title='bbox 194 3843 237 3913; x_wconf 89' lang='lat' dir='ltr'><strong>ad</strong></span> <span class='ocrx_word' id='word_1_279' title='bbox 257 3843 417 3915; x_wconf 7' lang='lat' dir='ltr'><strong>carreiam</strong></span> <span class='ocrx_word' id='word_1_280' title='bbox 450 3845 549 3916; x_wconf 79' lang='lat' dir='ltr'><strong>duxit.</strong></span> <span class='ocrx_word' id='word_1_281' title='bbox 595 3845 686 3916; x_wconf 88' lang='lat' dir='ltr'><strong>lntcr</strong></span> <span class='ocrx_word' id='word_1_282' title='bbox 703 3848 934 3917; x_wconf 84' lang='lat' dir='ltr'><strong>exactionavit.</strong></span> <span class='ocrx_word' id='word_1_283' title='bbox 973 3841 1154 3914; x_wconf 83' lang='lat' dir='ltr'><strong>Garotones</strong></span> <span class='ocrx_word' id='word_1_284' title='bbox 1183 3859 1258 3912; x_wconf 88' lang='lat' dir='ltr'><strong>oum</strong></span> 
     </span>
     <span class='ocr_line' id='line_1_38' title="bbox 128 3939 1259 4036; baseline -0.002 -24"><span class='ocrx_word' id='word_1_285' title='bbox 128 3959 210 4034; x_wconf 85' lang='lat' dir='ltr'><strong>quos</strong></span> <span class='ocrx_word' id='word_1_286' title='bbox 235 3952 330 4012; x_wconf 87' lang='lat' dir='ltr'><strong>crant</strong></span> <span class='ocrx_word' id='word_1_287' title='bbox 352 3942 510 4015; x_wconf 75' lang='lat' dir='ltr'><strong>satellites</strong></span> <span class='ocrx_word' id='word_1_288' title='bbox 534 3945 682 4032; x_wconf 67' lang='lat' dir='ltr'><strong>ministri,</strong></span> <span class='ocrx_word' id='word_1_289' title='bbox 704 3946 781 4036; x_wconf 85' lang='lat' dir='ltr'><strong>&#39;pais</strong></span> <span class='ocrx_word' id='word_1_290' title='bbox 799 3953 970 4015; x_wconf 85' lang='lat' dir='ltr'><strong>curreutes</strong></span> <span class='ocrx_word' id='word_1_291' title='bbox 994 3939 1173 4013; x_wconf 85' lang='lat' dir='ltr'><strong>combussit</strong></span> <span class='ocrx_word' id='word_1_292' title='bbox 1188 3939 1259 4032; x_wconf 85' lang='lat' dir='ltr'><strong>igni</strong></span> 
     </span>
     <span class='ocr_line' id='line_1_39' title="bbox 127 4033 1260 4136; baseline 0 -26"><span class='ocrx_word' id='word_1_293' title='bbox 127 4057 210 4132; x_wconf 88' lang='lat' dir='ltr'><strong>quos</strong></span> <span class='ocrx_word' id='word_1_294' title='bbox 224 4037 413 4110; x_wconf 80' lang='lat' dir='ltr'><strong>camburtin</strong></span> <span class='ocrx_word' id='word_1_295' title='bbox 424 4037 588 4125; x_wconf 78' lang='lat' dir='ltr'><strong>tottoffcra</strong></span> <span class='ocrx_word' id='word_1_296' title='bbox 600 4060 684 4136; x_wconf 87' lang='lat' dir='ltr'><strong>prc-</strong></span> <span class='ocrx_word' id='word_1_297' title='bbox 704 4043 737 4112; x_wconf 89' lang='lat' dir='ltr'><strong>in</strong></span> <span class='ocrx_word' id='word_1_298' title='bbox 744 4040 884 4135; x_wconf 88' lang='lat' dir='ltr'><strong>quodam</strong></span> <span class='ocrx_word' id='word_1_299' title='bbox 894 4041 1029 4112; x_wconf 82' lang='lat' dir='ltr'><strong>fornace</strong></span> <span class='ocrx_word' id='word_1_300' title='bbox 1040 4038 1148 4112; x_wconf 85' lang='lat' dir='ltr'><strong>calcis.</strong></span> <span class='ocrx_word' id='word_1_301' title='bbox 1167 4033 1260 4110; x_wconf 80' lang='lat' dir='ltr'><strong>Multi</strong></span> 
     </span>
    </p>
   </div>
   <div class='ocr_carea' id='block_1_5' title="bbox 131 4173 446 4300">
    <p class='ocr_par' dir='ltr' id='par_1_5' title="bbox 131 4173 446 4300">
     <span class='ocr_line' id='line_1_40' title="bbox 131 4173 446 4300; baseline 0.003 -20"><span class='ocrx_word' id='word_1_302' title='bbox 131 4173 134 4180; x_wconf 30' lang='grc' dir='ltr'>Ι</span> <span class='ocrx_word' id='word_1_303' title='bbox 182 4222 212 4296; x_wconf 82' lang='lat'><strong>1)</strong></span> <span class='ocrx_word' id='word_1_304' title='bbox 230 4224 274 4283; x_wconf 82' lang='lat' dir='ltr'><strong>bei</strong></span> <span class='ocrx_word' id='word_1_305' title='bbox 292 4225 446 4300; x_wconf 72' lang='lat' dir='ltr'><strong>oofflogau.</strong></span> 
     </span>
    </p>
   </div>
   <div class='ocr_carea' id='block_1_6' title="bbox 0 0 1522 4822">
    <p class='ocr_par' dir='ltr' id='par_1_6' title="bbox 0 0 1522 4822">
     <span class='ocr_line' id='line_1_41' title="bbox 0 0 1522 4822; baseline 0 3"><span class='ocrx_word' id='word_1_306' title='bbox 0 0 1522 4822; x_wconf 95' lang='lat' dir='ltr'><strong> </strong></span> 
     </span>
    </p>
   </div>
  </div>
 </body>
</html>
