3012 4820
264 177 336 254 612
439 174 617 234 automata
637 171 826 234 moueantur
845 173 953 234 GESTA
972 173 1216 234 IMPERATORUM.

262 362 442 442 consecto,
459 351 628 424 Allexium
654 353 885 444 imperatorem
905 347 1322 442 Consuntmopctiunum,
1346 350 1397 442 qui

263 449 406 522 Siciliam
425 459 458 520 et
473 459 600 543 partem
627 447 777 520 Calabria
809 459 1007 541 occuparat,
1032 458 1066 518 et
1088 446 1238 519 Venetos
1267 443 1397 516 decicit.

263 546 383 640 Sicque
402 557 503 619 lotum
520 569 662 638 regnum
682 547 804 640 Apulia
828 557 860 616 el
883 545 995 616 Sicilie
1022 543 1165 616 obtinuit.
1201 543 1244 614 Et
1266 543 1345 616 licet
1370 547 1400 614 iu

262 643 326 717 hoo
342 644 550 738 proiuditium
567 646 710 718 ecclesie
727 644 878 716 Romane
890 643 1019 732 fecerit,
1030 645 1123 715 cuius
1134 661 1278 734 regnum
1290 641 1399 714 Sicilie

262 746 392 837 propria
411 746 584 836 possessio
602 753 686 832 erat,
703 742 933 814 reconciliatus
957 740 1089 812 undem
1107 741 1252 812 ecclesie
1270 751 1344 830 est,
1361 737 1400 809 de

259 845 401 934 ‚eiusque
418 840 588 913 voluntate
606 840 757 913 dominns
777 843 808 910 in
825 840 934 911 Sicilia
953 838 1059 910 iactus
1077 850 1137 911 est.
1164 837 1206 908 Et
1226 861 1295 910 non
1313 838 1401 909 mul-

263 949 331 1010 tum
348 948 422 1032 post
439 937 637 1030 Gregorium
657 942 831 1032 septimum
850 961 923 1012 oum
941 935 1160 1009 cardinalibus
1171 935 1351 1010 obsessum
1363 933 1402 1006 ab

262 1035 408 1108 ilenrico
425 1047 539 1130 quarto
555 1039 753 1131 imperatore
771 1041 803 1106 in
827 1047 935 1108 castro
959 1039 1062 1110 saneti
1088 1034 1235 1128 augeli,
1262 1034 1402 1106 Romam

263 1138 419 1221 veniens7
437 1133 552 1224 fugato
570 1133 654 1206 dicto
676 1134 821 1206 Hearicc
833 1155 906 1206 cum
918 1135 1069 1226 antipapa
1083 1154 1156 1221 suo,
1175 1129 1215 1202 ab
1230 1129 1403 1204 obsidione

260 1253 382 1327 papam
400 1241 433 1300 et
450 1230 635 1306 cardinales
653 1229 818 1321 liberavit
835 1251 1020 1326 papamque
1040 1233 1071 1300 in
1090 1231 1245 1324 palatium
1259 1227 1403 1302 Latera-

262 1351 402 1402 nensem
420 1332 583 1418 restituitq
601 1333 720 1424 punitis
739 1335 888 1421 graviter
905 1331 1075 1418 Romanis,
1094 1331 1147 1422 qui
1159 1337 1273 1400 eontra
1286 1350 1402 1423 papam
1482 1389 1483 1396 ,

264 1425 463 1518 Gregorium
483 1427 635 1498 savorem
652 1431 840 1522 imperatori
859 1427 1003 1500 Heurioo
1022 1437 1056 1498 et
1071 1447 1156 1520 pape
1176 1447 1239 1522 per
1250 1448 1331 1498 eum
1347 1429 1402 1496 in-

264 1535 356 1596 truso
374 1523 543 1596 dederant
570 1523 662 1616 Lege
681 1535 776 1618 gesta
797 1525 948 1616 Gregorii
966 1546 1052 1619 pape
1071 1527 1209 1617 septimi.
1246 1523 1313 1594 llic
1328 1523 1402 1595 Ro-

260 1619 375 1696 bertus
399 1619 591 1713 Guisoardiq
619 1621 687 1696 dux
710 1624 832 1716 Apulie
857 1623 985 1710 iactus,
1014 1621 1118 1695 semel
1149 1631 1309 1694 venatum
1334 1625 1402 1708 itit
1482 1629 1483 1694 ἶ

260 1731 462 1814 secutusque
480 1717 618 1792 bestiam
644 1721 686 1792 ad
713 1720 909 1814 profirndum
935 1719 1022 1794 silve
1046 1723 1217 1814 peruenitq
1243 1722 1403 1810 ignorans

259 1817 338 1911 quid
362 1815 536 1890 accidisset
563 1820 679 1910 sociis,
712 1823 849 1913 ipseque
872 1816 926 1889 ubi
952 1829 1045 1891 essct
1073 1828 1106 1889 et
1129 1817 1216 1911 quod
1239 1817 1403 1888 lacereta

263 1917 362 1990 sociis
390 1918 522 1986 omnino
545 1919 725 2008 ignoratus.
764 1915 846 1988 Cum
872 1939 956 2008 ergo
983 1913 1115 1990 videret
1140 1919 1403 2009 appropinquare

264 2023 408 2103 noctemq
426 2009 569 2085 obmissa
588 2036 684 2107 quam
704 2012 904 2108 sequebatur
922 2013 1044 2104 besta,
1074 2014 1205 2086 domurn
1226 2011 1404 2104 satagebat

263 2109 383 2182 redire.
423 2107 619 2206 Invenitque
640 2115 672 2182 in
691 2113 776 2184 silva
794 2112 963 2206 leprosum
981 2111 1163 2206 quendam,
1192 2117 1247 2204 qni
1271 2108 1404 2205 abipso

265 2207 460 2280 adiutorium
478 2207 661 2300 postulabat
679 2213 847 2282 instanter.
875 2209 1023 2304 Cumque
1034 2213 1066 2280 ei
1076 2211 1215 2304 aliquam
1228 2213 1404 2303 pecuniam

265 2305 437 2380 obtulisset
454 2306 606 2400 leprosus
624 2308 809 2402 respondit:
836 2329 901 2380 nco
920 2311 984 2378 sibi
995 2313 1173 2397 pecuniam
1190 2311 1304 2378 utitem
1319 2307 1403 2394 fore,

266 2427 424 2478 assereus
442 2425 588 2498 quoque:
615 2409 649 2475 in
669 2407 772 2476 bonus
794 2412 905 2496 potius
921 2415 953 2476 cl
968 2425 1156 2496 probamen.
1201 2403 1286 2476 Cum
1313 2429 1402 2499 quc·

266 2507 366 2576 sisset
382 2526 400 2573 a
418 2503 551 2594 leproso
569 2502 644 2596 quid
661 2504 783 2576 vellet:
816 2507 900 2594 Volo,
927 2507 1038 2598 inquit,
1056 2513 1093 2574 at
1103 2511 1403 2594 postoosmepor-

260 2605 341 2672 ‚lctis
364 2605 398 2672 in
424 2619 522 2690 equo,
545 2619 586 2670 oe
609 2599 695 2684 sorte
717 2605 851 2674 relictus
873 2607 908 2673 ia
935 2605 1019 2672 sileo
1036 2621 1225 2672 remaneam
1250 2623 1275 2670 α
1293 2603 1403 2673 bestiis

266 2702 482 2770 decorandus.
508 2697 601 2769 Tunc
618 2696 782 2772 Robertus
800 2701 967 2795 leprosum
979 2710 1053 2793 post
1070 2703 1151 2772 sein
1163 2720 1248 2791 equo
1262 2721 1402 2772 assum-

266 2799 308 2869 sit
323 2797 473 2867 letanter.
501 2793 649 2890 Cumque
668 2796 842 2890 equitando
855 2795 1050 2892 prccederet
1067 2794 1121 2868 tali
1134 2797 1252 2867 comite
1272 2801 1402 2870 consti-

264 2901 373 2988 patus,
390 2892 543 2986 leprosus
561 2897 619 2964 ait:
641 2895 741 2966 Tanto
758 2895 885 2985 [ripere
902 2897 1052 2986 abriperet
1072 2915 1188 2966 monuo
1202 2913 1289 2983 mae,
1313 2897 1404 2984 quod

264 2995 330 3061 nisi
354 3000 483 3062 morum
510 2995 659 3060 coritium
686 2996 875 3078 caleficicru
887 2995 1045 3080 somena,
1072 2997 1106 3062 in
1123 3013 1206 3082 equo
1223 3013 1276 3064 me
1293 3002 1402 3064 tencre

265 3108 332 3160 nort
348 3098 473 3180 potero.
499 3089 593 3161 'limo
602 3089 657 3160 ille
674 3089 807 3184 leproso
825 3094 1001 3180 concessitq
1020 3101 1053 3161 ut
1071 3113 1189 3162 secure
1207 3087 1269 3162 sub
1289 3094 1401 3164 vesti-

165 3269 166 3273 *
263 3191 384 3261 mentis
400 3191 469 3262 suis
489 3209 605 3258 manus
629 3199 791 3281 poneret,
820 3211 939 3263 carnes
967 3199 1001 3258 et
1016 3186 1163 3260 membra
1181 3207 1241 3260 sua
1259 3199 1401 3260 contac-

263 3295 358 3358 turus
376 3284 501 3380 absque
519 3284 583 3356 ulla
601 3290 817 3358 cunctatione.
854 3287 963 3359 'lertio
987 3307 1070 3358 vero
1097 3287 1264 3380 leprosum
1295 3285 1401 3356 adbuc

264 3385 340 3454 eius
365 3381 621 3456 misericordiam
638 3383 859 3476 flagitantem„
878 3389 910 3458 io
929 3384 1010 3457 sella
1029 3387 1148 3478 posuit,
1168 3386 1310 3477 ipseque
1327 3391 1400 3478 post

267 3501 343 3552 eum
361 3481 496 3571 sedens,
513 3481 682 3575 leprosum
700 3482 919 3576 amplexatus,
938 3504 1041 3576 usque
1059 3479 1100 3550 ad
1128 3503 1298 3552 cameram
1316 3503 1399 3574 pro-

265 3581 369 3672 priam
386 3577 551 3674 perduxit,
568 3581 601 3648 in
618 3579 804 3673 lectumque
821 3583 986 3676 proprium
1006 3589 1040 3650 ut
1051 3580 1239 3673 quiesceret
1249 3577 1399 3670 diligen-

265 3679 391 3750 tissime
409 3676 594 3766 collocavit,
612 3676 701 3748 nullo
712 3676 754 3747 dc
767 3678 886 3750 familia
906 3677 967 3750 boe
979 3679 1115 3749 sciente.
1142 3674 1293 3770 Cumque
1304 3676 1398 3752 cele.-

265 3771 356 3845 brata
382 3797 464 3846 cena
493 3777 587 3844 uxori
614 3772 793 3847 indicasset
820 3776 988 3869 leprosum
1012 3778 1043 3845 in
1068 3795 1129 3846 suo
1145 3774 1233 3846 lecto
1250 3773 1396 3858 locasse

267 3893 372 3943 uxore
396 3875 513 3944 comite
537 3869 579 3942 ad
602 3893 766 3944 cameram
787 3876 863 3964 ivitq
882 3885 916 3944 ut
933 3876 1032 3946 sciret
1054 3873 1082 3943 si
1099 3871 1184 3942 lorte
1201 3894 1330 3965 pauper
1346 3871 1398 3942 ille

264 3969 412 4042 infirmus
433 3992 555 4042 cenare
573 3970 685 4042 vellet.
725 3969 897 4042 Camenam
923 3974 994 4042 sino
1018 3967 1231 4040 luminaribus
1252 3971 1396 4064 repperit

265 4065 473 4160 luminosam,
491 4078 644 4162 motaque
665 4067 774 4140 odoris
798 4090 987 4162 respersam
1011 4068 1213 4158 fragrantia,
1242 4078 1394 4160 quantam

263 4185 429 4264 nunquam
447 4165 612 4242 Robertus
632 4166 687 4240 vel
705 4170 824 4238 coniux
835 4176 987 4241 senserat
1004 4169 1036 4238 in
1050 4163 1199 4239 hacvita.
1225 4163 1393 4262 Lepmsus
