2882 4818
339 213 515 278 mmmcos
535 220 578 278 aa
597 219 861 279 cmssnmrovm.
1090 222 1162 306 tii

65 405 153 468 rentur
166 417 271 467 seeum
287 397 336 466 ire
354 405 465 467 contra
484 395 543 468 sibi
560 392 704 468 rebelles
722 406 756 468 et
773 397 915 468 ecclcsic
932 395 1092 468 Romane.
1178 393 1248 452 ¹³⁰⁰

63 491 392 566 benveroEdwardus
408 497 541 565 nomine
558 494 755 586 rexAnglie
767 494 826 566 iuit
842 517 916 566 cum
934 516 994 566 suo
1012 498 1159 567 exercitu

62 595 188 682 inregno
203 589 340 663 Francia
363 602 398 664 et
418 591 495 664 illud
518 595 665 665 vastavit
687 591 846 687 capiendo
869 589 970 664 urbes
988 601 1022 662 et
1038 604 1158 682 castra,

62 688 383 780 regemrerol'rancie
394 694 526 775 nomine
536 688 714 762 Iohannem
727 713 801 762 eum
808 689 874 762 filio
884 699 997 786 captos
1008 690 1159 786 relinquit

60 786 209 878 indagia
227 799 259 858 et
276 791 325 859 sie
341 792 428 860 stetit
444 791 476 860 in
495 791 618 883 campis
635 789 711 861 licet
723 787 827 860 biems
840 798 940 860 esset.
958 787 1040 876 Quia
1052 811 1158 862 annus

59 883 123 953 lna
143 887 289 979 principio
314 896 385 956 erat
407 897 595 980 temperans
620 897 653 957 et
676 884 799 958 calidus
822 908 928 981 usquc
952 883 992 956 ad
1016 887 1076 956 iiii
1093 885 1158 958 kal.

58 981 160 1074 aprilis3
177 992 208 1053 et
224 987 301 1054 tunc
315 986 349 1054 in
360 983 413 1054 dio
425 987 586 1080 sequenti,
605 1007 668 1080 qua
680 994 750 1055 erat
760 981 831 1056 dies
843 984 1036 1080 palmarumn
1053 982 1159 1076 frigus

58 1088 83 1147 at
94 1081 142 1149 nix
157 1083 252 1170 vites
270 1103 333 1176 (pre
351 1081 709 1173 tuncseostcnderant,
728 1093 760 1154 et
777 1104 879 1155 nuces
890 1078 1159 1176 paritcrdcsiru·

56 1186 163 1266 remnt
174 1187 204 1249 et
214 1188 285 1250 crat
294 1177 454 1250 bisextus.
472 1179 514 1252 Et
524 1191 612 1253 tante
625 1191 694 1252 erat
705 1182 890 1253 serenitatis
902 1190 934 1252 et
944 1183 1160 1272 temperantia

57 1273 122 1365 quod
137 1279 222 1348 corvi
239 1279 272 1347 in
290 1275 376 1349 festo
393 1281 569 1350 nativitatis
587 1277 707 1350 domini
723 1278 830 1372 pullos
845 1299 925 1351 suos
935 1275 1161 1372 produxerunt

55 1374 79 1440 in
88 1381 180 1444 castro
190 1371 274 1444 dicto
281 1372 461 1468 blerspurg
468 1375 635 1452 Constant.
654 1378 801 1470 episcopi
813 1385 845 1447 et
858 1375 967 1468 dyoc,
985 1378 1038 1469 qui
1051 1385 1161 1446 minen

56 1489 113 1538 rore
133 1471 189 1542 oeli
206 1474 298 1565 pasci
322 1470 470 1544 dicuntur
490 1473 597 1544 donec
619 1477 818 1566 nigrescant.
841 1469 898 1544 lob
915 1473 1061 1544 mviii:
1083 1471 1162 1562 (iuis

51 1577 295 1655 uaporotcoruo
305 1589 413 1640 creora
423 1580 480 1642 etc.
498 1570 540 1642 Et
551 1575 598 1644 sic
608 1569 980 1663 rexAnglieFranciam
991 1580 1024 1642 ct
1034 1572 1161 1643 vicinas

54 1675 141 1754 partas
157 1669 225 1738 aius
243 1665 397 1739 vastabat
413 1671 534 1763 rapinis
552 1679 586 1739 et
601 1668 759 1740 incendiis
777 1692 817 1740 ac
834 1667 1054 1741 destinatione
1073 1669 1161 1738 civi-

53 1768 132 1832 tatum
158 1764 362 1858 oppidorum¹
393 1777 426 1836 et
456 1767 625 1854 nicrum,
653 1764 871 1837 occisionibus
899 1775 933 1836 ct
959 1761 1160 1860 captionibus

53 1853 192 1932 bominum
203 1873 417 1956 etpecorum,
428 1867 461 1934 in
473 1873 596 1936 tantum
608 1861 694 1957 quod
705 1886 826 1956 magna
838 1865 966 1934 caristia
978 1865 1011 1933 in
1022 1861 1159 1933 Francia

51 1963 76 2024 rt
97 1955 230 2050 pertibus
255 1960 320 2032 illis
349 1971 403 2033 est
428 1959 613 2036 subsecuta.
641 1961 798 2032 Attamen
821 1960 904 2032 dous
927 1981 987 2054 pcr
1011 1961 1160 2050 ‘graciam

51 2073 125 2125 suam
144 2056 219 2129 iecit
247 2058 457 2131 concordiam
482 2063 567 2130 inter
588 2079 691 2154 reges
719 2057 900 2152 predictos,
929 2067 963 2129 et
985 2055 1049 2128 hec
1071 2077 1160 2128 nova

50 2153 377 2250 scriptaiuerrmtpape
388 2147 578 2228 Innocentio
588 2158 632 2228 vi.
643 2158 724 2228 xvii.
736 2155 921 2228 dicmensis
932 2157 1008 2226 maii
1018 2175 1104 2226 anno
1114 2153 1160 2228 bx.

52 2291 177 2380 Qualiter
187 2296 350 2382 Rudolsus
360 2301 564 2369 ducAostric
574 2319 635 2370 suo
645 2297 747 2383 seoda
765 2299 807 2367 ab
824 2301 1021 2388 imperatore
1031 2298 1161 2384 reecpit.

86 2419 223 2518 Predioto
242 2423 350 2494 eciam
367 2445 483 2494 mense
495 2427 571 2495 maii
582 2423 722 2496 Karalus
734 2427 912 2518 imperator
922 2418 1162 2492 ctLudewicus

47 2536 96 2587 ren
110 2515 254 2611 Ungarie
273 2530 308 2590 et
324 2520 393 2592 dux
408 2519 570 2594 Rudclius
588 2521 724 2594 Austris
747 2523 781 2592 in
802 2519 880 2592 villa
897 2518 981 2590 dicta
1000 2572 1118 2590 .....
1125 2587 1127 2594 ,
1138 2517 1163 2588 .²

47 2609 78 2681 Et
97 2611 133 2685 ibi
155 2617 223 2689 dux
246 2616 413 2712 predictus
439 2641 498 2691 sua
522 2618 618 2690 ieoda
637 2643 655 2689 a
673 2617 795 2690 Karolo
812 2621 1009 2713 imperatore
1027 2617 1163 2710 recepit,

47 2731 112 2802 rege
127 2715 274 2807 predicto
293 2713 499 2788 concordiam
517 2719 678 2790 intereos
696 2715 909 2806 reformante,
927 2736 991 2810 que
1008 2716 1092 2785 inter
1103 2734 1162 2786 cos

47 2820 142 2882 exorta
159 2811 218 2887 ioit
234 2814 370 2885 racione
386 2812 614 2886 infeodationis
632 2812 768 2885 ducatus
786 2813 933 2890 Austris.

48 2950 130 3036 Orod
139 2975 233 3044 popo
247 2959 355 3045 peciit
367 2958 546 3027 soladium
563 2958 606 3026 ab
623 2961 821 3045 imperatore
838 2964 871 3026 ct
884 2959 963 3026 aiio.
1078 3006 1081 3012 ,

84 3074 156 3149 ltcm
173 3102 296 3151 mensa
313 3079 380 3151 iulii
392 3079 532 3152 Karalus
550 3083 727 3174 imperator
737 3083 828 3151 venit
839 3082 872 3149 in
879 3077 1104 3170 Niirrenberg.
1123 3077 1166 3149 Et

47 3173 267 3248 illicvenerunt
279 3177 404 3268 adeum
411 3179 500 3249 multi
511 3175 638 3249 nobiles
651 3189 684 3248 et
694 3181 843 3249 civitates
854 3178 979 3270 imperii
992 3175 1164 3267 etlegacio

45 3293 114 3365 pape
129 3272 324 3362 innocentii„
343 3279 395 3368 qui
412 3279 502 3369 petiit
518 3273 558 3345 ab
577 3298 618 3346 eo
637 3273 815 3346 subsidium
834 3285 945 3345 contra
963 3271 1111 3346 dominos
1123 3272 1165 3345 do

44 3367 228 3462 leuciaco,
255 3374 309 3466 qui
331 3383 407 3444 tuno
422 3371 603 3444 Bononiam
621 3369 829 3444 obsederunt.
857 3369 900 3442 Et
915 3382 992 3442 tunc
1009 3373 1164 3465 temporis

46 3464 90 3538 luit
104 3491 165 3540 una
184 3474 331 3542 societas
348 3469 536 3561 Anglcrum
553 3479 757 3562 congregata
774 3473 806 3539 in
824 3467 975 3559 Francia,
993 3491 1056 3563 que
1073 3471 1166 3541 venit

45 3567 70 3632 in
81 3563 226 3640 ducatrrm
233 3565 427 3660 Burgundio
438 3591 541 3662 prope
553 3566 769 3662 dyec.Basil.,
789 3564 914 3638 atinde
932 3589 1005 3637 cum
1022 3567 1163 3661 placitis³

44 3675 242 3738 recesserunt
254 3687 330 3736 cum
340 3670 403 3736 iam
415 3664 598 3737 ordinatum
609 3675 700 3739 essct
711 3661 752 3734 de
763 3687 888 3760 pugna,
902 3674 935 3734 et
945 3665 1035 3736 multi
1045 3663 1165 3736 ibidem

44 3761 225 3835 militassent
242 3766 296 3833 iiii.
308 3761 373 3833 kal.
386 3765 526 3856 augusti.
545 3762 613 3834 Sed
615 3773 739 3932 postea
751 3765 784 3833 in
795 3771 937 3853 augusto
947 3765 1077 3833 reversi
1090 3772 1165 3834 sunt

43 3859 624 3954 etpugnaverrmtcumBurgrmdion'
647 3885 700 3950 us„
712 3870 746 3930 ct
755 3859 830 3932 hinc
840 3860 916 3930 inde
927 3859 1035 3931 multis
1047 3861 1164 3932 occisis

44 3965 69 4024 et
83 3959 263 4032 onerans
276 3957 316 4029 ab
327 3962 471 4031 invicem
480 3971 706 4048 recesserunt,
724 3957 784 4030 sed
794 3956 1020 4029 nichilominus
1031 3959 1062 4026 in
1073 3954 1165 4026 Bur-

43 4053 150 4142 nnita
166 4067 405 4130 remanserant
421 4079 526 4154 usque
543 4057 583 4128 ad
587 4113 703 4130 .....
706 4061 722 4102 ⁴

74 4166 98 4232 ί)
112 4172 220 4242 opidum
237 4171 278 4226 bs.
314 4169 347 4238 2)
361 4170 438 4226 lticke
452 4170 478 4226 in
494 4171 542 4226 der
555 4172 595 4226 hs.
617 4172 660 4228 itir
681 4171 732 4227 dea
747 4177 792 4226 ort
811 4168 909 4226 Seield.
946 4167 977 4236 3)
991 4167 1110 4244 placedis
1124 4167 1165 4226 los.

43 4239 67 4302 ll
80 4242 133 4300 bier
145 4243 182 4300 ist
195 4242 224 4298 in
241 4241 289 4297 der
302 4242 343 4298 lm.
358 4240 400 4298 ein
416 4241 500 4298 leerer
513 4259 595 4300 raum.
858 4285 865 4296 .
