2936 4828
283 200 331 272 10
670 194 871 256 consuimus
884 195 1077 256 eumenem.

283 391 409 466 genses
430 373 495 462 [ei]
515 391 631 444 omnes
650 373 802 465 superius
820 372 992 443 memorari
1010 371 1146 445 oonrites
1159 378 1416 448 sunexemntin

283 470 476 542 adiutorium
492 481 558 542 tem
576 469 649 541 dieti
661 472 787 542 eomitis
802 469 843 539 de
853 468 1013 544 Volendis
1032 492 1129 565 quem
1146 468 1267 542 domini
1285 471 1328 542 de
1343 471 1415 545 Ar-

281 567 367 660 berg
384 577 497 662 aperie
515 567 720 640 concorditer
736 576 770 638 et
785 566 972 658 manifeste
990 578 1328 660 eieongregeverunt
1346 573 1413 661 [se]

283 689 357 738 oum
370 664 519 740 omnibus
533 663 716 736 hominibus
730 674 764 735 ei
776 663 974 738 adiutoribus
988 667 1070 756 suis
1084 686 1165 760 quos
1179 664 1304 738 hahere
1317 678 1415 760 pote-

282 775 372 852 ront3
383 786 458 835 oum
470 761 628 836 machinis
642 765 734 836 ostiis
749 761 897 836 eruribus
911 773 945 834 ei
957 767 1049 858 equis
1063 761 1416 836 obsiderunihostiliter

282 873 425 936 ossuum
448 861 564 953 regaie
583 872 616 932 et
633 864 843 932 oiviietemin
855 857 1416 956 LoupeninvigiliebeaiiBornebe

281 960 418 1056 apostoli
429 956 880 1053 [iun.10]onnosuprndioi0.
948 957 1415 1032 lnheoobsidioneeramFri-

280 1057 469 1150 burgenses
487 1080 561 1128 oum
578 1054 728 1130 omnihus
743 1054 1015 1146 suishominihus,
1023 1078 1136 1130 eomes
1143 1056 1185 1128 de
1192 1055 1292 1129 Novo
1300 1055 1416 1130 Castro

281 1179 356 1227 oum
376 1158 444 1228 suis
458 1163 491 1226 et
503 1154 611 1227 multis
625 1153 784 1249 equitibus
798 1154 923 1244 electis,
941 1177 1022 1249 quos
1036 1154 1078 1225 de
1090 1153 1283 1246 Burgumdio
1302 1177 1415 1228 seeum

281 1253 448 1344 oonduxin
455 1274 566 1326 eomes
574 1251 615 1322 de
621 1250 777 1346 Nydovre
783 1251 947 1347 predictus
955 1275 1028 1325 eum
1036 1256 1105 1325 suis
1111 1249 1295 1326 hominibus
1303 1264 1416 1324 eroum

282 1361 412 1423 oentum
420 1362 452 1423 et
459 1349 673 1445 quodraginta
680 1349 838 1444 equilibus
846 1351 986 1442 galeatis
993 1348 1160 1440 nobilium,
1168 1372 1250 1445 quos
1257 1349 1300 1422 de
1308 1351 1416 1426 Alsa-

282 1453 324 1521 iia
338 1460 372 1521 et
384 1448 557 1520 desuevia
570 1449 672 1520 feries
687 1451 758 1519 etin
764 1451 864 1519 armis
872 1451 1021 1522 visitans
1029 1459 1063 1519 et
1068 1447 1221 1543 probatos
1229 1452 1376 1543 quesivit
1385 1460 1416 1520 et

282 1547 395 1639 elegit„
414 1568 525 1620 eomes
539 1543 740 1635 deGruerio„
759 1544 1180 1635 GerhordusdeVolendis5
1198 1544 1416 1619 dominuslo-

282 1642 1137 1732 hennes[iiiusuniousdominiLudwieideSahoudirn
1148 1643 1269 1715 domini
1278 1641 1416 1734 Weudi,

283 1742 432 1815 dominus
444 1742 485 1813 de
496 1740 717 1830 morumne„
731 1751 764 1812 et
774 1741 895 1833 singuli
907 1751 940 1814 ei
950 1744 1174 1836 unusquisque
1185 1763 1260 1812 eum
1270 1740 1416 1813 homini-

281 1839 354 1912 bus.
372 1839 532 1912 Dominus
550 1850 659 1911 autern
675 1836 888 1910 Eberhardus
906 1861 1019 1912 eomes
1037 1839 1079 1910 de
1095 1835 1236 1934 Kyburg
1253 1861 1329 1910 eum
1348 1843 1416 1912 suis

282 1936 464 2010 hominibus
482 1937 524 2008 nd
540 1936 743 2010 obsidionem
760 1958 828 2008 non
844 1940 948 2027 venit5
967 1936 1027 2009 sed
1045 1934 1086 2007 ab
1103 1937 1166 2008 alie
1183 1947 1276 2031 parte
1293 1939 1417 2009 eiviie-

281 2046 348 2107 tem
364 2035 583 2123 Beruensem5
601 2034 756 2106 videlioei
773 2057 818 2106 ex
834 2034 1097 2127 porteorienieli
1115 2057 1176 2128 per
1185 2033 1337 2106 inoendia
1355 2057 1416 2106 ra-

280 2135 374 2228 pinas
392 2144 426 2204 et
441 2131 611 2205 homicidis
628 2134 758 2204 invasit.
777 2129 943 2204 Advocati
952 2153 1037 2204 vero
1054 2132 1173 2202 duemn
1183 2131 1323 2204 Austris
1341 2155 1416 2204 oum

280 2229 462 2302 hominibus
474 2251 556 2324 quos
573 2227 756 2301 hahuerunt
771 2231 805 2300 in
815 2229 943 2321 Argon
955 2229 996 2301 ed
1013 2225 1311 2302 haneobsidionem
1328 2253 1416 2302 oon-

281 2332 411 2422 gregaii
434 2333 500 2401 iem
516 2331 633 2400 venire
651 2335 818 2421 oeperunt.
924 2327 978 2399 Hii
1001 2349 1085 2419 ergo
1107 2348 1224 2399 omnes
1243 2326 1416 2400 duodecim

281 2424 396 2498 diebus
414 2449 488 2498 oum
506 2429 574 2498 suis
592 2423 775 2498 hominibus
793 2422 984 2496 obsiderunt
1000 2435 1144 2498 castrum
1161 2435 1194 2496 et
1205 2429 1415 2498 civitatemin

279 2523 428 2618 Loupem
446 2523 625 2615 gloriantes
643 2522 685 2593 de
704 2545 765 2594 suo
783 2521 986 2594 multitudine
997 2526 1183 2617 etporentia
1201 2546 1242 2596 oo
1256 2527 1290 2594 in
1307 2546 1415 2596 orne-

280 2633 315 2694 tu
332 2623 426 2693 vario
444 2624 587 2693 vestium
597 2642 759 2692 novorum
772 2631 805 2691 et
815 2623 1042 2715 pretiosorum.
1060 2619 1163 2692 Erunt
1173 2623 1261 2692 enim
1271 2631 1307 2692 ut
1317 2619 1416 2692 dioe-

280 2715 374 2790 batur
399 2720 614 2790 communiter
637 2718 783 2790 sedecim
800 2718 898 2788 millio
915 2717 1082 2790 hominum
1099 2728 1298 2790 armatorum
1315 2718 1416 2812 pedi-

282 2829 360 2905 tum,
379 2827 413 2886 et
427 2816 517 2887 mille
534 2819 660 2910 equites
678 2815 735 2886 vel
753 2817 887 2907 galeati„
904 2816 1022 2888 ferreis
1038 2820 1140 2889 muris
1152 2819 1276 2888 ermuli.
1288 2813 1416 2888 Abun-

280 2911 378 2986 dahet
394 2935 523 3008 quoque
540 2917 654 2984 vinum
671 2916 705 2983 in
721 2909 891 2984 obsidione
909 2923 943 2984 ei
959 2913 1125 3008 voluptas,
1143 2936 1218 2986 oum
1236 2912 1416 2986 abundan-

281 3015 322 3082 tia
340 3033 450 3082 rerum
468 3012 616 3099 eliorum„
634 3034 674 3082 eo
691 3007 843 3104 superbio
862 3009 1026 3106 multiplici
1043 3022 1077 3082 ei
1093 3034 1224 3104 magne.
1258 3011 1331 3083 lom
1349 3034 1416 3083 eu-

279 3120 346 3181 tem
357 3131 473 3182 omnes
484 3107 597 3182 hostes
603 3109 822 3182 Bernensium
833 3112 1107 3203 oonspiraverunr
1117 3120 1151 3180 et
1161 3106 1221 3182 sub
1229 3113 1416 3182 iuramento

280 3205 548 3280 deliberaverunt
571 3209 642 3278 sine
666 3209 754 3276 omni
778 3209 883 3297 gretie
901 3216 935 3276 et
951 3205 1174 3279 miserioordin
1198 3209 1368 3279 oiviietem
1384 3217 1418 3278 et

281 3314 423 3378 oestrum
447 3308 480 3375 in
502 3303 637 3398 Loupen
660 3306 790 3398 penitus
808 3304 993 3395 desumere„
1011 3316 1045 3376 et
1062 3326 1178 3376 omnes
1195 3308 1229 3377 in
1246 3307 1296 3377 eis
1314 3302 1417 3376 hebi-

280 3411 388 3475 nnus
405 3424 466 3497 per
480 3401 617 3496 laqueos
634 3424 709 3473 eum
727 3400 856 3474 funibus
874 3401 916 3473 sd
933 3402 1203 3496 suspendendum
1218 3411 1416 3497 preparatos

278 3502 378 3592 impio
396 3509 501 3571 morte
518 3503 663 3594 privareq
681 3503 786 3592 ipsam
804 3503 969 3572 civitatem
986 3499 1194 3574 Bemensem
1211 3509 1267 3570 eut
1282 3503 1417 3593 penius

279 3600 409 3693 penitus
423 3596 548 3686 delere,
561 3597 620 3668 vel
633 3598 753 3688 singuli
766 3619 881 3668 eorum
894 3597 1178 3689 singulasdomos7
1191 3595 1418 3693 quosquiiibet

280 3692 1417 3790 sibiiemeligeroi,suisqueposieriseaptetffhoheremtiureperpeiuo

279 3794 456 3867 voluerunt
494 3792 657 3882 ossidere
675 3790 824 3866 omnibus
846 3795 930 3888 [qui]
950 3797 983 3864 in
999 3794 1110 3866 Berno
1127 3802 1233 3882 erano,
1257 3802 1315 3863 eut
1331 3793 1416 3864 viris

278 3903 335 3964 out
350 3893 449 3964 mulie
470 3894 477 3908 '
500 3913 553 3980 us,
569 3901 636 3962 iem
656 3889 773 3964 edrdiis
794 3914 891 3985 quern
907 3892 1068 3985 parvulis,
1086 3889 1128 3964 ibi
1145 3890 1326 3964 interfectis
1347 3912 1418 3983 pe-

279 3994 365 4063 nitus
383 3999 439 4061 eut
454 3989 594 4060 molirer
611 3989 687 4060 inde
704 3989 865 4085 expulsis
883 4000 979 4085 proni
993 3989 1184 4064 Beruenses
1201 3997 1320 4084 postea
1332 4010 1417 4060 oer-

280 4091 406 4162 iissime
424 4085 613 4159 didioerunn
1402 4132 1408 4142 ·

331 4183 434 4262 Erant
451 4193 558 4262 ouiem
577 4206 618 4255 eo
635 4196 783 4288 tempore
795 4183 1418 4264 scultetusBernensiunvidelioerdo-
