2882 4818
344 259 510 318 battutas
527 259 867 318 uuuwuucuaflssusts
1099 261 1169 335 169

70 435 110 503 ue
122 437 189 504 adio
204 440 290 506 inter
305 455 414 525 repom
432 443 464 506 ct
478 436 643 508 Albcrtum
660 439 775 507 ducem
792 438 929 506 Ameria.

125 569 303 643 intenderat
328 581 436 642 autem
460 573 612 664 princeps
638 569 749 642 lacere
775 567 903 662 brigam
929 568 1002 642 duci
1020 571 1169 662 dustria

66 679 174 760 propter
200 668 284 762 quod
310 671 400 741 multi
424 665 628 741 Australium
653 667 880 762 superbierant
905 678 1016 739 contra
1041 667 1168 740 ducem.

66 763 180 836 Dixerat
201 769 289 837 enim
313 765 396 840 dux:
426 767 462 838 st
485 769 634 838 domiuus
659 787 748 838 orcus
771 769 991 837 damnatorum
1009 769 1165 856 princeps

65 866 273 951 stipendiarius
290 875 339 934 cst
347 867 445 954 dupli
461 861 600 954 effectus,
619 875 650 935 et
665 884 724 953 epo
742 869 863 934 minori
876 867 1034 934 dedecore
1043 869 1169 954 stipen-

65 965 372 1033 diariuseroFruucr'.
396 963 512 1034 Plures
524 971 633 1033 autem
644 963 823 1034 electorum
834 965 1027 1056 principumq
1040 971 1073 1032 et
1083 985 1167 1056 spe-

64 1059 400 1152 rialiterbloguntinusq
412 1063 590 1154 principem
600 1063 680 1156 ipsis
693 1063 882 1132 estimantes
893 1062 1070 1150 ingratum,
1081 1057 1168 1150 duci,

64 1155 130 1250 quod
146 1161 270 1230 veniret
289 1157 330 1229 ad
346 1157 490 1248 Renum,
508 1161 644 1230 nuncios
663 1170 696 1230 ct
711 1158 836 1230 litteras
854 1158 1066 1230 destinarunt.
1090 1156 1168 1230 Dux

63 1265 150 1325 auum
165 1259 283 1326 timens
302 1277 341 1328 se
358 1280 377 1326 a
395 1278 478 1348 rege
496 1257 528 1327 in
545 1256 681 1328 Austris
698 1259 836 1345 visitari,
854 1255 950 1326 allata
969 1277 1083 1328 secum
1100 1278 1166 1349 pe-

63 1355 155 1441 runiaq
178 1363 290 1447 partes
310 1353 397 1426 chi
424 1365 457 1424 ct
482 1351 622 1424 chvie
644 1364 696 1425 est
718 1357 892 1446 ingressus
922 1351 1036 1443 [1298
1057 1353 1164 1443 mitra]

62 1450 166 1521 malens
185 1455 217 1522 in
233 1449 381 1546 partibus
392 1453 713 1544 consanguineorum
726 1472 858 1524 suorum
870 1453 943 1542 regi
952 1452 1042 1521 litem
1053 1451 1167 1542 offere,

62 1569 139 1640 quam
156 1550 335 1622 industria
360 1552 495 1621 visitari.
538 1549 744 1621 nexantem
765 1547 964 1637 ascendens,
986 1572 1059 1620 cum
1072 1545 1167 1619 Con-

62 1643 136 1714 rado¹
157 1646 197 1716 de
216 1643 439 1738 Lichtenberg
459 1649 634 1743 episcopus
655 1649 913 1738 Argentinensis
936 1645 1008 1716 duci
1025 1645 1167 1734 laverat,

62 1741 103 1813 diu
123 1741 299 1816 Rubiacum
323 1745 477 1840 oppidum
501 1747 646 1840 episcopi
670 1754 821 1840 potenter
844 1742 981 1815 obsedit.
1025 1743 1168 1814 lucrant

61 1849 150 1910 autem
166 1853 305 1936 quatuor
322 1840 424 1915 duces
441 1841 596 1913 Bawarie
613 1843 805 1914 fratrueles:
822 1840 984 1914 Rudollus
1003 1852 1037 1912 et
1052 1840 1167 1912 Ludo-

61 1939 147 2008 uicus
162 1939 283 2012 batres
301 1942 493 2034 superioris,
510 1937 697 2035 Stephanus
709 1951 742 2012 et
753 1939 826 2010 Otto
839 1937 1001 2011 inferioris
1012 1937 1167 2010 Bawaric

61 2033 152 2107 duces.
191 2037 350 2110 Venienti
379 2047 488 2108 autem
513 2035 619 2109 Ottoni
646 2042 681 2109 in
708 2038 864 2109 auxilium
893 2039 984 2128 regis
1008 2035 1167 2108 Alhertus

60 2137 307 2207 strennuissimus
326 2135 368 2205 dc
385 2133 590 2227 Hohenberg
605 2139 638 2205 in
650 2133 788 2206 chvia
807 2132 1009 2206 obstaculum
1026 2155 1167 2228 ponere,

60 2227 140 2302 abeo
156 2236 255 2306 estin
275 2232 425 2306 condictu
443 2237 572 2306 occisus
594 2231 706 2324 [1298
717 2256 785 2327 apr.
798 2231 874 2322 17].

60 2364 99 2434 lte
112 2387 281 2458 mcprcssu
297 2371 386 2457 repis
403 2370 542 2438 seducis
559 2375 592 2438 et
606 2371 770 2438 occasione
786 2370 882 2455 repis.

98 2479 299 2554 Conantem
318 2481 385 2554 drnx
397 2482 533 2556 Austrie
551 2485 693 2556 veniens
712 2482 753 2553 de
770 2481 910 2552 chvia
929 2502 1002 2551 cum
1020 2483 1168 2552 exercitu

59 2581 131 2650 iuxta
146 2580 301 2676 oppidum
318 2579 528 2674 Kentzingen
552 2591 658 2653 castra
683 2585 836 2650 metaret²
857 2577 971 2672 [1298
982 2579 1082 2671 apr.],
1106 2601 1170 2650 rcx

59 2673 179 2750 eundem
195 2677 307 2750 locum
325 2681 474 2751 accessit.
501 2675 648 2772 Cumque
660 2688 793 2771 propter
802 2677 923 2749 ssumen
934 2675 1050 2748 Elzam
1062 2697 1169 2746 exer-

59 2777 123 2846 citus
139 2777 298 2848 invadere
317 2799 355 2848 se
372 2798 439 2848 non
455 2787 605 2871 possent,
633 2775 850 2870 oppidumque
874 2777 948 2866 regi
972 2777 1168 2867 aperiretur:

58 2870 111 2943 dur
132 2895 201 2946 cum
223 2871 334 2946 hostili
358 2879 504 2946 exercitu
527 2874 715 2946 suaevorum
739 2882 772 2943 et
796 2873 1001 2944 Renensium
1025 2873 1168 2964 equitum

58 2967 245 3043 descendens
257 2971 483 3062 moganum,
500 2969 607 3066 ibique
619 2995 638 3042 a
649 2967 846 3065 principibus
866 2967 1057 3064 quibusdam
1075 2971 1169 3063 quasi

59 3071 265 3162 congregatis7
282 3091 465 3164 regemque
478 3079 642 3164 tamquam
656 3069 801 3140 inutilem
812 3065 989 3161 reipublice
1001 3076 1033 3137 ct
1043 3067 1169 3159 imperii

59 3163 277 3238 dastmctcrem
301 3163 570 3257 destituentibusa
598 3170 630 3236 in
653 3165 877 3236 Romanorum
899 3185 1018 3254 regem
1042 3162 1168 3232 electus

60 3263 206 3356 [iun.23].
235 3263 321 3336 Cum
338 3267 411 3356 regi
421 3263 544 3336 Adollc
562 3263 684 3336 adesse
700 3266 832 3334 nimiam
851 3259 1084 3334 multitudinem
1102 3281 1168 3353 po-

59 3359 110 3450 pdi
125 3363 331 3434 ascendentis
350 3365 498 3452 sentiret
517 3383 555 3434 se
573 3360 673 3433 doluit
691 3357 920 3448 descendisseq
939 3367 972 3428 et
982 3356 1168 3429 ascendens

59 3457 282 3532 inuamorrtcm
293 3457 1066 3554 DonresbergprcpeWormaoiamexpectavit.
1093 3454 1169 3528 Rex

59 3566 147 3627 aarum
163 3559 302 3630 lervens
319 3567 538 3651 metuensque
549 3556 741 3628 Australem
760 3555 934 3646 aufugere
952 3574 1019 3624 non
1036 3576 1168 3648 expec-

59 3659 109 3723 tato
125 3654 264 3748 peditum
283 3659 430 3726 exercitu
448 3677 522 3744 suoq
540 3677 613 3726 cum
626 3649 785 3748 equitibus
797 3656 865 3724 suis
878 3651 1029 3723 celeriter
1040 3673 1168 3745 seque-

59 3745 141 3822 batur.
180 3754 333 3844 Argutus
358 3763 468 3824 autem
492 3756 613 3841 asnis7
640 3747 821 3824 dicentibus
847 3748 924 3822 sibi:
953 3753 1058 3820 aciem
1074 3770 1168 3820 suom

60 3853 180 3934 equium
196 3871 265 3922 esso
282 3855 387 3921 miuus
403 3851 529 3941 sortem,
547 3849 648 3921 noluit
666 3851 838 3920 assentire.
865 3848 1043 3942 Aspiciens
1059 3856 1167 3917 autem

60 3951 219 4020 exercitum
244 3948 350 4038 ducis,
381 3971 478 4042 quem
502 3945 637 4020 credidit
659 3969 725 4018 non
749 3967 953 4032 mansurum„
977 3943 1057 4016 dixit
1080 3947 1176 4020 suis:¹

66 4043 159 4115 l'emm
175 4051 312 4136 dicbus,
329 4053 474 4118 nostrum
485 4050 662 4118 exercitum
673 4049 768 4116 nimis
779 4047 913 4114 breuem.
939 4041 1005 4115 lllis
1017 4064 1100 4115 vero
1112 4040 1167 4111 di-

60 4141 203 4217 centibus:
225 4147 322 4216 modo
334 4149 600 4234 septemdecem,
618 4147 721 4215 inierc
732 4143 914 4214 condictum
930 4139 1043 4230 [1298
1051 4139 1165 4229 iul.2].

103 4271 128 4340 1)
149 4275 238 4332 dieser
255 4275 365 4347 uulgare
385 4275 528 4331 nominatis
548 4275 590 4330 bei
609 4274 636 4330 B.
656 4273 709 4329 und
728 4274 758 4329 A.
796 4273 826 4340 2)
846 4269 949 4328 metarit
967 4269 994 4326 Β.
