2882 4818
364 209 538 271 amictis
553 211 597 268 nit
613 209 874 270 amssannovnn.
1114 213 1186 288 123

65 383 209 474 diderit,
222 407 269 458 ex
279 405 322 456 eo
332 383 419 480 quod
428 383 626 458 reeueahmt
635 383 840 458 confederari
850 379 1186 456 cumThurieenaibus
1202 397 1268 458 teat

65 479 307 556 etVaileneibuu
319 493 477 554 eteorum
488 481 708 580 complicibus.
721 481 1000 555 Constancienaee
1012 501 1186 554 verosuoe

65 583 188 652 nmcios
207 601 284 651 eum
299 583 429 652 nmoiie
440 580 560 652 domini
577 584 722 676 episcopi
740 590 774 652 et
790 579 919 674 capituli
937 579 1079 652 ecclesie
1092 575 1187 650 Gon-

64 679 249 750 stunoieneis
274 681 435 751 miserunt
461 677 501 748 ed
529 679 759 774 imperatorem
781 677 861 750 xvii.
890 675 954 748 kal.
982 679 1059 747 iunii
1087 697 1188 770 super

64 773 257 846 diiidaeione
274 775 430 868 predicta.
447 776 510 862 Quui
527 797 603 846 eum
620 773 987 864 inveneruntinPraga.
1004 771 1047 843 Et
1056 775 1187 845 reversi

63 871 184 944 mount
207 875 251 944 iii
279 872 352 944 idus
379 875 457 943 iunii
482 875 680 966 imperatore
707 873 843 967 placeto.
953 870 996 942 Et
1022 869 1188 942 dominum

62 967 233 1041 Rudoiium
250 969 369 1042 duoem
380 969 517 1041 Austrie
534 969 577 1040 de
593 973 795 1042 contumacia
812 971 947 1040 notavit
964 966 1007 1038 Et
1023 965 1186 1039 recedam

65 1065 329 1160 deNiirrenberg
344 1070 404 1138 ivit
418 1070 452 1138 in
462 1066 665 1158 Bohemiam,
684 1077 718 1139 et
733 1066 809 1138 iride
826 1065 868 1137 ad
885 1063 1103 1159 placitandum
1114 1084 1189 1136 eum

65 1161 185 1235 dommo
202 1162 348 1236 Rudolio
365 1163 448 1236 duoe
459 1165 597 1238 Ausuie
615 1167 681 1237 viii.
698 1163 771 1236 idus
789 1165 867 1234 iunii
886 1165 966 1252 [iun.
976 1161 1026 1252 61.
1044 1159 1086 1232 Et
1103 1179 1189 1231 eon-

64 1271 231 1350 neuffunt,
246 1271 280 1332 et
290 1259 423 1332 ibidem¹
435 1263 534 1357 plene
544 1273 621 1336 sunt
630 1260 826 1333 concordati.
843 1259 886 1331 Et
895 1263 1023 1350 meritoq
1033 1279 1110 1330 nam
1121 1255 1190 1328 dux

64 1357 220 1450 prediatus
239 1368 313 1431 erat
328 1381 435 1451 gener
450 1362 656 1456 imperatoris
673 1357 817 1454 predicti.

66 1527 133 1598 item
148 1531 244 1616 qaod
259 1531 409 1600 donnaus
421 1537 518 1618 papa
534 1528 693 1614 antefecit
706 1529 770 1598 eidi
786 1526 1075 1610 malefacteatidto.

108 1659 409 1756 diensemaiipapa
420 1659 630 1732 innocentius
642 1658 732 1730 dedit
747 1656 925 1729 lea-onibus
943 1658 1019 1746 illis,
1038 1660 1090 1751 qui
1102 1661 1191 1728 eivi-

64 1765 153 1827 totem
171 1761 278 1830 men
292 1757 431 1850 Spiritus
449 1767 618 1851 ceperant,
636 1759 821 1850 pecuniam,
839 1765 874 1826 ut
889 1754 965 1825 inde
982 1753 1189 1826 recederent.

62 1851 99 1922 Et
119 1853 195 1925 inde
217 1863 434 1926 recesserunt
455 1852 594 1926 absoluti
621 1875 682 1947 per
708 1853 883 1924 eeclesiam
907 1852 1107 1942 militantem,
1135 1855 1189 1945 qui

65 1950 215 2044 suspendi
232 1949 398 2022 debebant
413 1954 537 2024 iusticia
556 1955 724 2042 exigente.

65 2111 134 2180 iam
149 2117 243 2200 paod
257 2115 391 2200 opiam
416 2114 588 2184 Veronense
604 2122 752 2184 mmmm
767 2113 838 2199 suit.

107 2242 188 2314 item
205 2245 319 2316 ultima
342 2243 395 2314 die
420 2247 495 2315 maii
518 2244 649 2338 opidum
666 2244 838 2318 Vienense
858 2249 892 2316 in
909 2246 1043 2317 Austria
1062 2245 1192 2339 proprio

64 2339 411 2510 ihpppwpiggtereiam
438 2351 564 2436 partem
593 2351 746 2416 exustum
770 2353 840 2432 est5
868 2343 993 2415 inclusa
1018 2339 1192 2412 iudeorum

65 2591 111 2660 iic
127 2593 300 2662 eaedem
316 2594 452 2662 eeclesia
472 2591 724 2662 Carntantiaam'a
744 2600 777 2662 ct
794 2595 950 2680 quamdiu
968 2595 1143 2662 duraverit.

111 2721 192 2794 item
208 2745 329 2795 menae
345 2725 423 2794 iunii
438 2725 495 2796 vii.
519 2722 592 2796 idus
617 2723 765 2796 eiusdem
789 2722 985 2798 servabatur
1001 2727 1034 2796 in
1051 2725 1193 2798 ecclesie

66 2819 306 2894 Camunuenei
322 2819 528 2892 interdictum
537 2825 679 2916 positum
689 2843 749 2916 per
759 2821 924 2894 dominum
931 2821 1084 2915 Egidium
1097 2826 1193 2918 epis-

65 2939 178 3012 copum
184 2917 408 3009 vicentinum,
419 2918 792 3013 nunciumdominipape
802 2917 980 2992 innocentii
992 2924 1050 3010 vi,
1061 2931 1194 3014 propter

66 3019 325 3107 procurationem
343 3013 486 3088 sibinen
504 3015 625 3106 datam„
648 3017 724 3088 lieet
740 3016 789 3089 bis
808 3039 909 3111 super
929 3021 1000 3088 eius
1025 3017 1193 3090 solucione

66 3111 210 3184 siacum
223 3117 360 3187 nuissum
372 3113 490 3186 inisset
507 3112 548 3184 ed
565 3117 701 3203 auriam,
719 3113 779 3186 sed
797 3137 858 3210 per
873 3117 1011 3187 nuncios
1029 3115 1192 3204 neglecta.

65 3209 104 3280 Et
126 3213 175 3280 sie
195 3210 237 3281 ab
261 3220 380 3282 octava
404 3209 527 3304 pasche
550 3231 656 3305 usque
674 3211 715 3282 ad
732 3215 777 3282 vi.
801 3210 874 3284 idus
898 3214 975 3282 iunii
999 3209 1194 3282 servabatur

67 3305 277 3379 interdictum.
316 3309 441 3380 Tamen
468 3329 581 3380 comes
609 3307 770 3382 Rudolius
798 3308 841 3380 de
868 3307 1073 3380 Μιιιιιιιΐοιιί2
1100 3331 1194 3380 suem

68 3425 180 3476 oenum
197 3403 333 3477 volebat
354 3409 525 3500 reoep'nse
542 3427 642 3500 super
659 3405 809 3496 angulari
831 3427 922 3477 novo
939 3405 1081 3478 ecclesie
1099 3404 1194 3477 Con-

67 3505 251 3576 suanensis
268 3506 324 3574 vii.
342 3501 415 3576 idue
432 3505 522 3591 iunii,
540 3507 633 3598 quasi
650 3503 820 3597 profetans
838 3504 962 3575 clerum
979 3507 1066 3574 circa
1083 3504 1194 3576 divina

68 3595 273 3671 henaena
299 3601 414 3694 laycos
443 3603 492 3672 eis
518 3610 651 3694 propter
676 3599 739 3672 hoo
765 3600 912 3674 infestos.
940 3599 983 3672 Et
1006 3605 1054 3673 sio
1080 3600 1196 3673 volunt

70 3696 204 3767 mnan
221 3707 299 3769 onte
313 3699 455 3788 ruinam,
473 3719 548 3769 nam
567 3701 674 3770 statim
692 3707 806 3792 captus
823 3699 882 3769 tuit
898 3707 933 3768 ut
949 3703 1103 3792 semum.

70 3847 118 3916 De
134 3851 317 3935 captivitate
334 3853 493 3920 comitum.

118 3977 199 4054 Item
220 4002 336 4052 mense
359 3981 427 4052 iulii
445 3983 615 4075 predictus
638 4003 750 4054 comes
767 3981 928 4053 Rudolius
952 4001 1026 4052 oum
1043 3980 1110 4052 filio
1134 4002 1195 4053 suo

72 4073 183 4147 Uln'oo
198 4081 279 4170 capti
295 4077 427 4150 fuerunt
441 4102 503 4173 per
519 4084 670 4152 comitem
687 4079 888 4172 Hdgelinum
905 4077 947 4150 de
957 4075 1196 4173 Werdenberg

108 4204 138 4272 i)
154 4204 182 4262 in
194 4206 313 4264 Budwaia
329 4225 373 4264 um
387 4208 430 4264 die
443 4208 517 4266 mitte
531 4209 579 4266 dee
593 4205 656 4266 iuni.
692 4209 724 4278 2)
738 4223 793 4266 rou
806 4207 1097 4264 iioutiort-Feidirirch.
