2982 4824
261 227 332 302 656
436 226 613 286 lllNOlllTAll
631 221 823 284 utonnurmr
841 223 950 284 GESTA
969 223 1210 286 llll’llltrl'lOllllll.

262 404 410 496 captivos
427 401 602 478 duxerunt
625 401 765 478 lucanis
783 423 866 496 ergo
875 399 974 476 Senis
992 411 1028 476 et
1040 401 1138 496 Pysis
1154 399 1341 476 carceribus
1357 413 1387 476 et

262 499 377 574 oalliis¹
404 499 550 595 pluribus
573 497 741 577 mensibus
763 503 946 596 oppressis,
970 499 1176 574 limentinos
1194 497 1332 572 Guellos
1348 499 1387 570 da

260 595 349 670 Luca
366 596 539 674 discedere
556 609 691 692 cogunt,
709 620 813 694 seque
827 595 888 672 sub
900 601 999 671 certis
1017 603 1118 694 pactis
1136 602 1215 690 iugo
1226 597 1387 670 llanlredi

262 706 449 793 supponunt
464 699 596 770 civitate
613 707 647 770 ct
663 700 779 772 castris
798 694 938 768 (luidoni
954 693 1098 770 Novello
1116 693 1283 770 subiectis.

310 794 423 890 ltaque
434 793 642 870 sicomnibus
660 793 846 868 dominante
857 791 1032 866 llanlrodo
1043 805 1199 868 etoontra
1217 793 1389 867 ecclesiam

261 915 301 967 se
324 896 558 966 contumaciter
583 896 748 986 erigente,
771 915 855 988 papa
872 889 1027 967 Urbanus
1051 914 1134 968 sano
1157 892 1297 966 oonsilio
1314 915 1390 965 usus

261 989 418 1064 llarolum
441 995 533 1085 regis
550 989 689 1064 Francia
713 990 815 1064 lilium
834 988 928 1062 duxit
942 993 976 1062 in
991 992 1148 1064 auxilium
1165 989 1313 1064 ecclesie
1329 990 1391 1062 ad-

261 1087 462 1162 ducendum²
480 1111 567 1161 anno
591 1089 712 1162 domini
729 1088 923 1163 mcclxiiii.
956 1090 1028 1177 Quo
1045 1087 1200 1162 videlicet
1226 1110 1315 1160 anno
1332 1110 1391 1159 ca-

261 1198 367 1262 metcs
386 1189 469 1260 ultra
487 1187 619 1261 modum
636 1209 778 1280 magnus
796 1190 891 1260 nimis
908 1189 1068 1283 apparuit,
1085 1190 1139 1282 qui
1155 1183 1196 1259 ab
1217 1187 1390 1259 orientein

260 1289 417 1380 principio
429 1289 533 1360 noetis
545 1307 690 1378 surgens
704 1295 853 1380 etusque
866 1284 908 1357 ad
919 1289 1086 1380 emisperii
1102 1282 1245 1357 medium
1267 1305 1391 1356 comam

261 1381 303 1454 ad
319 1382 524 1456 occidentem
541 1383 740 1479 prohiciens,
762 1393 795 1454 ct
812 1405 967 1475 magnam
985 1384 1082 1456 aliam
1099 1394 1173 1478 posi
1190 1405 1230 1456 se
1248 1379 1392 1470 ualens„

260 1503 416 1574 magnam
434 1485 692 1555 ammirationem
709 1484 834 1554 cunctis
851 1479 986 1556 induruit
1005 1481 1090 1554 Nam
1101 1493 1134 1554 et
1146 1502 1208 1576 per
1221 1491 1291 1554 tres
1309 1501 1392 1551 oon-

260 1582 367 1655 tinuos
386 1603 519 1655 menses
538 1583 687 1677 apparuit
703 1589 737 1652 et
753 1603 794 1651 ea
817 1589 914 1651 nocie
938 1577 1108 1676 disparuit,
1131 1601 1194 1675 qua
1220 1601 1307 1674 papa
1324 1576 1392 1649 Ur-

260 1673 365 1752 banus
383 1682 524 1751 animam
542 1678 690 1751 exalavit
709 1675 822 1769 [1264
831 1687 892 1748 oot.
901 1675 953 1768 21.
977 1678 1116 1774 Propter
1132 1675 1219 1772 quod
1236 1679 1393 1750 extimant

260 1776 370 1872 aliqui
394 1775 481 1872 qrrod
503 1778 694 1873 presagium
719 1780 792 1847 eius
816 1775 883 1847 luit
910 1775 980 1848 Sed
1003 1775 1134 1849 videtm
1158 1778 1266 1870 potius
1291 1775 1392 1846 luisse

260 1873 389 1946 illorum
406 1878 597 1970 presagium
607 1874 802 1965 futurorum,
820 1895 884 1969 que
895 1885 989 1948 erant
1005 1873 1154 1947 iacienda
1165 1894 1226 1969 por
1237 1871 1392 1946 Karalum

262 1983 375 2045 contra
393 1971 599 2045 blanlredum
619 1983 653 2046 et
670 1971 789 2045 ducem
806 1971 933 2045 Suevie
951 1971 1177 2047 Corradinum.

309 2067 452 2145 Karalus
469 2094 567 2166 supra
585 2073 649 2142 iam
667 2070 771 2146 dictus
788 2072 848 2144 luit
860 2067 1017 2144 Lodovioi
1037 2076 1129 2165 regis
1149 2069 1292 2142 Francie
1310 2071 1393 2143 lilius

261 2191 307 2242 ex
331 2180 435 2242 matre
460 2169 590 2242 domina
608 2169 732 2243 Blenca
756 2171 868 2263 magni
886 2167 1018 2244 Allumsi
1040 2173 1133 2262 regis
1152 2168 1300 2241 Castelle
1319 2168 1393 2240 lilia.
1479 2259 1480 2264 Ἰ

261 2266 335 2340 Hec
360 2270 447 2340 onim
471 2266 600 2340 domina
618 2266 741 2340 Blanca
759 2279 897 2361 quatuor
912 2289 957 2341 ex
974 2265 1140 2340 lodovico
1157 2269 1275 2359 genuit
1297 2266 1393 2356 filios,

261 2365 386 2440 scilicet
401 2363 616 2456 lodovicum,
634 2369 688 2460 qui
704 2368 786 2460 patri
804 2368 967 2440 successit
983 2368 1016 2436 in
1033 2388 1187 2459 regnum,
1206 2376 1240 2437 et
1256 2363 1394 2438 Rubor-

260 2473 340 2554 tum‚
367 2467 420 2559 qui
435 2461 705 2538 Attrabatensem
727 2466 831 2535 tenuit
855 2467 1052 2552 comitatum,
1077 2474 1109 2536 et
1125 2463 1307 2538 Albmsum
1333 2483 1395 2534 oo-

260 2563 371 2633 mitem
388 2561 610 2636 Tholosanum
628 2571 662 2634 et
678 2559 836 2632 llarolum
853 2571 1019 2655 quartum,
1036 2565 1089 2656 qui
1106 2561 1395 2654 Andegavensem

259 2656 370 2732 babuit
392 2663 590 2750 comitatum,
614 2669 730 2753 postca
754 2662 905 2731 comitem
928 2657 1143 2733 Frdcalcberii
1169 2670 1204 2731 et
1226 2659 1395 2732 Provintie

259 2756 378 2828 ducam
394 2755 525 2830 lactum.
545 2756 631 2829 Nam
648 2756 726 2829 licet
742 2777 856 2830 comes
866 2756 1033 2829 Provintie
1050 2756 1227 2846 diceretur,
1244 2759 1319 2852 ipse
1339 2767 1394 2828 ta-

259 2875 337 2927 men
354 2857 387 2926 in
403 2854 518 2928 litteris
536 2857 605 2929 suis
630 2853 747 2926 ducem
764 2853 932 2927 Provintie
955 2876 994 2928 se
1012 2857 1163 2950 appellat.
1189 2853 1306 2950 ltaque
1331 2853 1394 2925 duo

259 2949 478 3046 predictorum
504 2956 570 3024 iam
597 2952 734 3025 fratrum
760 2955 925 3024 mansueti
950 2954 1046 3025 nimis
1076 2953 1208 3026 luerunt
1231 2961 1268 3025 et
1294 2953 1396 3047 plani,

259 3069 398 3145 corpore
415 3044 542 3124 debiles
560 3060 593 3122 et
609 3053 708 3123 arinis
726 3046 878 3139 inbelles
898 3048 1084 3124 lodovicus
1102 3049 1257 3124 videlicet
1274 3060 1310 3122 ot
1326 3051 1395 3123 Al-

258 3147 386 3222 funsus.
419 3148 487 3222 Alii
504 3170 588 3221 vero
605 3145 684 3240 duo,
710 3147 835 3220 scilicet
851 3143 1015 3222 Robertns
1043 3159 1077 3220 et
1092 3147 1235 3222 Karolrm
1260 3147 1395 3220 luerunt
1476 3205 1477 3208 ,

259 3246 323 3317 viri
333 3247 506 3339 plurimum
524 3247 675 3334 animosi,
692 3245 795 3318 lortcs
807 3266 945 3338 corpore
956 3255 990 3318 et
1001 3245 1138 3338 robusti,
1155 3249 1257 3319 armis
1269 3246 1395 3320 strenui

260 3351 293 3412 ct
310 3345 443 3415 nimimn
460 3342 617 3418 bellicosi.
643 3341 767 3416 Omnes
786 3346 985 3438 quatuoristi
1001 3343 1121 3418 fratres
1139 3354 1276 3441 aocepta
1295 3363 1395 3416 muco

259 3451 478 3534 perrexerunt
503 3442 717 3514 communiter
740 3441 824 3512 rdtra
837 3463 942 3530 mare,
960 3452 994 3513 et
1016 3453 1157 3536 agentes
1176 3445 1212 3514 in
1228 3443 1395 3537 principiis

259 3559 319 3632 pro
343 3561 403 3633 spe
420 3536 604 3612 Damiatam
630 3548 788 3635 ceperunt
811 3545 844 3608 ct
861 3550 988 3635 captam
1009 3539 1052 3612 ali
1096 3540 1242 3612 antulum
1267 3561 1396 3634 posse-

260 3635 387 3710 derunt.
429 3637 576 3710 Tandem
603 3635 768 3710 Robertus
795 3639 925 3708 incaute
953 3563 1137 3731 proeellas
1166 3661 1185 3712 a
1214 3637 1395 3710 Saracenis

260 3733 373 3810 dolosa
396 3735 524 3807 cautela
548 3757 622 3808 cum
644 3736 840 3826 octingentis
867 3731 978 3828 probis
1003 3733 1155 3810 militibus
1173 3747 1226 3810 est
1250 3738 1394 3808 occisus.

260 3831 408 3928 Cumque
424 3855 488 3905 rex
505 3855 579 3904 oum
596 3832 658 3904 alia
676 3843 768 3927 parte
785 3835 952 3904 exercitus
962 3832 1004 3904 ad
1014 3831 1137 3928 Egypti
1154 3843 1288 3906 ceteras
1306 3834 1395 3904 civi-

258 3939 344 4002 tates
362 3930 538 4027 capiendos
562 3928 749 4021 amatore,
774 3941 1049 4022 supercrescente
1071 3931 1174 4005 fluvio
1192 3929 1281 4022 Nilo,
1307 3929 1397 4002 lame

260 4037 293 4122 et
310 4025 417 4100 inedia
434 4031 582 4102 exercitu
598 4025 781 4118 laborante,
798 4026 988 4123 compulsus
1005 4027 1064 4101 luit
1080 4052 1144 4102 rex
1162 4051 1202 4104 se
1219 4051 1296 4102 urm
1315 4049 1394 4098 om-

259 4121 354 4200 nibus
373 4129 441 4202 suis
459 4129 638 4201 aversariis
655 4125 795 4198 tradere.
822 4124 891 4197 Sed
908 4124 1019 4200 divium
1040 4126 1248 4222 providentia
1272 4126 1393 4200 lamam

314 4247 343 4318 1)
362 4265 393 4305 m
414 4249 481 4308 oter
499 4248 576 4308 talliis
596 4247 639 4308 die
658 4249 699 4308 bs.
735 4247 766 4324 2)
785 4249 966 4310 aduocandum
984 4249 1025 4308 hs.
