2960 4832
357 225 531 282 llEllllllGUS
545 223 590 282 DE
605 223 868 282 omssttrtnovmt.
1142 225 1190 300 63

78 393 192 466 Deinde
209 397 304 468 venit
319 393 542 489 Magrmciam,
565 417 629 491 que
652 395 739 468 idem
755 395 841 468 iecit.
865 394 994 467 Deinde
1011 394 1140 468 vadens
1163 397 1283 470 in¹3⁴0

80 492 193 566 Ulmum
209 515 330 567 mense
346 499 493 586 ianuarii,
511 493 565 566 ubi
575 499 682 590 ipsum
692 496 809 587 viginti
819 503 887 568 tres
899 497 1047 568 deitates
1058 495 1196 586 Susum,

78 615 198 686 quarum
220 593 379 685 Augusta
402 597 556 688 precipua
581 603 643 683 est,
672 603 869 688 receperunt
891 604 925 664 et
948 615 987 666 se
1011 592 1053 664 ad
1079 613 1195 684 regem

77 687 218 762 llarolum
236 690 279 762 de
298 713 360 762 suo
377 695 530 762 scismate
554 701 797 763 converterunt.
825 689 910 762 Nem
926 694 959 762 in
977 693 1197 763 conversione

76 785 149 858 beati
164 788 254 860 Pauli
274 791 354 879 [ian.
366 788 429 879 25]
448 799 536 860 terre
554 800 660 862 motus
678 788 782 862 foetus
800 799 853 862 est
868 787 949 860 hora
966 810 1197 883 vesperarum,

77 888 121 978 qui
136 885 250 958 multos
267 890 383 958 terruit
400 899 433 958 et
448 888 547 958 multe
565 887 638 958 loce
656 884 828 975 subvertit,
844 890 878 956 in
895 885 1012 957 ducatu
1030 885 1197 956 Kerinthie

77 981 189 1054 l'illach
206 983 375 1079 oppidum
400 995 433 1056 et
449 985 548 1056 multo
566 994 674 1056 casua
692 1005 754 1056 seu
771 984 914 1056 ecclesie
932 993 1136 1070 corruemnt
1164 993 1197 1054 et

77 1079 295 1155 multamdaet
306 1104 427 1174 magna
435 1083 612 1154 mortalitas
620 1091 734 1175 postea
742 1080 918 1154 subsecuta
927 1092 1014 1172 sunt,
1032 1078 1196 1175 dequibus

75 1177 687 1273 ionainlocisdebiusveriuspctefier,
705 1177 968 1251 undehicadalia
979 1190 1195 1252 transeamus.

79 1327 232 1414 Quomodo
250 1335 388 1419 quidum
405 1328 582 1420 cooohicos
602 1332 853 1400 Comtootomir
869 1328 997 1414 sociate
1018 1349 1197 1402 serronem

161 1431 207 1498 od
227 1431 353 1499 olorum
371 1434 404 1500 to
422 1449 485 1518 quo
504 1429 752 1518 prophonooles
770 1432 874 1518 tettqit
893 1432 981 1518 ipsos
997 1433 1198 1500 scismaticos

160 1529 370 1617 oppollondo,
398 1531 503 1598 iussos
519 1535 605 1598 osto
623 1528 752 1616 otoldus,
770 1529 822 1595 ool
837 1529 926 1614 qood
941 1529 1029 1596 dicit
1042 1546 1198 1598 reoooorc

161 1627 210 1694 eet
225 1629 389 1696 ciuitatem
407 1628 506 1714 coire,
525 1633 557 1695 ot
571 1627 732 1712 quomodo
746 1627 853 1713 eroco,
871 1633 903 1694 ct
917 1627 1078 1714 quomodo
1090 1625 1197 1696 hono-

159 1725 250 1806 rifice
266 1731 439 1793 reoocotos
461 1731 510 1793 est
525 1743 588 1811 per
605 1725 742 1811 eosdem,
766 1730 798 1791 ot
813 1724 1059 1812 pernotatione
1075 1741 1198 1812 mopso

160 1827 233 1891 hooc
249 1825 406 1910 temporis
424 1825 457 1890 to
473 1824 599 1890 dicioris.

117 1953 208 2024 Anno
219 1952 368 2047 predicto
378 1955 551 2025 xl.octavo
563 1957 597 2024 in
608 1953 660 2024 die
672 1956 925 2027 circumcisionis
937 1952 1056 2024 domini
1068 1951 1197 2047 quidem

78 2053 235 2123 canonicus
243 2051 520 2140 t.“onstant1’ensisa
538 2051 662 2124 iaciens
674 2073 862 2123 sermonem
873 2055 906 2123 in
917 2051 1057 2128 eccesia
1074 2049 1197 2122 hathe-

78 2143 144 2218 dreli
160 2147 199 2218 ad
216 2149 345 2220 clerum
363 2147 405 2218 de
422 2147 542 2219 domini
560 2151 818 2238 circumcisione,
837 2147 1197 2244 comparavitpropha-

78 2253 177 2318 nentes
200 2245 371 2320 absolutos
396 2247 470 2318 sive
492 2247 645 2318 volentes
670 2243 799 2318 absolvi
815 2247 891 2336 illis,
915 2249 968 2341 qui
985 2249 1017 2315 in
1034 2249 1195 2340 primitive

79 2343 201 2414 ecclesia
218 2344 357 2436 legalia„
374 2347 407 2414 in
425 2341 540 2438 quibus
558 2355 667 2416 tamen
685 2367 780 2438 spem
796 2365 862 2414 non
879 2340 1056 2438 ponebant
1073 2339 1196 2414 obser-

79 2437 183 2512 vabant
204 2465 279 2514 cum
307 2442 511 2533 ewangelio„
536 2445 738 2515 scismaticos
756 2451 878 2530 autern,
906 2443 959 2535 qui
977 2437 1104 2511 absolvi
1121 2451 1200 2511 tuno

79 2537 618 2633 temporisrecusabanhutquidam
630 2544 662 2610 in
674 2540 814 2610 ecclesia
832 2537 1074 2610 Constantiensi
1095 2539 1198 2610 saneti

79 2631 329 2728 Stephanisencti
340 2635 571 2708 lobannisetin
581 2640 700 2708 ceteris
709 2634 1026 2708 ecclesiisomnibus.
1036 2633 1196 2730 inquibus

80 2730 171 2824 alqui,
187 2734 262 2807 licet
272 2757 342 2807 non
352 2756 481 2824 omnes,
493 2732 750 2828 prophanatum
762 2735 909 2828 expulsis
921 2733 1197 2806 tamenPredica-

80 2829 182 2904 toribus
199 2832 321 2904 decem
337 2835 430 2904 annis
448 2844 580 2928 propter
596 2830 848 2904 observanciam
865 2831 1036 2923 interdicti,
1060 2854 1196 2926 quorum

79 2936 138 2997 octo
153 2927 363 3002 morabantur
379 2935 412 3002 in
422 2927 692 3019 Diessenhovcna
710 2930 824 3023 reliqui
841 2929 927 3025 apud
944 2929 1083 3002 Schotos
1101 2940 1196 3014 extra

81 3045 173 3098 noros
195 3027 482 3117 Constantienses,
506 3038 643 3123 quatuor
665 3038 775 3099 temen
799 3025 950 3100 iratribus
974 3029 1007 3097 in
1031 3035 1196 3098 conventu

80 3119 305 3198 Prodicatomm
321 3123 566 3198 remanentibus
578 3149 617 3196 ao
627 3123 915 3218 prophanantibus,
933 3121 1048 3218 quibus
1060 3126 1152 3195 cives
1164 3133 1197 3193 et

81 3220 640 3317 calensprophanantibuslavehant.
659 3222 756 3294 Unde
767 3245 840 3294 cum
847 3221 1011 3316 predictus
1020 3225 1196 3293 canonieus

81 3319 262 3394 scismaticos
270 3319 478 3394 celebrantes
486 3321 793 3414 comparassetillis7
807 3324 860 3414 qui
871 3319 1196 3414 inprimitiveeccle-

82 3415 849 3512 siecumewengeliolegaliaobservabantspem
857 3416 1196 3512 ponendoineisdem„

82 3511 152 3582 unde
162 3519 206 3587 eis
214 3515 364 3588 Christus
381 3516 479 3588 nichil
488 3517 618 3610 proluit
636 3515 749 3588 dicens
764 3517 909 3590 similiter
918 3513 1194 3610 prophanantibus

83 3628 133 3678 nec
147 3609 268 3685 absolvi
285 3613 474 3686 volentibus
493 3613 657 3687 Christum
673 3614 718 3684 nil
735 3613 911 3708 prodessep
928 3637 1002 3685 eum
1019 3621 1196 3706 peccarent

82 3705 107 3774 in
120 3707 200 3782 illum
216 3711 385 3782 articulum
404 3721 437 3782 et
453 3735 551 3784 unam
563 3721 709 3784 sanctam
722 3711 917 3784 katholicam
934 3722 968 3782 et
984 3711 1195 3804 apostolicam

85 3804 251 3899 eccesiam
270 3808 359 3882 unde
369 3809 611 3904 prophanantes
630 3813 780 3882 commoti
798 3832 844 3882 ex
860 3809 1094 3882 assimilatione
1112 3828 1196 3899 pre-

83 3895 161 3994 dicta
177 3929 247 3978 eum
265 3911 439 3980 scismatici
451 3907 741 4000 essenrappcllau„
759 3905 822 3979 hoc
832 3906 917 4001 apud
924 3905 1078 3999 populum
1085 3900 1196 3995 publi-

85 3995 190 4092 mant,
206 4003 353 4078 dicentes
372 4027 411 4078 se
427 4015 556 4078 nonus
573 4003 616 4075 dc
633 4009 800 4095 scismate,
817 4025 975 4096 magnum
985 4022 1151 4074 rumorem
1162 4003 1197 4072 in

84 4099 402 4192 populosusc'tetant,
420 4114 592 4176 cessantes
604 4101 750 4176 edivinis
757 4125 817 4197 per
827 4101 975 4174 triduum.
988 4097 1084 4171 Unde
1092 4121 1193 4173 men-

87 4187 175 4270 dttum
189 4201 245 4274 fuit
265 4201 446 4296 predicanti
472 4223 533 4298 per
550 4206 655 4293 cives,
679 4211 713 4274 ut
730 4214 784 4274 aut
800 4199 966 4298 predicata
982 4196 1112 4295 publice
1128 4221 1193 4272 re-
