2960 4832
252 219 322 295 104
567 217 743 276 namucus
757 217 1079 275 capessendorum

162 407 233 466 1356
247 394 424 482 nominato,
441 391 470 464 si
479 391 581 463 nollet
592 388 810 463 Mindensem.
828 387 870 460 Et
885 412 970 485 papa
986 391 1114 485 utrique
1131 387 1323 482 denegavit
1339 391 1386 463 Et

247 492 295 562 sic
311 499 523 561 recesserumt
538 492 571 559 in
588 488 702 580 vigilia
719 489 821 562 sancti
838 486 1032 562 blicbabebs
1048 487 1184 584 predicti
1199 491 1314 560 nuntii.
1339 489 1385 561 Et

246 582 323 658 dum
337 585 514 660 venissent
529 609 590 680 per
606 584 688 659 duas
706 585 810 658 dietas
821 607 840 656 a
852 589 954 676 euna,
965 585 1136 680 predictus
1147 597 1261 660 eomes
1273 585 1385 658 babilo

246 686 357 756 nuntie
381 683 421 754 ab
443 687 640 778 imperatore
661 682 807 778 predicto
829 704 990 758 reversus
1015 694 1067 757 est
1088 683 1130 754 ad
1154 686 1289 755 curiam.
1313 683 1385 755 Sed

246 780 343 852 nichil
366 783 463 851 etiam
489 791 567 854 tunc
588 779 741 871 obtinuit,
770 783 833 854 nisi
860 782 947 876 quod
973 803 1057 876 popa
1083 781 1179 854 dixit:
1203 785 1385 870 procidere

245 898 280 950 ce
295 882 376 950 cette
393 883 527 951 eoeleste
546 881 784 952 Communem
805 883 853 951 od
876 883 1084 971 temeratoris
1101 899 1220 969 precer
1238 899 1385 968 peccem

248 1095 395 1238 Ortolitcr
411 1165 472 1217 ree
482 1149 599 1236 nuptie
615 1155 648 1217 et
662 1165 723 1216 rec
738 1148 879 1217 Froccte
895 1151 943 1218 od
959 1150 1094 1219 inuicem
1112 1149 1198 1219 betto
1213 1150 1391 1238 parebam

284 1243 286 1248 ’
345 1247 432 1316 etde
449 1247 635 1333 captivitate
652 1247 740 1333 repis
755 1246 905 1315 Fraccte
1164 1257 1168 1262 '

292 1388 374 1461 ltem
397 1408 514 1460 mense
542 1385 722 1482 septembri·
746 1412 832 1462 anno
856 1387 976 1460 domini
1003 1389 1197 1479 mccclvia
1221 1391 1290 1463 xiii.
1316 1391 1382 1462 lral.

242 1485 384 1560 octobris
392 1481 908 1577 liliusrcgisbnglieiniitbellum
916 1485 1232 1578 cuunlobannerege
1239 1486 1382 1561 Frende

243 1588 275 1654 in
293 1594 379 1656 terra
390 1583 640 1675 regisFrcncie,
658 1593 817 1677 etregem
828 1582 1007 1679 predictum
1019 1583 1163 1655 etlilium
1175 1607 1272 1656 suum
1284 1588 1381 1680 cepit

242 1680 285 1752 Et
300 1681 390 1753 multi
406 1679 482 1751 binc
497 1679 573 1751 inde
585 1691 660 1754 suut
670 1685 782 1770 occisi,
800 1684 928 1776 etcapti
938 1683 1028 1754 multi
1040 1685 1093 1776 qui
1104 1692 1198 1753 erant
1208 1706 1283 1754 cum
1295 1705 1383 1774 rege

241 1777 393 1868 Francie,
411 1787 445 1849 et
460 1788 626 1850 venerumt
638 1789 749 1850 contra
761 1779 861 1851 lilium
870 1782 963 1871 regis
973 1779 1112 1872 Anglie
1130 1779 1383 1874 quumncinbr-

242 1875 401 1964 mabatun
419 1876 513 1946 miles
530 1877 754 1969 inperterritus
773 1880 876 1975 etqui
891 1887 990 1948 antea
1008 1899 1179 1970 gwerram
1197 1881 1382 1973 inceperat,

241 1975 330 2045 utin
354 1973 434 2046 locis
457 1971 603 2066 pluribus
627 1977 789 2068 reperitur
812 1997 911 2069 supra
932 1975 1139 2069 descriptum.
1167 1974 1245 2046 Rex
1268 1987 1383 2047 autem

240 2069 365 2161 Anglie
381 2069 581 2160 Edwardum
599 2069 707 2143 audita
725 2075 859 2144 uictoria
879 2070 932 2143 filii
950 2075 1014 2160 sui„
1038 2072 1205 2144 convaluit
1221 2070 1264 2143 de
1282 2073 1383 2144 iufir-

241 2170 351 2238 mitate
369 2191 442 2258 sua,
460 2179 493 2238 ct
510 2169 633 2259 gratias
644 2167 838 2258 deorcudit„
855 2169 1007 2241 reterens
1025 2168 1085 2243 sibi
1102 2171 1274 2242 victoriam
1293 2171 1383 2266 quod

241 2276 306 2337 tam
322 2269 417 2360 pauci
436 2269 569 2340 sucrum
586 2273 708 2337 tantam
725 2265 958 2338 multitudinem
977 2265 1191 2339 debellarunt

244 2454 293 2524 Dc
310 2454 480 2524 discordie
502 2454 587 2523 inter
609 2451 786 2524 letantem
803 2455 1026 2525 marchionem
1042 2456 1200 2526 Morouic
1222 2464 1257 2526 ct
1280 2459 1383 2528 doces

340 2549 469 2622 Ammo
486 2547 519 2621 et
533 2551 685 2621 Bouario
708 2560 741 2621 et
760 2555 866 2623 mom
883 2556 924 2622 de
944 2555 1124 2624 concordio
1142 2557 1381 2643 predictorum.

299 2700 381 2773 Item
405 2698 523 2772 ecdem
540 2721 657 2773 mense
681 2711 715 2774 et
736 2713 885 2797 tempore
907 2702 1072 2776 lebannes
1096 2704 1253 2795 marchio,
1277 2706 1382 2788 irater

241 2798 352 2870 Karcli
373 2801 579 2893 imperatoris
606 2801 721 2892 quoru,
745 2823 865 2892 magna
890 2798 1030 2895 dampna
1055 2803 1158 2873 intulit
1173 2802 1329 2875 Bawaris
1347 2816 1382 2878 et

239 2893 449 2969 Australibus
472 2918 534 2990 per
555 2895 741 2969 incendium
765 2907 798 2969 et
819 2902 964 2993 rapinae
987 2897 1075 2970 unde
1092 2921 1214 2991 magna
1235 2899 1380 2998 dampna

240 3003 317 3066 sunt
326 3003 449 3066 secuta.
461 2991 867 3068 NamdcminusAlbertus
875 2993 1086 3070 duxAustrie
1097 3007 1133 3068 et
1141 2996 1262 3070 domini
1274 2999 1380 3074 duces

238 3091 406 3183 Bawarie„
424 3090 780 3166 videlicetLudeuicus
792 3092 1017 3188 etStepbanus
1029 3092 1225 3168 etAlbertus
1242 3097 1381 3190 fratr-ee,

135 3196 138 3202 “
239 3213 313 3260 cum
331 3188 710 3282 aruerilioregisUngarie
727 3188 937 3263 intendebant
954 3213 992 3264 se
1009 3185 1208 3266 vindicasse.
1227 3193 1297 3266 Sed
1315 3219 1381 3268 rex
1471 3203 1472 3252 l

238 3287 386 3378 Ungarie
396 3291 594 3382 intercepit,
613 3297 646 3358 et
656 3286 876 3359 marchionem
883 3287 1063 3360 Wiennam
1073 3289 1237 3384 perduxit,
1256 3285 1379 3366 eteum

238 3405 312 3454 cum
330 3383 413 3455 duee
430 3384 566 3456 Austrie
584 3383 722 3457 Alberto
744 3388 777 3457 in
795 3389 1010 3481 cemisprivic
1030 3385 1110 3476 [leb.
1129 3387 1193 3479 21]
1213 3393 1291 3461 anm
1309 3391 1377 3462 lvii.

238 3481 337 3575 plene
354 3480 574 3554 concordavit.
1099 3499 1102 3505 “
1471 3499 1472 3520 ’

239 3659 291 3729 De
306 3667 479 3828 tetrcppptu
496 3667 529 3730 et
542 3663 584 3731 dc
594 3664 693 3732 mico
703 3663 832 3733 Bocttec
842 3667 1025 3736 etotiorum
1035 3674 1218 3736 coetorum
1228 3669 1377 3739 mamni-

335 3777 391 3828 coc
444 3777 519 3828 mm

285 3903 366 3976 ltem
391 3925 508 3976 mense
531 3899 672 3976 octobris
691 3925 777 3974 cunno
801 3903 946 4000 predicto
963 3907 1020 3977 lvi.
1039 3909 1071 3977 in
1089 3906 1142 3978 dic
1161 3911 1264 3981 saneti
1282 3871 1373 3982 Luce
1471 3955 1472 3962 κ

236 4001 457 4092 ewangeliste
477 4003 553 4092 [oct.
574 4001 636 4092 18]
661 4013 735 4095 pest
757 4001 928 4095 prandium
952 4013 986 4074 et
1008 4013 1084 4074 ante
1100 4027 1263 4100 vesperas
1281 4013 1377 4079 venit

239 4109 434 4172 terremotus
445 4098 797 4190 magnuscmsuntie,
815 4109 849 4171 et
864 4111 980 4196 postea
998 4101 1116 4174 eadem
1134 4102 1186 4172 die
1204 4101 1268 4175 duo
1280 4109 1376 4208 parvi

276 4227 306 4298 l)
321 4227 474 4293 intercessit
488 4228 567 4284 sollte
582 4245 612 4284 ea
626 4227 700 4285 wobl
715 4228 830 4296 beisseo.
