3036 4822
252 209 325 284 328
515 205 682 264 onnomm
702 207 896 267 rmusuumr
915 207 1113 266 srnmsmu.

252 383 403 454 tenendo.
431 383 502 454 Heo
518 386 626 452 omnia
644 386 676 452 in
695 384 800 474 gestis
812 380 1027 474 Francorum
1045 385 1175 456 cronica
1187 382 1377 456 Martiniena

252 490 285 551 et
303 482 422 552 ceteris
439 479 600 552 chronicis
618 479 809 574 plenissime
827 485 946 575 scripta
963 484 1179 577 reperiuntur.
1497 493 1498 496 ’

300 576 382 648 ltem
410 575 662 666 attendendum5
689 576 775 671 quod
802 579 880 650 mbs
908 578 1002 672 Spira
1031 581 1205 673 antiquitus
1232 579 1379 652 Nemetis
1497 625 1498 630 ,

252 674 419 748 dicebatur
436 685 470 760 et
486 684 580 745 extra
599 697 710 748 muros
728 676 878 748 eiusdem
895 679 1034 748 civitatis
1052 687 1124 746 eret
1140 675 1296 749 adiacens
1313 699 1380 771 pu·
1497 733 1498 736 ,

252 796 316 865 gus
335 771 585 866 nomineSpirs„
604 795 701 866 quem
713 772 902 864 liudigerus
921 776 1111 865 trigesimus
1124 773 1274 846 eiusdem
1293 773 1379 846 urhis
1497 843 1498 858 ff

252 874 439 964 episcopus„
448 873 500 964 qui
508 869 804 943 etiluonomannus
813 869 1106 962 cognominabatur
1114 868 1380 962 [tots-tosol,

252 970 353 1040 muris
371 978 405 1038 et
421 967 553 1040 fossatis
572 969 688 1039 muniri
706 969 869 1040 constituit
879 991 918 1040 ac
929 971 960 1038 in
975 970 1140 1039 civitatem
1156 966 1301 1060 redegit,
1318 989 1381 1062 que

252 1076 326 1160 post
343 1075 376 1136 et
393 1087 498 1160 usquo
515 1065 557 1136 ad
575 1087 715 1161 presens
734 1087 854 1136 nomen
873 1064 967 1159 Spira
986 1068 1097 1138 sortito
1116 1075 1177 1137 est.
1497 1145 1498 1150 η

300 1162 504 1236 Athanasius
531 1167 550 1234 i.
576 1165 717 1236 ecclesie
738 1163 912 1235 Nemetine
936 1165 1111 1256 episcopus
1135 1163 1261 1236 resedit
1283 1167 1317 1234 in
1341 1187 1383 1234 ea
1497 1151 1498 1212 ἶ

252 1264 346 1333 annis
363 1261 408 1332 xl.
448 1259 497 1332 Eo
515 1273 662 1356 tempore
687 1264 719 1332 in
738 1263 868 1332 civitate
886 1259 1132 1352 Wongiouumq
1157 1260 1255 1332 modo
1274 1258 1382 1332 Wor-

252 1361 349 1431 matio
378 1359 558 1453 appellata„
587 1369 658 1429 erat
686 1357 785 1430 sedes
814 1359 1080 1452 metropolitanaq
1111 1380 1208 1452 quam
1236 1379 1280 1429 ex
1308 1369 1382 1453 post

252 1455 434 1548 Gregorius
452 1479 536 1552 papa
553 1459 667 1530 tertius
685 1456 889 1528 transhrlitin
901 1455 1117 1548 Maguntiam
1134 1443 1189 1526 uhi
1206 1475 1382 1528 nuncma-

251 1565 320 1645 net,
342 1554 449 1626 eidem
467 1567 615 1628 sanctum
632 1553 834 1625 Bonifacium
851 1553 1051 1647 prehoiendo
1069 1551 1111 1625 oh
1130 1554 1254 1624 crimen
1270 1551 1383 1625 homi-

252 1653 336 1743 cidit,
362 1653 446 1748 quod
471 1652 652 1742 (ierrilio¹7
679 1663 756 1723 tune
779 1650 1044 1745 archiepiscopus
1068 1649 1296 1743 Wangionum
1321 1671 1382 1723 seu

222 1823 227 1832 k
252 1749 557 1841 Wonnatiensium,
576 1753 704 1844 propria
724 1771 821 1820 manu
832 1747 1021 1842 patricidam
1035 1770 1131 1820 suum
1144 1747 1383 1834 interficiendo.v
1497 1805 1498 1844 p

250 1851 461 1942 perpetravit.
1497 1857 1498 1888 t

301 1943 501 2038 Dragebodo
525 1951 555 2018 ii.
581 1949 722 2020 ecclesie
741 1947 915 2018 Nemetine
939 1949 1113 2038 episeopus
1137 1944 1261 2017 resedit
1285 1949 1319 2016 in
1344 1967 1384 2016 es

252 2047 346 2117 annis
365 2045 430 2116 viii.
458 2045 541 2116 Huic
558 2043 792 2136 Dragehodoni
810 2046 966 2137 episcopo
983 2041 1383 2114 llddericusFranoomtm

251 2165 311 2214 rex
336 2139 421 2212 hanc
444 2144 653 2214 emunitatem
678 2141 784 2230 dedit,
808 2152 843 2212 ut
865 2138 907 2209 de
931 2141 1030 2212 ourhs
1058 2149 1092 2210 et
1113 2137 1297 2212 hominihus
1321 2161 1384 2211 sue

252 2240 395 2311 ecclesie
418 2240 496 2312 nihil
520 2241 702 2332 requiratur
725 2248 781 2309 aut
805 2241 957 2328 exigatur
981 2260 999 2306 a
1025 2257 1231 2331 quocunque,
1258 2233 1319 2309 sed
1343 2235 1384 2308 ab

251 2339 339 2408 omni
357 2357 410 2424 eoq
429 2337 515 2432 quod
533 2336 614 2408 fiseo
632 2335 728 2424 cedit
746 2357 886 2408 emunes
905 2337 1085 2406 consistant
1102 2345 1134 2404 et
1150 2333 1349 2407 resideant.²

300 2433 441 2509 Besinus
469 2437 510 2506 iii.
540 2433 683 2506 ecclesie
712 2432 885 2505 Nemetine
920 2435 1095 2525 episcopus
1129 2430 1253 2505 resedit
1282 2435 1316 2502 in
1344 2455 1384 2506 es

252 2551 346 2606 annis
364 2535 430 2604 voi,

300 2627 455 2701 Lattoiiii.
468 2633 611 2704 ecclesie
622 2629 796 2702 Nemetine
815 2634 988 2724 episcopus
1001 2627 1123 2701 resedit
1133 2632 1166 2698 in
1178 2651 1217 2698 eo
1229 2633 1329 2702 annm
1336 2633 1384 2702 xi.

300 2729 480 2821 Principius
507 2751 539 2800 v.
566 2729 708 2800 ecclesie
734 2727 907 2799 Nemetine
935 2729 1110 2820 episcopus
1136 2724 1317 2800 reseditin
1343 2749 1384 2798 sa

251 2827 361 2898 annisi
390 2847 463 2896 xxv
491 2827 572 2899 alias
595 2849 628 2897 x.
666 2825 771 2896 Huius
799 2825 940 2918 presulis
968 2821 1167 2918 temporibus
1195 2821 1383 2915 sigibertus

250 2921 452 2994 Franconrm
476 2945 538 2994 rex
562 2921 603 2994 oh
620 2925 761 2996 salutem
778 2924 886 2994 anime
912 2943 973 2994 sue
990 2932 1025 2992 et
1040 2924 1249 2994 antenorem
1263 2930 1384 3013 regino

252 3019 413 3113 quondam
432 3031 603 3114 parentum
622 3043 756 3093 suorum
774 3020 920 3091 decimas
937 3023 1081 3090 omnium
1105 3017 1238 3110 hugum
1255 3029 1322 3091 tam
1341 3018 1384 3092 de

251 3139 394 3206 annona„
417 3141 514 3213 quam
538 3118 580 3188 de
605 3121 702 3208 vinc„
727 3117 838 3208 melle„
862 3117 1046 3206 frumentis,
1070 3119 1191 3209 porois,
1216 3137 1314 3210 quan
1340 3116 1383 3186 de

251 3219 339 3288 omni
355 3218 488 3309 reliqua·
499 3216 661 3290 solutione
673 3216 713 3286 nd
726 3215 841 3288 hseum
859 3217 998 3290 suumin
1010 3233 1101 3308 pago
1109 3211 1258 3308 Spirensi
1275 3234 1383 3307 spec·-

250 3323 358 3385 tantos
376 3314 502 3408 prolate
520 3313 664 3387 ecclesie
682 3313 854 3404 Nomstine
872 3311 958 3384 dono
976 3310 1111 3384 donavit
1127 3329 1190 3383 seu
1207 3309 1323 3384 dedus
1369 3357 1372 3367 ·

298 3409 409 3481 David
426 3415 470 3481 vi.
489 3412 632 3482 ecclesie
649 3407 824 3482 Nemetine
841 3413 1016 3504 episcopus
1034 3407 1159 3480 resedit
1175 3413 1210 3480 in
1227 3431 1268 3480 es
1287 3414 1387 3484 annis

250 3509 431 3580 xviiielias
450 3510 516 3580 viii.
943 3545 947 3556 ·
1153 3533 1155 3540 v
1330 3564 1331 3572 ,
1363 3550 1366 3559 1

299 3603 508 3696 sigewinus⁵
528 3609 581 3677 vii.
601 3607 743 3679 ecclesie
762 3605 935 3676 Nemetine
955 3609 1129 3699 episcopus
1147 3605 1272 3678 resedit
1288 3609 1323 3678 in
1339 3615 1382 3676 'so

250 3705 445 3776 annisxtviis
517 3747 537 3776 a
589 3771 591 3776 ,
631 3750 635 3756 -
823 3730 848 3775 ·-,
1055 3733 1059 3739 ·
1257 3748 1260 3758 1
1315 3713 1352 3776 ri..

300 3800 965 3893 AtozviiieoolesieNemetiueepiseopus
978 3799 1381 3874 reseditineaonnism'iir

297 3891 447 3991 Fraydo⁶
472 3901 548 3969 viiii.
574 3898 716 3970 ecclesie
737 3897 911 3969 Nemetins
936 3901 1111 3993 episcopus
1135 3896 1260 3970 resedit
1283 3900 1317 3970 in
1342 3919 1383 3969 ea

271 4097 292 4132 π
321 4073 350 4141 1)
367 4074 444 4131 Eoo:
464 4033 608 4142 ,dedorim
634 4073 694 4131 We
712 4072 839 4131 Geriodio
863 4073 932 4130 oder
950 4072 1092 4142 Gerioolm
1118 4020 1211 4132 hone:
1229 4034 1389 4146 dedentio..

248 4144 420 4213 atttendas
444 4143 585 4212 tto.1‚2.
622 4144 653 4210 3)
679 4144 754 4202 anuis
781 4143 853 4200 iehlt.
889 4144 920 4212 4)
946 4143 1067 4214 naming
1085 4139 1182 4212 ost
1201 4143 1228 4202 1.
1263 4145 1296 4214 ⁵)
1318 4143 1395 4202 tice.

249 4211 412 4285 Bigerricus.
449 4215 480 4282 6)
500 4214 561 4269 W.:
580 4213 678 4270 Draido
699 4216 766 4270 oder
784 4214 887 4270 Posido.
1258 4260 1262 4268 .
1395 4234 1398 4246 ·
